2764 4738
872 429 1602 496 PROLEGOMENA.
2032 454 2244 500 zxxm

186 605 399 669 monio
467 614 715 669 constet
772 602 1028 667 eundem
1099 623 1238 668 esse
1302 601 1657 669 Labeonem
1731 613 1908 688 atque
1973 603 2235 684 Attium,

192 707 511 789 quaeritur
538 725 701 768 anne
730 705 885 770 alius
917 702 1127 769 Labeo
1155 705 1583 791 intelligendus
1614 706 1731 785 sit,
1779 716 1843 771 et
1870 706 2029 771 sicut
2054 705 2240 793 Poly·

193 810 407 872 damas
435 818 501 872 et
530 806 840 871 Troiades
870 807 1338 891 proverbialiter
1366 829 1449 871 ex
1480 807 1730 873 Homeri
1760 804 1904 872 noto
1933 809 2070 874 loco
2092 854 2110 887 ,
2155 810 2240 873 ita

194 907 416 974 Labeo
473 929 557 973 ex
601 906 860 972 Horatio
902 908 1049 995 (sat.
1084 907 1137 988 l,
1172 908 1238 988 3,
1271 907 1386 991 82)
1432 921 1734 975 assumtus
1781 911 1882 974 sit.
1962 908 2081 992 Qui
2121 908 2239 976 hoc

192 1013 517 1076 affirmavit
576 1009 973 1076 Schindlerus
1033 1012 1297 1094 (meditt.
1357 1023 1422 1076 et
1466 1013 1751 1078 observv.
1799 1011 1982 1076 iurid.
2032 1012 2107 1075 ad
2151 1013 2233 1076 A.

194 1111 477 1178 Persium
534 1134 703 1198 spec.
748 1135 808 1178 c.
855 1110 895 1175 3
939 1134 999 1197 p.
1032 1111 1118 1179 29
1146 1115 1346 1198 sqq.)‚
1408 1115 1468 1178 id
1514 1135 1748 1198 quoque
1793 1113 2068 1177 obtinere
2113 1123 2239 1176 stu·-

195 1217 354 1293 duit,
402 1214 717 1279 Horatium
751 1236 875 1279 non
905 1215 1359 1281 celeberrimum
1390 1212 1600 1281 ICtum
1635 1216 1966 1281 Antistium
1999 1213 2242 1280 Labeo-
2332 1294 2342 1300 .

198 1339 338 1382 nem
370 1327 616 1382 notasse
647 1329 713 1382 ut
738 1317 1053 1397 insanum,
1093 1317 1201 1382 sed
1233 1319 1486 1383 eundem
1511 1363 1530 1395 ,
1576 1338 1748 1402 quem
1779 1316 2067 1395 Persius,
2113 1327 2242 1382 sto·-

195 1422 385 1485 lidum
426 1429 664 1503 poetam
708 1419 940 1484 Attium
985 1417 1363 1484 Labeonem.
1418 1417 1621 1504 Atque
1654 1420 1800 1484 haec
1830 1420 2068 1502 quidem
2099 1440 2242 1485 sen-

197 1522 393 1587 tentia
438 1522 558 1585 erit
597 1522 927 1600 mittenda,
986 1522 1387 1587 nec‘omnino
1414 1567 1432 1599 ‚
1494 1541 1808 1605 quemnam
1863 1521 2243 1586 intellexerit

195 1622 529 1701 Horatius,
588 1644 882 1707 quaerere
924 1614 1022 1688 bic
1066 1624 1306 1689 attinet.
1379 1620 1546 1687 Satis
1592 1634 1724 1700 est,
1773 1621 2086 1687 Horatium
2116 1619 2240 1687 La·

195 1726 413 1791 beonis
458 1726 699 1791 nomine
745 1727 818 1789 ad
862 1726 1138 1790 insanum
1181 1724 1478 1808 quendam
1533 1725 1862 1789 notandum
1908 1728 2032 1803 uti,
2079 1725 2241 1809 quod

197 1829 373 1892 simili
405 1829 644 1892 ratione
675 1829 947 1894 adhibuit
973 1826 1247 1892 Persius.
1310 1825 1543 1893 Verum
1588 1826 1703 1892 boc
1734 1827 2072 1911 ambiguum
2105 1837 2236 1891 estz

199 1930 462 1996 debebat
488 1941 689 1995 tamen
719 1931 794 1996 de
841 1928 893 1993 F
898 1931 1148 2014 ulgentii
1191 1929 1307 1994 fide
1350 1929 1589 1993 dubium
1650 1930 1920 2009 moveri3
1990 1929 2146 2011 quod
2188 1929 2243 1994 si

195 2035 418 2098 iustum
450 2044 545 2098 est
566 2078 586 2111 ,
627 2034 701 2096 de
730 2033 906 2096 Attio
938 2032 1041 2097 illo
1072 2033 1321 2116 eiusque
1352 2030 1544 2097 Iliade
1574 2052 1825 2117 prorsus
1856 2031 2002 2095 nibil
2034 2040 2240 2095 notum

198 2148 294 2202 est
329 2146 378 2199 ¹.
444 2133 736 2201 Ceterum
778 2132 1109 2200 Homerica
1137 2147 1497 2221 argumenta
1530 2145 1594 2197 ut
1621 2136 1972 2217 frequenter
1999 2133 2242 2197 omniuo

196 2238 463 2304 Romani
506 2249 723 2322 poetae
764 2237 1130 2302 carminibus
1170 2245 1597 2316 tractarunt2,
1646 2237 1731 2300 ita
1770 2234 1975 2300 Persii
2006 2254 2241 2320 quoque

196 2353 472 2427 tempore
528 2339 722 2407 Nero·
764 2339 1008 2425 scripsit
1079 2339 1349 2420 Troica,
1424 2337 1715 2406 Lucanus
1770 2337 1956 2404 Iliaca
2011 2336 2235 2424 (schol.

198 2444 363 2511 Stat.
418 2443 621 2510 Theb.
670 2438 788 2521 111,
820 2440 971 2509 642.
1020 2439 1137 2520 vl,
1173 2441 1321 2509 312.
1371 2445 1454 2518 ef.
1494 2439 1654 2507 Stat.
1693 2440 1850 2508 Silv.
1883 2437 1969 2520 11,
2003 2439 2068 2521 7,
2103 2438 2237 2525 54).

197 2547 582 2613 Gravissima
623 2555 824 2610 autem
868 2546 1144 2628 quaestio
1203 2546 1399 2610 oritur
1456 2545 1529 2609 de
1586 2545 1696 2623 iis,
1751 2564 1905 2628 quae
1960 2554 2243 2627 tanquam

194 2650 505 2714 luculenta
536 2645 812 2731 exempla
842 2647 1038 2711 mollis
1069 2658 1133 2712 et
1161 2648 1441 2714 enervati
1471 2647 1757 2713 carminis
1788 2647 1965 2711 affert
1992 2642 2244 2710 Persius

197 2756 291 2836 (v.
318 2748 403 2817 91
422 2753 615 2835 sqq.).
673 2747 932 2814 Poterat
959 2749 1094 2815 sine
1128 2750 1305 2815 dubio
1338 2752 1480 2815 talia
1512 2752 1641 2835 ipse
1675 2750 1995 2833 effingere,
2030 2747 2243 2830 quibus

198 2854 371 2938 quasi
402 2852 661 2936 quodam
693 2853 971 2936 exemplo
1013 2849 1161 2917 vit'ia
1204 2863 1737 2936 repraesentaret,
1787 2871 1998 2915 verum
2041 2859 2245 2913 tamen

198 2978 323 3022 non
370 2965 574 3041 potest
617 2955 871 3037 negari,
918 2955 1208 3020 maiorem
1254 2956 1373 3020 vim
1419 2955 1641 3019 babere
1686 2952 1974 3031 satiram,
2033 2961 2094 3015 et
2140 2970 2247 3035 per

199 3078 268 3123 se
312 3057 510 3141 magis
554 3067 1030 3121 consentaneum
1076 3075 1248 3134 esse,
1297 3056 1350 3119 si
1392 3078 1608 3122 versus
1662 3067 1877 3141 poetae
1938 3054 2243 3120 cuiusdam

199 3160 480 3225 omnibus
513 3158 642 3222 noti
670 3168 850 3241 atque
881 3158 1130 3222 multum
1165 3159 1459 3224 celebrati
1500 3157 1948 3237 afferebantur,
1995 3167 2059 3220 et
2098 3157 2243 3219 effu-

267 3350 319 3399 iu
356 3347 628 3411 Fulget-tii
664 3347 907 3398 iniuriam
942 3346 1156 3409 videar,
1194 3362 1381 3398 vereor
1419 3356 1623 3411 tamen,
1663 3364 1725 3398 ue
1761 3348 1887 3399 baec
1922 3360 2121 3413 quoque
2158 3361 2246 3394 no-

267 3418 387 3468 titia
423 3417 490 3467 ad
530 3415 854 3480 Fulgentium
903 3416 1176 3468 referenda
1214 3417 1320 3480 sit,
1384 3424 1442 3468 ut
1477 3418 1631 3469 etiam
1669 3416 1752 3467 bic
1789 3414 2018 3467 fraudem
2057 3414 2244 3476 egerit,

267 3488 355 3554 qui
407 3486 461 3536 in
510 3485 718 3537 comicis
766 3486 930 3552 poetis
975 3486 1294 3552 proferendis
1340 3489 1470 3538 mire
1519 3486 1620 3537 sibi
1656 3485 1870 3552 placuit.
1932 3482 2076 3534 Unde
2113 3482 2248 3533 illud

267 3570 451 3607 nmen
503 3562 672 3606 ortum
721 3555 823 3611 sit,
869 3561 1158 3605 monstrare
1205 3554 1429 3607 fortasse
1483 3556 1672 3622 poterit
1721 3553 1884 3606 schol.
1936 3552 1999 3602 ad
2052 3566 2103 3602 v.
2156 3551 2244 3603 93.

270 3624 460 3676 Locum
498 3623 734 3675 Suetonii
772 3622 982 3685 (Domit.
1012 3623 1133 3687 10):
1177 3623 1388 3676 Occidit
1421 3629 1479 3675 et
1514 3623 1811 3674 Helvidium
1832 3621 2021 3686 filium
2037 3657 2056 3682 ,
2095 3621 2252 3686 quast·

267 3696 478 3744 scenico
513 3691 711 3743 exodio
748 3693 846 3742 sub
877 3707 1111 3757 persona
1148 3692 1364 3742 Paridis
1399 3697 1457 3742 et
1491 3694 1724 3744 Oenones
1759 3691 2050 3741 divortium
2087 3704 2247 3739 suum

271 3779 392 3813 eum
430 3777 610 3812 uxore
648 3765 897 3812 laxasset
908 3770 938 3824 ,⁸
969 3761 1069 3812 buc
1103 3761 1360 3828 pertinere
1398 3778 1494 3812 non
1531 3760 1843 3828 putaverim.

210 3851 228 3902 1
274 3850 381 3899 Cur
415 3846 807 3900 wernadorfins
843 3845 1027 3908 (Poett.
1070 3847 1212 3897 Latt.
1251 3847 1373 3898 min.
1420 3854 1457 3896 t.
1489 3845 1556 3899 lv
1580 3863 1624 3912 p.
1658 3845 1782 3909 578)
1818 3845 2015 3896 Attium
2053 3843 2245 3895 Labeo-

271 3934 384 3970 uom
417 3916 587 3969 ninlto
622 3916 961 3982 antiquiorem
1001 3915 1209 3979 Persio,
1262 3916 1324 3966 ab
1374 3930 1534 3982 eoque
1585 3916 1645 3966 ob
1683 3919 1894 3966 vetusta
1929 3922 1984 3965 et
2017 3914 2248 3964 obsoleta

270 3987 520 4038 vocabula
557 3991 609 4035 et
646 3998 885 4050 asperam
919 3985 1193 4062 dictionem
1230 3984 1595 4050 reprehensum
1632 3984 1923 4050 putaverit,
1963 3982 2153 4034 nescio.

205 4076 237 4125 2
268 4074 348 4125 Cf.
388 4070 785 4126 Wernsdorflu's
815 4069 983 4121 Poett.
1020 4059 1161 4123 La'tt.
1198 4069 1322 4120 min.
1362 4077 1403 4121 t.
1432 4068 1500 4122 lV
1532 4086 1581 4136 p.
1624 4069 1721 4121 567
1743 4083 1854 4137 sqq.
1904 4067 2145 4120 Osauuus
2183 4068 2247 4119 ad

265 4144 413 4212 Apul.
445 4159 498 4211 p.
524 4142 690 4208 2⁹:11.
727 4137 1006 4193 Merkelius
1029 4141 1095 4193 ad
1122 4139 1274 4193 ovid.
1304 4139 1377 4191 lb.
1404 4156 1454 4208 p.
1482 4139 1581 4194 375
1601 4154 1711 4206 sqq.
