<?xml version="1.0" encoding="UTF-8"?>
<!DOCTYPE html PUBLIC "-//W3C//DTD XHTML 1.0 Transitional//EN"
    "http://www.w3.org/TR/xhtml1/DTD/xhtml1-transitional.dtd">
<html xmlns="http://www.w3.org/1999/xhtml" xml:lang="en" lang="en">
 <head>
  <title>
</title>
<meta http-equiv="Content-Type" content="text/html;charset=utf-8" />
  <meta name='ocr-system' content='tesseract 3.04.00' />
  <meta name='ocr-capabilities' content='ocr_page ocr_carea ocr_par ocr_line ocrx_word'/>
</head>
<body>
  <div class='ocr_page' id='page_1' title='image "./satirarumliberc01jahngoog_0392.png"; bbox 0 0 2764 4738; ppageno 0'>
   <div class='ocr_carea' id='block_1_1' title="bbox 873 422 2196 498">
    <p class='ocr_par' dir='ltr' id='par_1_1' title="bbox 873 422 2196 498">
     <span class='ocr_line' id='line_1_1' title="bbox 873 422 2196 498; baseline 0.002 -13"><span class='ocrx_word' id='word_1_1' title='bbox 873 423 1040 487; x_wconf 80' lang='lat' dir='ltr'>SAT.</span> <span class='ocrx_word' id='word_1_2' title='bbox 1073 424 1169 498; x_wconf 89' lang='lat'>111,</span> <span class='ocrx_word' id='word_1_3' title='bbox 1210 429 1486 490; x_wconf 81' lang='lat'>85—92.</span> <span class='ocrx_word' id='word_1_4' title='bbox 2075 422 2196 490; x_wconf 82' lang='lat'>161</span> 
     </span>
    </p>
   </div>
   <div class='ocr_carea' id='block_1_2' title="bbox 174 593 2304 676">
    <p class='ocr_par' dir='ltr' id='par_1_2' title="bbox 174 593 2304 676">
     <span class='ocr_line' id='line_1_2' title="bbox 174 593 2304 676; baseline 0 -21"><span class='ocrx_word' id='word_1_5' title='bbox 174 597 221 666; x_wconf 82' lang='lat'>1,</span> <span class='ocrx_word' id='word_1_6' title='bbox 260 601 390 658; x_wconf 79' lang='lat'>151.</span> <span class='ocrx_word' id='word_1_7' title='bbox 420 593 579 656; x_wconf 84' lang='lat' dir='ltr'>Serv.</span> <span class='ocrx_word' id='word_1_8' title='bbox 610 593 682 654; x_wconf 86' lang='lat' dir='ltr'>ad</span> <span class='ocrx_word' id='word_1_9' title='bbox 713 595 876 675; x_wconf 84' lang='lat' dir='ltr'>Virg.</span> <span class='ocrx_word' id='word_1_10' title='bbox 909 594 1119 676; x_wconf 80' lang='lat' dir='ltr'>Georg.</span> <span class='ocrx_word' id='word_1_11' title='bbox 1150 597 1219 668; x_wconf 85' lang='lat'>11,</span> <span class='ocrx_word' id='word_1_12' title='bbox 1250 601 1359 660; x_wconf 79' lang='lat'>49.</span> <span class='ocrx_word' id='word_1_13' title='bbox 1393 595 1662 656; x_wconf 83' lang='lat' dir='ltr'>Antonin.</span> <span class='ocrx_word' id='word_1_14' title='bbox 1694 595 1792 668; x_wconf 87' lang='lat' dir='ltr'>IV,</span> <span class='ocrx_word' id='word_1_15' title='bbox 1822 600 1887 669; x_wconf 75' lang='lat'>4)</span> <span class='ocrx_word' id='word_1_16' title='bbox 1920 599 2198 668; x_wconf 86' lang='lat' dir='ltr'>centurio,</span> <span class='ocrx_word' id='word_1_17' title='bbox 2301 611 2304 614; x_wconf 88' lang='grc'><strong><em>·</em></strong></span> 
     </span>
    </p>
   </div>
   <div class='ocr_carea' id='block_1_3' title="bbox 152 681 2280 4239">
    <p class='ocr_par' dir='ltr' id='par_1_3' title="bbox 160 681 2198 2038">
     <span class='ocr_line' id='line_1_3' title="bbox 173 681 2197 762; baseline 0.001 -22"><span class='ocrx_word' id='word_1_18' title='bbox 173 692 241 740; x_wconf 85' lang='lat' dir='ltr'>ut</span> <span class='ocrx_word' id='word_1_19' title='bbox 270 700 433 762; x_wconf 84' lang='lat' dir='ltr'>saepe</span> <span class='ocrx_word' id='word_1_20' title='bbox 462 683 708 760; x_wconf 86' lang='lat' dir='ltr'>repetito</span> <span class='ocrx_word' id='word_1_21' title='bbox 741 701 865 740; x_wconf 79' lang='lat' dir='ltr'>voc.</span> <span class='ocrx_word' id='word_1_22' title='bbox 898 683 1055 741; x_wconf 77' lang='lat' dir='ltr'>niln’l</span> <span class='ocrx_word' id='word_1_23' title='bbox 1076 683 1246 741; x_wconf 89' lang='lat' dir='ltr'>risum</span> <span class='ocrx_word' id='word_1_24' title='bbox 1279 692 1493 760; x_wconf 83' lang='lat' dir='ltr'>captet,</span> <span class='ocrx_word' id='word_1_25' title='bbox 1525 683 1605 741; x_wconf 77' lang='lat' dir='ltr'>cs.</span> <span class='ocrx_word' id='word_1_26' title='bbox 1640 681 1684 753; x_wconf 84' lang='lat'>1,</span> <span class='ocrx_word' id='word_1_27' title='bbox 1714 686 1820 744; x_wconf 89' lang='grc'>27.</span> <span class='ocrx_word' id='word_1_28' title='bbox 1869 683 2109 741; x_wconf 74' lang='lat' dir='ltr'>Pallet-e</span> <span class='ocrx_word' id='word_1_29' title='bbox 2126 682 2197 742; x_wconf 89' lang='lat' dir='ltr'>de</span> 
     </span>
     <span class='ocr_line' id='line_1_4' title="bbox 170 765 2192 850; baseline 0 -25"><span class='ocrx_word' id='word_1_30' title='bbox 170 765 475 826; x_wconf 81' lang='lat' dir='ltr'>studiorum</span> <span class='ocrx_word' id='word_1_31' title='bbox 516 766 886 839; x_wconf 70' lang='lat' dir='ltr'>assiduitate,</span> <span class='ocrx_word' id='word_1_32' title='bbox 926 787 981 826; x_wconf 81' lang='lat' dir='ltr'>v.</span> <span class='ocrx_word' id='word_1_33' title='bbox 1032 765 1104 825; x_wconf 85' lang='lat' dir='ltr'>ad</span> <span class='ocrx_word' id='word_1_34' title='bbox 1147 767 1190 839; x_wconf 88' lang='grc' dir='ltr'>Ι,</span> <span class='ocrx_word' id='word_1_35' title='bbox 1222 771 1324 839; x_wconf 86' lang='grc'>26,</span> <span class='ocrx_word' id='word_1_36' title='bbox 1355 767 1433 826; x_wconf 78' lang='lat' dir='ltr'>cf.</span> <span class='ocrx_word' id='word_1_37' title='bbox 1468 766 1604 826; x_wconf 89' lang='lat' dir='ltr'>Seu.</span> <span class='ocrx_word' id='word_1_38' title='bbox 1646 786 1781 850; x_wconf 89' lang='lat' dir='ltr'>epp.</span> <span class='ocrx_word' id='word_1_39' title='bbox 1830 766 2088 839; x_wconf 78' lang='lat' dir='ltr'>XLVIII,</span> <span class='ocrx_word' id='word_1_40' title='bbox 2125 773 2192 829; x_wconf 81' lang='lat'>1:</span> 
     </span>
     <span class='ocr_line' id='line_1_5' title="bbox 169 850 2198 932; baseline 0 -21"><span class='ocrx_word' id='word_1_41' title='bbox 169 850 339 923; x_wconf 81' lang='lat' dir='ltr'>„Hoc</span> <span class='ocrx_word' id='word_1_42' title='bbox 365 863 470 923; x_wconf 89' lang='lat' dir='ltr'>est,</span> <span class='ocrx_word' id='word_1_43' title='bbox 498 850 645 932; x_wconf 85' lang='lat' dir='ltr'>quod</span> <span class='ocrx_word' id='word_1_44' title='bbox 676 854 873 910; x_wconf 84' lang='lat' dir='ltr'>tristes</span> <span class='ocrx_word' id='word_1_45' title='bbox 904 850 1173 911; x_wconf 76' lang='lat' dir='ltr'>docemus</span> <span class='ocrx_word' id='word_1_46' title='bbox 1203 864 1261 912; x_wconf 89' lang='lat' dir='ltr'>et</span> <span class='ocrx_word' id='word_1_47' title='bbox 1290 850 1480 931; x_wconf 82' lang='lat' dir='ltr'>pallidi</span> <span class='ocrx_word' id='word_1_48' title='bbox 1497 855 1568 911; x_wconf 70' lang='lat'>7⁶⁶</span> <span class='ocrx_word' id='word_1_49' title='bbox 1603 853 1868 931; x_wconf 66' lang='lat' dir='ltr'>Curqmls</span> <span class='ocrx_word' id='word_1_50' title='bbox 1883 872 2198 930; x_wconf 87' lang='lat' dir='ltr'>nonpran-</span> 
     </span>
     <span class='ocr_line' id='line_1_6' title="bbox 169 935 2195 1018; baseline 0 -23"><span class='ocrx_word' id='word_1_51' title='bbox 169 939 336 1008; x_wconf 82' lang='lat' dir='ltr'>deat,</span> <span class='ocrx_word' id='word_1_52' title='bbox 367 935 504 1018; x_wconf 84' lang='lat' dir='ltr'>quod</span> <span class='ocrx_word' id='word_1_53' title='bbox 534 957 568 996; x_wconf 98' lang='lat' dir='ltr'>a</span> <span class='ocrx_word' id='word_1_54' title='bbox 598 937 947 1016; x_wconf 88' lang='lat' dir='ltr'>pbilosophis</span> <span class='ocrx_word' id='word_1_55' title='bbox 970 935 1290 997; x_wconf 80' lang='lat' dir='ltr'>meditando</span> <span class='ocrx_word' id='word_1_56' title='bbox 1320 937 1631 1015; x_wconf 78' lang='lat' dir='ltr'>absumptis</span> <span class='ocrx_word' id='word_1_57' title='bbox 1662 938 1832 997; x_wconf 85' lang='lat' dir='ltr'>facile</span> <span class='ocrx_word' id='word_1_58' title='bbox 1865 937 2195 1016; x_wconf 84' lang='lat' dir='ltr'>negligeba-</span> 
     </span>
     <span class='ocr_line' id='line_1_7' title="bbox 164 1021 2196 1102; baseline 0 -22"><span class='ocrx_word' id='word_1_59' title='bbox 164 1033 268 1080; x_wconf 87' lang='lat' dir='ltr'>tur</span> <span class='ocrx_word' id='word_1_60' title='bbox 295 1023 642 1102; x_wconf 47' lang='lat' dir='ltr'>(inpransus</span> <span class='ocrx_word' id='word_1_61' title='bbox 667 1025 953 1100; x_wconf 70' lang='lat' dir='ltr'>magister</span> <span class='ocrx_word' id='word_1_62' title='bbox 980 1023 1117 1082; x_wconf 87' lang='lat' dir='ltr'>Hor.</span> <span class='ocrx_word' id='word_1_63' title='bbox 1150 1032 1257 1081; x_wconf 84' lang='lat' dir='ltr'>sat.</span> <span class='ocrx_word' id='word_1_64' title='bbox 1291 1021 1362 1093; x_wconf 89' lang='grc' dir='ltr'>ΙΙ,</span> <span class='ocrx_word' id='word_1_65' title='bbox 1394 1026 1455 1094; x_wconf 83' lang='grc'>3,</span> <span class='ocrx_word' id='word_1_66' title='bbox 1485 1027 1668 1094; x_wconf 88' lang='grc'>257),</span> <span class='ocrx_word' id='word_1_67' title='bbox 1709 1043 1745 1081; x_wconf 82' lang='lat' dir='ltr'>a</span> <span class='ocrx_word' id='word_1_68' title='bbox 1774 1023 2196 1082; x_wconf 81' lang='lat' dir='ltr'>centurionibus</span> 
     </span>
     <span class='ocr_line' id='line_1_8' title="bbox 165 1107 2196 1189; baseline 0 -24"><span class='ocrx_word' id='word_1_69' title='bbox 165 1128 284 1166; x_wconf 87' lang='lat' dir='ltr'>non</span> <span class='ocrx_word' id='word_1_70' title='bbox 312 1109 455 1167; x_wconf 92' lang='lat' dir='ltr'>item.</span> <span class='ocrx_word' id='word_1_71' title='bbox 522 1110 630 1167; x_wconf 80' lang='lat' dir='ltr'>His</span> <span class='ocrx_word' id='word_1_72' title='bbox 658 1109 821 1166; x_wconf 81' lang='lat' dir='ltr'>ridet</span> <span class='ocrx_word' id='word_1_73' title='bbox 837 1108 1118 1189; x_wconf 83' lang='lat' dir='ltr'>populus,</span> <span class='ocrx_word' id='word_1_74' title='bbox 1153 1107 1286 1167; x_wconf 82' lang='lat' dir='ltr'>talia</span> <span class='ocrx_word' id='word_1_75' title='bbox 1318 1127 1444 1167; x_wconf 89' lang='lat' dir='ltr'>cum</span> <span class='ocrx_word' id='word_1_76' title='bbox 1475 1109 1772 1178; x_wconf 81' lang='lat' dir='ltr'>iactantur,</span> <span class='ocrx_word' id='word_1_77' title='bbox 1813 1109 1934 1166; x_wconf 89' lang='lat' dir='ltr'>risu</span> <span class='ocrx_word' id='word_1_78' title='bbox 1965 1109 2196 1186; x_wconf 86' lang='lat' dir='ltr'>excipit,</span> 
     </span>
     <span class='ocr_line' id='line_1_9' title="bbox 166 1191 2198 1264; baseline 0 -13"><span class='ocrx_word' id='word_1_79' title='bbox 166 1193 250 1251; x_wconf 78' lang='lat' dir='ltr'>cf.</span> <span class='ocrx_word' id='word_1_80' title='bbox 269 1192 398 1252; x_wconf 81' lang='lat' dir='ltr'>Hor.</span> <span class='ocrx_word' id='word_1_81' title='bbox 429 1204 535 1252; x_wconf 90' lang='lat' dir='ltr'>sat.</span> <span class='ocrx_word' id='word_1_82' title='bbox 567 1192 640 1264; x_wconf 87' lang='lat'>11,</span> <span class='ocrx_word' id='word_1_83' title='bbox 670 1197 731 1262; x_wconf 89' lang='lat'>8,</span> <span class='ocrx_word' id='word_1_84' title='bbox 763 1197 875 1255; x_wconf 80' lang='lat'>83:</span> <span class='ocrx_word' id='word_1_85' title='bbox 907 1191 1166 1264; x_wconf 80' lang='lat' dir='ltr'>„ridetur</span> <span class='ocrx_word' id='word_1_86' title='bbox 1195 1194 1339 1252; x_wconf 84' lang='lat' dir='ltr'>fictis</span> <span class='ocrx_word' id='word_1_87' title='bbox 1368 1201 1624 1253; x_wconf 85' lang='lat' dir='ltr'>rerum.“</span> <span class='ocrx_word' id='word_1_88' title='bbox 1650 1195 1930 1252; x_wconf 78' lang='lat' dir='ltr'>Iuventus</span> <span class='ocrx_word' id='word_1_89' title='bbox 1956 1194 2198 1252; x_wconf 81' lang='lat' dir='ltr'>multum</span> 
     </span>
     <span class='ocr_line' id='line_1_10' title="bbox 167 1277 2195 1357; baseline 0 -21"><span class='ocrx_word' id='word_1_90' title='bbox 167 1288 387 1349; x_wconf 77' lang='lat' dir='ltr'>torosa,</span> <span class='ocrx_word' id='word_1_91' title='bbox 420 1298 585 1357; x_wconf 82' lang='lat' dir='ltr'>quae,</span> <span class='ocrx_word' id='word_1_92' title='bbox 618 1288 680 1337; x_wconf 90' lang='lat' dir='ltr'>ut</span> <span class='ocrx_word' id='word_1_93' title='bbox 709 1279 917 1337; x_wconf 87' lang='lat' dir='ltr'>bircosi</span> <span class='ocrx_word' id='word_1_94' title='bbox 947 1280 1062 1350; x_wconf 90' lang='lat' dir='ltr'>isti,</span> <span class='ocrx_word' id='word_1_95' title='bbox 1094 1280 1233 1337; x_wconf 88' lang='lat' dir='ltr'>toris</span> <span class='ocrx_word' id='word_1_96' title='bbox 1262 1277 1475 1357; x_wconf 84' lang='lat' dir='ltr'>gaudet</span> <span class='ocrx_word' id='word_1_97' title='bbox 1503 1288 1562 1338; x_wconf 85' lang='lat' dir='ltr'>et</span> <span class='ocrx_word' id='word_1_98' title='bbox 1589 1279 1939 1349; x_wconf 81' lang='lat' dir='ltr'>lacertis,cf.</span> <span class='ocrx_word' id='word_1_99' title='bbox 1964 1277 2195 1337; x_wconf 84' lang='lat' dir='ltr'>Hieron.</span> 
     </span>
     <span class='ocr_line' id='line_1_11' title="bbox 164 1362 2196 1442; baseline 0 -20"><span class='ocrx_word' id='word_1_100' title='bbox 164 1383 303 1442; x_wconf 83' lang='lat' dir='ltr'>epp.</span> <span class='ocrx_word' id='word_1_101' title='bbox 334 1363 632 1423; x_wconf 81' lang='lat' dir='ltr'>LXXXIX</span> <span class='ocrx_word' id='word_1_102' title='bbox 663 1362 956 1436; x_wconf 84' lang='lat' dir='ltr'>(XLVIIt.</span> <span class='ocrx_word' id='word_1_103' title='bbox 988 1363 1087 1436; x_wconf 86' lang='lat' dir='ltr'>lv,</span> <span class='ocrx_word' id='word_1_104' title='bbox 1116 1368 1157 1426; x_wconf 85' lang='lat'>2</span> <span class='ocrx_word' id='word_1_105' title='bbox 1188 1384 1243 1442; x_wconf 89' lang='lat' dir='ltr'>p.</span> <span class='ocrx_word' id='word_1_106' title='bbox 1262 1365 1455 1442; x_wconf 82' lang='lat'><strong>732)=</strong></span> <span class='ocrx_word' id='word_1_107' title='bbox 1501 1362 1716 1434; x_wconf 85' lang='lat' dir='ltr'>„Dolet</span> <span class='ocrx_word' id='word_1_108' title='bbox 1744 1363 1852 1421; x_wconf 90' lang='lat' dir='ltr'>sibi</span> <span class='ocrx_word' id='word_1_109' title='bbox 1883 1364 2196 1442; x_wconf 82' lang='lat' dir='ltr'>praelatum</span> 
     </span>
     <span class='ocr_line' id='line_1_12' title="bbox 165 1447 2195 1528; baseline 0 -21"><span class='ocrx_word' id='word_1_110' title='bbox 165 1451 418 1509; x_wconf 75' lang='lat' dir='ltr'>iuvenem</span> <span class='ocrx_word' id='word_1_111' title='bbox 476 1469 586 1508; x_wconf 90' lang='lat' dir='ltr'>non</span> <span class='ocrx_word' id='word_1_112' title='bbox 629 1447 851 1528; x_wconf 85' lang='lat' dir='ltr'>quidem</span> <span class='ocrx_word' id='word_1_113' title='bbox 892 1460 1203 1520; x_wconf 86' lang='lat' dir='ltr'>comatum,</span> <span class='ocrx_word' id='word_1_114' title='bbox 1263 1469 1373 1507; x_wconf 91' lang='lat' dir='ltr'>non</span> <span class='ocrx_word' id='word_1_115' title='bbox 1417 1452 1657 1508; x_wconf 83' lang='lat' dir='ltr'>vestium</span> <span class='ocrx_word' id='word_1_116' title='bbox 1702 1450 2045 1520; x_wconf 87' lang='lat' dir='ltr'>sericarum,</span> <span class='ocrx_word' id='word_1_117' title='bbox 2091 1447 2195 1508; x_wconf 88' lang='lat' dir='ltr'>sed</span> 
     </span>
     <span class='ocr_line' id='line_1_13' title="bbox 166 1531 2195 1607; baseline 0.001 -14"><span class='ocrx_word' id='word_1_118' title='bbox 166 1535 470 1593; x_wconf 76' lang='lat' dir='ltr'>torosulum</span> <span class='ocrx_word' id='word_1_119' title='bbox 501 1544 562 1594; x_wconf 86' lang='lat' dir='ltr'>et</span> <span class='ocrx_word' id='word_1_120' title='bbox 601 1535 657 1592; x_wconf 90' lang='lat' dir='ltr'>in</span> <span class='ocrx_word' id='word_1_121' title='bbox 717 1533 976 1593; x_wconf 82' lang='lat' dir='ltr'>sordibus</span> <span class='ocrx_word' id='word_1_122' title='bbox 1019 1533 1359 1594; x_wconf 82' lang='lat' dir='ltr'>delicatum“</span> <span class='ocrx_word' id='word_1_123' title='bbox 1407 1531 1538 1594; x_wconf 83' lang='lat' dir='ltr'>adv.</span> <span class='ocrx_word' id='word_1_124' title='bbox 1585 1534 1757 1593; x_wconf 85' lang='lat' dir='ltr'>Ioviu.</span> <span class='ocrx_word' id='word_1_125' title='bbox 1798 1532 1847 1594; x_wconf 93' lang='lat'>11</span> <span class='ocrx_word' id='word_1_126' title='bbox 1888 1541 1955 1607; x_wconf 93' lang='lat' dir='ltr'>(t.</span> <span class='ocrx_word' id='word_1_127' title='bbox 2004 1533 2112 1606; x_wconf 89' lang='lat' dir='ltr'>IV,</span> <span class='ocrx_word' id='word_1_128' title='bbox 2153 1539 2195 1596; x_wconf 89' lang='grc'>2</span> 
     </span>
     <span class='ocr_line' id='line_1_14' title="bbox 163 1617 2194 1699; baseline 0 -22"><span class='ocrx_word' id='word_1_129' title='bbox 163 1638 225 1698; x_wconf 85' lang='lat' dir='ltr'>p.</span> <span class='ocrx_word' id='word_1_130' title='bbox 253 1623 421 1692; x_wconf 89' lang='grc'>207).</span> <span class='ocrx_word' id='word_1_131' title='bbox 467 1619 826 1691; x_wconf 84' lang='lat' dir='ltr'>„Formosuli</span> <span class='ocrx_word' id='word_1_132' title='bbox 856 1621 1032 1678; x_wconf 77' lang='lat' dir='ltr'>nostri</span> <span class='ocrx_word' id='word_1_133' title='bbox 1076 1630 1137 1679; x_wconf 91' lang='lat' dir='ltr'>et</span> <span class='ocrx_word' id='word_1_134' title='bbox 1166 1620 1403 1678; x_wconf 88' lang='lat' dir='ltr'>torosuli</span> <span class='ocrx_word' id='word_1_135' title='bbox 1445 1630 1506 1678; x_wconf 91' lang='lat' dir='ltr'>et</span> <span class='ocrx_word' id='word_1_136' title='bbox 1543 1620 1641 1678; x_wconf 84' lang='lat' dir='ltr'>vix</span> <span class='ocrx_word' id='word_1_137' title='bbox 1686 1620 1913 1678; x_wconf 89' lang='lat' dir='ltr'>summis</span> <span class='ocrx_word' id='word_1_138' title='bbox 1957 1617 2194 1699; x_wconf 88' lang='lat' dir='ltr'>pedibus</span> 
     </span>
     <span class='ocr_line' id='line_1_15' title="bbox 163 1702 2195 1784; baseline -0 -20"><span class='ocrx_word' id='word_1_139' title='bbox 163 1702 558 1764; x_wconf 77' lang='lat' dir='ltr'>adumbrantes</span> <span class='ocrx_word' id='word_1_140' title='bbox 586 1705 853 1782; x_wconf 80' lang='lat' dir='ltr'>vestigia,</span> <span class='ocrx_word' id='word_1_141' title='bbox 883 1724 1115 1784; x_wconf 87' lang='lat' dir='ltr'>quorum</span> <span class='ocrx_word' id='word_1_142' title='bbox 1130 1704 1307 1764; x_wconf 81' lang='lat' dir='ltr'>verba</span> <span class='ocrx_word' id='word_1_143' title='bbox 1332 1705 1388 1762; x_wconf 92' lang='lat' dir='ltr'>in</span> <span class='ocrx_word' id='word_1_144' title='bbox 1405 1705 1605 1783; x_wconf 82' lang='lat' dir='ltr'>pugnis</span> <span class='ocrx_word' id='word_1_145' title='bbox 1637 1716 1766 1763; x_wconf 83' lang='lat' dir='ltr'>sunt</span> <span class='ocrx_word' id='word_1_146' title='bbox 1794 1715 1853 1763; x_wconf 87' lang='lat' dir='ltr'>et</span> <span class='ocrx_word' id='word_1_147' title='bbox 1883 1705 2195 1784; x_wconf 76' lang='lat' dir='ltr'>syllogismi</span> 
     </span>
     <span class='ocr_line' id='line_1_16' title="bbox 162 1789 2197 1868; baseline -0 -19"><span class='ocrx_word' id='word_1_148' title='bbox 162 1791 221 1849; x_wconf 77' lang='lat' dir='ltr'>ia</span> <span class='ocrx_word' id='word_1_149' title='bbox 248 1791 564 1850; x_wconf 86' lang='lat' dir='ltr'>calcibus.“</span> <span class='ocrx_word' id='word_1_150' title='bbox 606 1789 712 1848; x_wconf 86' lang='lat' dir='ltr'>Vs.</span> <span class='ocrx_word' id='word_1_151' title='bbox 743 1794 826 1852; x_wconf 88' lang='lat'>87</span> <span class='ocrx_word' id='word_1_152' title='bbox 857 1792 1074 1850; x_wconf 86' lang='lat' dir='ltr'>mimice</span> <span class='ocrx_word' id='word_1_153' title='bbox 1105 1791 1278 1848; x_wconf 86' lang='lat' dir='ltr'>risum</span> <span class='ocrx_word' id='word_1_154' title='bbox 1309 1792 1521 1868; x_wconf 85' lang='lat' dir='ltr'>pingit,</span> <span class='ocrx_word' id='word_1_155' title='bbox 1564 1789 1843 1849; x_wconf 73' lang='lat' dir='ltr'>tremulos</span> <span class='ocrx_word' id='word_1_156' title='bbox 1879 1791 2197 1851; x_wconf 78' lang='lat' dir='ltr'>cachinnos</span> 
     </span>
     <span class='ocr_line' id='line_1_17' title="bbox 160 1873 2195 1955; baseline -0 -20"><span class='ocrx_word' id='word_1_157' title='bbox 160 1894 304 1935; x_wconf 77' lang='lat' dir='ltr'>uso</span> <span class='ocrx_word' id='word_1_158' title='bbox 331 1878 661 1955; x_wconf 64' lang='lat' dir='ltr'>crispante,</span> <span class='ocrx_word' id='word_1_159' title='bbox 693 1882 758 1935; x_wconf 89' lang='lat' dir='ltr'>ut</span> <span class='ocrx_word' id='word_1_160' title='bbox 785 1874 860 1946; x_wconf 84' lang='lat' dir='ltr'>V,</span> <span class='ocrx_word' id='word_1_161' title='bbox 891 1879 967 1938; x_wconf 80' lang='lat'>91</span> <span class='ocrx_word' id='word_1_162' title='bbox 1004 1895 1214 1953; x_wconf 87' lang='lat' dir='ltr'>rugosa</span> <span class='ocrx_word' id='word_1_163' title='bbox 1257 1894 1459 1936; x_wconf 82' lang='lat' dir='ltr'>sanna.</span> <span class='ocrx_word' id='word_1_164' title='bbox 1495 1874 1564 1934; x_wconf 88' lang='lat' dir='ltr'>H.</span> <span class='ocrx_word' id='word_1_165' title='bbox 1596 1875 1633 1933; x_wconf 93' lang='lat' dir='ltr'>l.</span> <span class='ocrx_word' id='word_1_166' title='bbox 1666 1873 1914 1934; x_wconf 79' lang='lat' dir='ltr'>imitatus</span> <span class='ocrx_word' id='word_1_167' title='bbox 1945 1894 2078 1937; x_wconf 91' lang='lat' dir='ltr'>esse</span> <span class='ocrx_word' id='word_1_168' title='bbox 2108 1877 2195 1934; x_wconf 86' lang='lat' dir='ltr'>vi-</span> 
     </span>
     <span class='ocr_line' id='line_1_18' title="bbox 162 1958 1909 2038; baseline 0 -20"><span class='ocrx_word' id='word_1_169' title='bbox 162 1959 326 2020; x_wconf 86' lang='lat' dir='ltr'>detur</span> <span class='ocrx_word' id='word_1_170' title='bbox 357 1959 643 2032; x_wconf 87' lang='lat' dir='ltr'>Sedulius,</span> <span class='ocrx_word' id='word_1_171' title='bbox 673 1959 766 2019; x_wconf 93' lang='lat' dir='ltr'>ubi</span> <span class='ocrx_word' id='word_1_172' title='bbox 796 1958 930 2018; x_wconf 84' lang='lat' dir='ltr'>dicit</span> <span class='ocrx_word' id='word_1_173' title='bbox 963 1959 1032 2033; x_wconf 90' lang='lat' dir='ltr'>(l,</span> <span class='ocrx_word' id='word_1_174' title='bbox 1063 1965 1212 2033; x_wconf 82' lang='lat'>316)</span> <span class='ocrx_word' id='word_1_175' title='bbox 1246 1963 1516 2038; x_wconf 77' lang='lat' dir='ltr'>crispare</span> <span class='ocrx_word' id='word_1_176' title='bbox 1544 1962 1909 2019; x_wconf 78' lang='lat' dir='ltr'>cachinnum.</span> 
     </span>
    </p>

    <p class='ocr_par' dir='ltr' id='par_1_4' title="bbox 152 2043 2280 4173">
     <span class='ocr_line' id='line_1_19' title="bbox 329 2043 2192 2124; baseline 0.002 -21"><span class='ocrx_word' id='word_1_177' title='bbox 329 2067 386 2105; x_wconf 83' lang='lat' dir='ltr'>v.</span> <span class='ocrx_word' id='word_1_178' title='bbox 421 2049 735 2108; x_wconf 82' lang='lat'>88-106.</span> <span class='ocrx_word' id='word_1_179' title='bbox 805 2047 1106 2124; x_wconf 77' lang='lat' dir='ltr'>Inspicere</span> <span class='ocrx_word' id='word_1_180' title='bbox 1135 2043 1206 2104; x_wconf 89' lang='lat' dir='ltr'>de</span> <span class='ocrx_word' id='word_1_181' title='bbox 1236 2044 1459 2105; x_wconf 87' lang='lat' dir='ltr'>medico</span> <span class='ocrx_word' id='word_1_182' title='bbox 1490 2048 1658 2105; x_wconf 89' lang='lat' dir='ltr'>etiam</span> <span class='ocrx_word' id='word_1_183' title='bbox 1705 2045 1887 2105; x_wconf 86' lang='lat' dir='ltr'>Plaut.</span> <span class='ocrx_word' id='word_1_184' title='bbox 1923 2045 2091 2106; x_wconf 88' lang='lat' dir='ltr'>Pers.</span> <span class='ocrx_word' id='word_1_185' title='bbox 2123 2044 2192 2116; x_wconf 88' lang='lat'>11,</span> 
     </span>
     <span class='ocr_line' id='line_1_20' title="bbox 164 2127 2193 2209; baseline -0.001 -17"><span class='ocrx_word' id='word_1_186' title='bbox 164 2137 222 2202; x_wconf 76' lang='lat'>5,</span> <span class='ocrx_word' id='word_1_187' title='bbox 255 2137 354 2194; x_wconf 85' lang='lat'>15.</span> <span class='ocrx_word' id='word_1_188' title='bbox 401 2130 489 2190; x_wconf 86' lang='lat' dir='ltr'>De</span> <span class='ocrx_word' id='word_1_189' title='bbox 519 2131 695 2209; x_wconf 89' lang='lat' dir='ltr'>signis</span> <span class='ocrx_word' id='word_1_190' title='bbox 726 2127 1077 2190; x_wconf 85' lang='lat' dir='ltr'>adventantis</span> <span class='ocrx_word' id='word_1_191' title='bbox 1109 2131 1284 2190; x_wconf 86' lang='lat' dir='ltr'>morbi</span> <span class='ocrx_word' id='word_1_192' title='bbox 1314 2131 1392 2190; x_wconf 78' lang='lat' dir='ltr'>cf.</span> <span class='ocrx_word' id='word_1_193' title='bbox 1427 2130 1579 2190; x_wconf 86' lang='lat' dir='ltr'>Cels.</span> <span class='ocrx_word' id='word_1_194' title='bbox 1606 2130 1675 2202; x_wconf 91' lang='grc' dir='ltr'>ΙΙ,</span> <span class='ocrx_word' id='word_1_195' title='bbox 1705 2135 1764 2192; x_wconf 92' lang='grc' dir='ltr'>2.Ι</span> <span class='ocrx_word' id='word_1_196' title='bbox 1797 2130 1893 2203; x_wconf 84' lang='grc' dir='ltr'>ΙΠ,</span> <span class='ocrx_word' id='word_1_197' title='bbox 1925 2134 1988 2193; x_wconf 87' lang='grc'>6.</span> <span class='ocrx_word' id='word_1_198' title='bbox 2066 2133 2193 2191; x_wconf 74' lang='lat' dir='ltr'>Ex·</span> 
     </span>
     <span class='ocr_line' id='line_1_21' title="bbox 160 2214 2195 2295; baseline -0 -20"><span class='ocrx_word' id='word_1_199' title='bbox 160 2218 641 2295; x_wconf 72' lang='lat' dir='ltr'>superandivoc.</span> <span class='ocrx_word' id='word_1_200' title='bbox 686 2218 859 2274; x_wconf 89' lang='lat' dir='ltr'>utitur</span> <span class='ocrx_word' id='word_1_201' title='bbox 888 2216 1119 2275; x_wconf 87' lang='lat' dir='ltr'>Persius</span> <span class='ocrx_word' id='word_1_202' title='bbox 1166 2214 1235 2274; x_wconf 84' lang='lat' dir='ltr'>ad</span> <span class='ocrx_word' id='word_1_203' title='bbox 1281 2214 1703 2295; x_wconf 82' lang='lat' dir='ltr'>exprimendum</span> <span class='ocrx_word' id='word_1_204' title='bbox 1736 2216 1896 2295; x_wconf 87' lang='lat' dir='ltr'>aegri</span> <span class='ocrx_word' id='word_1_205' title='bbox 1943 2216 2195 2288; x_wconf 83' lang='lat' dir='ltr'>halitum,</span> 
     </span>
     <span class='ocr_line' id='line_1_22' title="bbox 164 2300 2196 2383; baseline -0.001 -23"><span class='ocrx_word' id='word_1_206' title='bbox 164 2304 254 2383; x_wconf 81' lang='lat' dir='ltr'>qui</span> <span class='ocrx_word' id='word_1_207' title='bbox 279 2311 415 2382; x_wconf 87' lang='lat' dir='ltr'>post</span> <span class='ocrx_word' id='word_1_208' title='bbox 441 2302 663 2360; x_wconf 77' lang='lat' dir='ltr'>anxium</span> <span class='ocrx_word' id='word_1_209' title='bbox 697 2301 945 2361; x_wconf 85' lang='lat' dir='ltr'>laborem</span> <span class='ocrx_word' id='word_1_210' title='bbox 977 2320 1103 2361; x_wconf 91' lang='lat' dir='ltr'>cum</span> <span class='ocrx_word' id='word_1_211' title='bbox 1135 2301 1362 2361; x_wconf 79' lang='lat' dir='ltr'>fervore</span> <span class='ocrx_word' id='word_1_212' title='bbox 1395 2321 1470 2360; x_wconf 82' lang='lat' dir='ltr'>ex</span> <span class='ocrx_word' id='word_1_213' title='bbox 1497 2303 1621 2360; x_wconf 88' lang='lat' dir='ltr'>imis</span> <span class='ocrx_word' id='word_1_214' title='bbox 1653 2303 1983 2381; x_wconf 87' lang='lat' dir='ltr'>prorumpit.</span> <span class='ocrx_word' id='word_1_215' title='bbox 2032 2300 2196 2360; x_wconf 92' lang='lat' dir='ltr'>Solet</span> 
     </span>
     <span class='ocr_line' id='line_1_23' title="bbox 156 2385 2280 2468; baseline 0 -23"><span class='ocrx_word' id='word_1_216' title='bbox 156 2386 214 2446; x_wconf 89' lang='lat' dir='ltr'>b.</span> <span class='ocrx_word' id='word_1_217' title='bbox 246 2410 301 2447; x_wconf 75' lang='lat' dir='ltr'>v.</span> <span class='ocrx_word' id='word_1_218' title='bbox 333 2408 461 2448; x_wconf 83' lang='lat' dir='ltr'>eum</span> <span class='ocrx_word' id='word_1_219' title='bbox 495 2389 820 2447; x_wconf 84' lang='lat' dir='ltr'>accusativo</span> <span class='ocrx_word' id='word_1_220' title='bbox 851 2389 1146 2466; x_wconf 86' lang='lat' dir='ltr'>coniungi,</span> <span class='ocrx_word' id='word_1_221' title='bbox 1177 2387 1270 2446; x_wconf 91' lang='lat' dir='ltr'>ubi</span> <span class='ocrx_word' id='word_1_222' title='bbox 1302 2385 1374 2447; x_wconf 87' lang='lat' dir='ltr'>de</span> <span class='ocrx_word' id='word_1_223' title='bbox 1406 2406 1470 2447; x_wconf 85' lang='lat' dir='ltr'>re</span> <span class='ocrx_word' id='word_1_224' title='bbox 1502 2408 1689 2447; x_wconf 86' lang='lat' dir='ltr'>sermo</span> <span class='ocrx_word' id='word_1_225' title='bbox 1721 2399 1840 2460; x_wconf 90' lang='lat' dir='ltr'>est,</span> <span class='ocrx_word' id='word_1_226' title='bbox 1872 2408 2033 2468; x_wconf 81' lang='lat' dir='ltr'>quam</span> <span class='ocrx_word' id='word_1_227' title='bbox 2067 2388 2191 2467; x_wconf 86' lang='lat' dir='ltr'>quis</span> <span class='ocrx_word' id='word_1_228' title='bbox 2273 2450 2280 2455; x_wconf 66' lang='grc'>,</span> 
     </span>
     <span class='ocr_line' id='line_1_24' title="bbox 161 2470 2195 2553; baseline 0 -21"><span class='ocrx_word' id='word_1_229' title='bbox 161 2471 630 2552; x_wconf 69' lang='lat' dir='ltr'>tramgrediendo</span> <span class='ocrx_word' id='word_1_230' title='bbox 661 2474 752 2532; x_wconf 85' lang='lat' dir='ltr'>vel</span> <span class='ocrx_word' id='word_1_231' title='bbox 773 2470 1130 2533; x_wconf 80' lang='lat' dir='ltr'>ascendendo</span> <span class='ocrx_word' id='word_1_232' title='bbox 1151 2483 1404 2552; x_wconf 86' lang='lat' dir='ltr'>superat,</span> <span class='ocrx_word' id='word_1_233' title='bbox 1435 2474 1598 2553; x_wconf 85' lang='lat' dir='ltr'>quale</span> <span class='ocrx_word' id='word_1_234' title='bbox 1617 2474 1918 2533; x_wconf 80' lang='lat' dir='ltr'>estclivum</span> <span class='ocrx_word' id='word_1_235' title='bbox 1948 2492 2195 2552; x_wconf 83' lang='lat' dir='ltr'>exsupe—</span> 
     </span>
     <span class='ocr_line' id='line_1_25' title="bbox 161 2556 2195 2638; baseline -0.001 -20"><span class='ocrx_word' id='word_1_236' title='bbox 161 2578 293 2618; x_wconf 86' lang='lat' dir='ltr'>rare</span> <span class='ocrx_word' id='word_1_237' title='bbox 322 2559 486 2633; x_wconf 87' lang='lat' dir='ltr'>(Sen.</span> <span class='ocrx_word' id='word_1_238' title='bbox 510 2577 638 2636; x_wconf 89' lang='lat' dir='ltr'>epp.</span> <span class='ocrx_word' id='word_1_239' title='bbox 660 2557 873 2629; x_wconf 88' lang='lat' dir='ltr'>XXXI,</span> <span class='ocrx_word' id='word_1_240' title='bbox 891 2564 1103 2638; x_wconf 81' lang='lat' dir='ltr'>4),quo</span> <span class='ocrx_word' id='word_1_241' title='bbox 1120 2577 1289 2617; x_wconf 86' lang='lat' dir='ltr'>sensu</span> <span class='ocrx_word' id='word_1_242' title='bbox 1307 2578 1433 2617; x_wconf 92' lang='lat' dir='ltr'>cum</span> <span class='ocrx_word' id='word_1_243' title='bbox 1464 2556 1572 2617; x_wconf 89' lang='lat' dir='ltr'>dici</span> <span class='ocrx_word' id='word_1_244' title='bbox 1588 2569 1834 2638; x_wconf 82' lang='lat' dir='ltr'>nequeat</span> <span class='ocrx_word' id='word_1_245' title='bbox 1864 2559 2060 2617; x_wconf 77' lang='lat' dir='ltr'>fauces</span> <span class='ocrx_word' id='word_1_246' title='bbox 2090 2578 2195 2618; x_wconf 87' lang='lat' dir='ltr'>ex-</span> 
     </span>
     <span class='ocr_line' id='line_1_26' title="bbox 160 2644 2193 2723; baseline -0.001 -20"><span class='ocrx_word' id='word_1_247' title='bbox 160 2662 437 2723; x_wconf 83' lang='lat' dir='ltr'>superare</span> <span class='ocrx_word' id='word_1_248' title='bbox 469 2644 672 2703; x_wconf 87' lang='lat' dir='ltr'>balitus</span> <span class='ocrx_word' id='word_1_249' title='bbox 690 2687 708 2716; x_wconf 94' lang='lat'>,</span> <span class='ocrx_word' id='word_1_250' title='bbox 739 2644 998 2703; x_wconf 81' lang='lat' dir='ltr'>absolute</span> <span class='ocrx_word' id='word_1_251' title='bbox 1027 2645 1268 2722; x_wconf 91' lang='lat' dir='ltr'>positum</span> <span class='ocrx_word' id='word_1_252' title='bbox 1291 2655 1382 2703; x_wconf 87' lang='lat' dir='ltr'>est</span> <span class='ocrx_word' id='word_1_253' title='bbox 1412 2663 1801 2722; x_wconf 74' lang='lat' dir='ltr'>exsuperare,</span> <span class='ocrx_word' id='word_1_254' title='bbox 1832 2654 1890 2702; x_wconf 90' lang='lat' dir='ltr'>et</span> <span class='ocrx_word' id='word_1_255' title='bbox 1919 2644 2193 2704; x_wconf 80' lang='lat' dir='ltr'>ablativus</span> 
     </span>
     <span class='ocr_line' id='line_1_27' title="bbox 160 2725 2193 2809; baseline -0 -22"><span class='ocrx_word' id='word_1_256' title='bbox 160 2726 670 2807; x_wconf 75' lang='lat' dir='ltr'>aegrissaucibus</span> <span class='ocrx_word' id='word_1_257' title='bbox 699 2728 989 2801; x_wconf 87' lang='lat' dir='ltr'>adiectus,</span> <span class='ocrx_word' id='word_1_258' title='bbox 1035 2749 1145 2809; x_wconf 90' lang='lat' dir='ltr'>quo</span> <span class='ocrx_word' id='word_1_259' title='bbox 1175 2730 1552 2807; x_wconf 78' lang='lat' dir='ltr'>significatur,</span> <span class='ocrx_word' id='word_1_260' title='bbox 1583 2725 1729 2788; x_wconf 87' lang='lat' dir='ltr'>unde</span> <span class='ocrx_word' id='word_1_261' title='bbox 1760 2738 1918 2787; x_wconf 86' lang='lat' dir='ltr'>ortus</span> <span class='ocrx_word' id='word_1_262' title='bbox 1950 2730 2025 2786; x_wconf 85' lang='lat' dir='ltr'>sit</span> <span class='ocrx_word' id='word_1_263' title='bbox 2052 2729 2193 2787; x_wconf 82' lang='lat' dir='ltr'>bali-</span> 
     </span>
     <span class='ocr_line' id='line_1_28' title="bbox 157 2811 2193 2893; baseline -0 -19"><span class='ocrx_word' id='word_1_264' title='bbox 157 2823 275 2874; x_wconf 85' lang='lat' dir='ltr'>tus.</span> <span class='ocrx_word' id='word_1_265' title='bbox 361 2816 611 2873; x_wconf 85' lang='lat' dir='ltr'>Gravem</span> <span class='ocrx_word' id='word_1_266' title='bbox 655 2815 880 2873; x_wconf 80' lang='lat' dir='ltr'>halitum</span> <span class='ocrx_word' id='word_1_267' title='bbox 926 2811 1066 2873; x_wconf 85' lang='lat' dir='ltr'>dixit</span> <span class='ocrx_word' id='word_1_268' title='bbox 1112 2816 1278 2874; x_wconf 88' lang='lat' dir='ltr'>etiam</span> <span class='ocrx_word' id='word_1_269' title='bbox 1328 2813 1528 2873; x_wconf 84' lang='lat' dir='ltr'>Celsus</span> <span class='ocrx_word' id='word_1_270' title='bbox 1575 2814 1643 2884; x_wconf 93' lang='grc' dir='ltr'>ΙΙ,</span> <span class='ocrx_word' id='word_1_271' title='bbox 1688 2818 1758 2885; x_wconf 93' lang='grc'>2,</span> <span class='ocrx_word' id='word_1_272' title='bbox 1790 2815 1881 2893; x_wconf 87' lang='lat' dir='ltr'>qui</span> <span class='ocrx_word' id='word_1_273' title='bbox 1928 2833 2038 2872; x_wconf 92' lang='lat' dir='ltr'>non</span> <span class='ocrx_word' id='word_1_274' title='bbox 2069 2815 2193 2873; x_wconf 88' lang='lat' dir='ltr'>sine</span> 
     </span>
     <span class='ocr_line' id='line_1_29' title="bbox 159 2898 2196 2979; baseline -0 -20"><span class='ocrx_word' id='word_1_275' title='bbox 159 2901 523 2959; x_wconf 75' lang='lat' dir='ltr'>contentione</span> <span class='ocrx_word' id='word_1_276' title='bbox 555 2900 855 2970; x_wconf 85' lang='lat' dir='ltr'>emittitur,</span> <span class='ocrx_word' id='word_1_277' title='bbox 898 2898 1046 2979; x_wconf 91' lang='lat' dir='ltr'>quod</span> <span class='ocrx_word' id='word_1_278' title='bbox 1093 2901 1424 2977; x_wconf 74' lang='lat' dir='ltr'>trepidanti</span> <span class='ocrx_word' id='word_1_279' title='bbox 1451 2900 1688 2977; x_wconf 81' lang='lat' dir='ltr'>pectori</span> <span class='ocrx_word' id='word_1_280' title='bbox 1720 2899 2007 2959; x_wconf 83' lang='lat' dir='ltr'>convenit.</span> <span class='ocrx_word' id='word_1_281' title='bbox 2088 2898 2196 2971; x_wconf 83' lang='lat' dir='ltr'>Qui</span> 
     </span>
     <span class='ocr_line' id='line_1_30' title="bbox 157 2983 2196 3064; baseline 0 -22"><span class='ocrx_word' id='word_1_282' title='bbox 157 2983 269 3044; x_wconf 84' lang='lat' dir='ltr'>boe</span> <span class='ocrx_word' id='word_1_283' title='bbox 298 2983 470 3044; x_wconf 92' lang='lat' dir='ltr'>modo</span> <span class='ocrx_word' id='word_1_284' title='bbox 502 2986 680 3044; x_wconf 89' lang='lat' dir='ltr'>morbi</span> <span class='ocrx_word' id='word_1_285' title='bbox 713 2985 877 3063; x_wconf 78' lang='lat' dir='ltr'>signa</span> <span class='ocrx_word' id='word_1_286' title='bbox 920 2987 1044 3064; x_wconf 90' lang='lat' dir='ltr'>ipse</span> <span class='ocrx_word' id='word_1_287' title='bbox 1088 2983 1357 3043; x_wconf 82' lang='lat' dir='ltr'>indicavit</span> <span class='ocrx_word' id='word_1_288' title='bbox 1385 2983 1635 3056; x_wconf 90' lang='lat' dir='ltr'>medico,</span> <span class='ocrx_word' id='word_1_289' title='bbox 1666 2994 1851 3043; x_wconf 79' lang='lat' dir='ltr'>tamen</span> <span class='ocrx_word' id='word_1_290' title='bbox 1882 3004 1992 3042; x_wconf 91' lang='lat' dir='ltr'>non</span> <span class='ocrx_word' id='word_1_291' title='bbox 2026 2986 2196 3042; x_wconf 87' lang='lat' dir='ltr'>susti-</span> 
     </span>
     <span class='ocr_line' id='line_1_31' title="bbox 155 3068 2192 3150; baseline -0.001 -21"><span class='ocrx_word' id='word_1_292' title='bbox 155 3080 258 3129; x_wconf 84' lang='lat' dir='ltr'>net</span> <span class='ocrx_word' id='word_1_293' title='bbox 284 3090 480 3129; x_wconf 85' lang='lat' dir='ltr'>curam</span> <span class='ocrx_word' id='word_1_294' title='bbox 511 3089 635 3130; x_wconf 83' lang='lat' dir='ltr'>eam</span> <span class='ocrx_word' id='word_1_295' title='bbox 660 3069 931 3130; x_wconf 84' lang='lat' dir='ltr'>adhibere</span> <span class='ocrx_word' id='word_1_296' title='bbox 964 3090 1072 3150; x_wconf 85' lang='lat' dir='ltr'>qua</span> <span class='ocrx_word' id='word_1_297' title='bbox 1087 3080 1240 3148; x_wconf 88' lang='lat' dir='ltr'>eget.</span> <span class='ocrx_word' id='word_1_298' title='bbox 1285 3072 1489 3128; x_wconf 81' lang='lat' dir='ltr'>Iussus</span> <span class='ocrx_word' id='word_1_299' title='bbox 1505 3089 1539 3128; x_wconf 98' lang='lat' dir='ltr'>a</span> <span class='ocrx_word' id='word_1_300' title='bbox 1563 3068 1781 3128; x_wconf 87' lang='lat' dir='ltr'>medico</span> <span class='ocrx_word' id='word_1_301' title='bbox 1799 3073 2192 3147; x_wconf 68' lang='lat' dir='ltr'>reqmescere,</span> 
     </span>
     <span class='ocr_line' id='line_1_32' title="bbox 155 3154 2194 3235; baseline 0.001 -21"><span class='ocrx_word' id='word_1_302' title='bbox 155 3175 284 3214; x_wconf 81' lang='lat' dir='ltr'>nam</span> <span class='ocrx_word' id='word_1_303' title='bbox 314 3158 481 3235; x_wconf 84' lang='lat' dir='ltr'>quies</span> <span class='ocrx_word' id='word_1_304' title='bbox 511 3166 571 3215; x_wconf 90' lang='lat' dir='ltr'>et</span> <span class='ocrx_word' id='word_1_305' title='bbox 603 3156 942 3215; x_wconf 85' lang='lat' dir='ltr'>abstinentia</span> <span class='ocrx_word' id='word_1_306' title='bbox 981 3157 1214 3234; x_wconf 88' lang='lat' dir='ltr'>primum</span> <span class='ocrx_word' id='word_1_307' title='bbox 1262 3154 1567 3214; x_wconf 88' lang='lat' dir='ltr'>remedium</span> <span class='ocrx_word' id='word_1_308' title='bbox 1613 3155 1791 3228; x_wconf 90' lang='lat' dir='ltr'>(Cels.</span> <span class='ocrx_word' id='word_1_309' title='bbox 1821 3155 1917 3225; x_wconf 89' lang='grc' dir='ltr'>ΠΙ,</span> <span class='ocrx_word' id='word_1_310' title='bbox 1958 3158 2020 3226; x_wconf 90' lang='grc'>2,</span> <span class='ocrx_word' id='word_1_311' title='bbox 2064 3160 2194 3226; x_wconf 85' lang='grc'>21),</span> 
     </span>
     <span class='ocr_line' id='line_1_33' title="bbox 154 3238 2194 3321; baseline 0 -22"><span class='ocrx_word' id='word_1_312' title='bbox 154 3251 458 3321; x_wconf 80' lang='lat' dir='ltr'>postquam</span> <span class='ocrx_word' id='word_1_313' title='bbox 489 3243 671 3299; x_wconf 79' lang='lat' dir='ltr'>tertia</span> <span class='ocrx_word' id='word_1_314' title='bbox 701 3260 843 3312; x_wconf 75' lang='lat' dir='ltr'>nox,</span> <span class='ocrx_word' id='word_1_315' title='bbox 877 3261 1020 3320; x_wconf 83' lang='lat' dir='ltr'>quae</span> <span class='ocrx_word' id='word_1_316' title='bbox 1049 3242 1105 3299; x_wconf 90' lang='lat' dir='ltr'>in</span> <span class='ocrx_word' id='word_1_317' title='bbox 1139 3239 1286 3300; x_wconf 77' lang='lat' dir='ltr'>febri</span> <span class='ocrx_word' id='word_1_318' title='bbox 1318 3238 1669 3299; x_wconf 83' lang='lat' dir='ltr'>observanda</span> <span class='ocrx_word' id='word_1_319' title='bbox 1699 3250 1809 3310; x_wconf 88' lang='lat' dir='ltr'>est,</span> <span class='ocrx_word' id='word_1_320' title='bbox 1840 3258 2018 3299; x_wconf 83' lang='lat' dir='ltr'>venas·</span> <span class='ocrx_word' id='word_1_321' title='bbox 2045 3260 2194 3299; x_wconf 86' lang='lat' dir='ltr'>com-</span> 
     </span>
     <span class='ocr_line' id='line_1_34' title="bbox 152 3323 2194 3405; baseline -0 -20"><span class='ocrx_word' id='word_1_322' title='bbox 152 3328 412 3404; x_wconf 76' lang='lat' dir='ltr'>positas,</span> <span class='ocrx_word' id='word_1_323' title='bbox 447 3327 615 3384; x_wconf 90' lang='lat' dir='ltr'>nimio</span> <span class='ocrx_word' id='word_1_324' title='bbox 632 3328 840 3405; x_wconf 89' lang='lat' dir='ltr'>impetu</span> <span class='ocrx_word' id='word_1_325' title='bbox 858 3324 1056 3385; x_wconf 89' lang='lat' dir='ltr'>sedato</span> <span class='ocrx_word' id='word_1_326' title='bbox 1088 3324 1310 3404; x_wconf 84' lang='lat' dir='ltr'>placide</span> <span class='ocrx_word' id='word_1_327' title='bbox 1331 3344 1582 3385; x_wconf 81' lang='lat' dir='ltr'>currere</span> <span class='ocrx_word' id='word_1_328' title='bbox 1597 3323 1754 3395; x_wconf 85' lang='lat' dir='ltr'>vidit,</span> <span class='ocrx_word' id='word_1_329' title='bbox 1782 3326 1969 3384; x_wconf 82' lang='lat' dir='ltr'>vinum</span> <span class='ocrx_word' id='word_1_330' title='bbox 2001 3326 2194 3384; x_wconf 79' lang='lat' dir='ltr'>afferri</span> 
     </span>
     <span class='ocr_line' id='line_1_35' title="bbox 156 3410 2196 3481; baseline -0.001 -11"><span class='ocrx_word' id='word_1_331' title='bbox 156 3411 339 3471; x_wconf 86' lang='lat' dir='ltr'>iubet.</span> <span class='ocrx_word' id='word_1_332' title='bbox 401 3412 665 3471; x_wconf 82' lang='lat' dir='ltr'>Currere</span> <span class='ocrx_word' id='word_1_333' title='bbox 707 3410 777 3471; x_wconf 89' lang='lat' dir='ltr'>de</span> <span class='ocrx_word' id='word_1_334' title='bbox 821 3413 983 3471; x_wconf 85' lang='lat' dir='ltr'>venis</span> <span class='ocrx_word' id='word_1_335' title='bbox 1027 3412 1279 3470; x_wconf 89' lang='lat' dir='ltr'>insolens</span> <span class='ocrx_word' id='word_1_336' title='bbox 1321 3422 1445 3481; x_wconf 88' lang='lat' dir='ltr'>est,</span> <span class='ocrx_word' id='word_1_337' title='bbox 1494 3411 1753 3470; x_wconf 89' lang='lat' dir='ltr'>similiter</span> <span class='ocrx_word' id='word_1_338' title='bbox 1781 3420 1966 3470; x_wconf 82' lang='lat' dir='ltr'>autem</span> <span class='ocrx_word' id='word_1_339' title='bbox 1997 3410 2196 3470; x_wconf 88' lang='lat' dir='ltr'>Celsus</span> 
     </span>
     <span class='ocr_line' id='line_1_36' title="bbox 157 3494 2194 3574; baseline -0.003 -14"><span class='ocrx_word' id='word_1_340' title='bbox 157 3495 281 3568; x_wconf 82' lang='grc' dir='ltr'>(ΙΙΙ,</span> <span class='ocrx_word' id='word_1_341' title='bbox 314 3501 379 3568; x_wconf 85' lang='grc'>6)</span> <span class='ocrx_word' id='word_1_342' title='bbox 409 3516 588 3556; x_wconf 81' lang='lat' dir='ltr'>venas</span> <span class='ocrx_word' id='word_1_343' title='bbox 619 3498 802 3558; x_wconf 84' lang='lat' dir='ltr'>lentas</span> <span class='ocrx_word' id='word_1_344' title='bbox 832 3497 1219 3556; x_wconf 85' lang='lat' dir='ltr'>celerioresve</span> <span class='ocrx_word' id='word_1_345' title='bbox 1251 3494 1409 3554; x_wconf 78' lang='lat' dir='ltr'>dixit.</span> <span class='ocrx_word' id='word_1_346' title='bbox 1453 3495 1753 3574; x_wconf 86' lang='lat' dir='ltr'>Vituperat</span> <span class='ocrx_word' id='word_1_347' title='bbox 1781 3497 1992 3555; x_wconf 87' lang='lat' dir='ltr'>acriter</span> <span class='ocrx_word' id='word_1_348' title='bbox 2021 3495 2076 3554; x_wconf 83' lang='lat' dir='ltr'>h.</span> <span class='ocrx_word' id='word_1_349' title='bbox 2107 3515 2194 3554; x_wconf 86' lang='lat' dir='ltr'>vs.</span> 
     </span>
     <span class='ocr_line' id='line_1_37' title="bbox 157 3579 2195 3662; baseline -0 -21"><span class='ocrx_word' id='word_1_350' title='bbox 157 3580 430 3641; x_wconf 78' lang='lat' dir='ltr'>Heinsius</span> <span class='ocrx_word' id='word_1_351' title='bbox 476 3579 548 3641; x_wconf 84' lang='lat' dir='ltr'>de</span> <span class='ocrx_word' id='word_1_352' title='bbox 589 3593 696 3642; x_wconf 82' lang='lat' dir='ltr'>sat.</span> <span class='ocrx_word' id='word_1_353' title='bbox 729 3582 865 3640; x_wconf 85' lang='lat' dir='ltr'>flor.</span> <span class='ocrx_word' id='word_1_354' title='bbox 897 3582 946 3642; x_wconf 92' lang='lat'>11</span> <span class='ocrx_word' id='word_1_355' title='bbox 976 3603 1031 3660; x_wconf 90' lang='lat' dir='ltr'>p.</span> <span class='ocrx_word' id='word_1_356' title='bbox 1064 3586 1189 3644; x_wconf 86' lang='grc'>235</span> <span class='ocrx_word' id='word_1_357' title='bbox 1222 3602 1308 3662; x_wconf 85' lang='lat' dir='ltr'>sq.</span> <span class='ocrx_word' id='word_1_358' title='bbox 1381 3583 1471 3640; x_wconf 88' lang='lat' dir='ltr'>De</span> <span class='ocrx_word' id='word_1_359' title='bbox 1495 3583 1715 3640; x_wconf 72' lang='lat' dir='ltr'>maiore</span> <span class='ocrx_word' id='word_1_360' title='bbox 1738 3582 1926 3652; x_wconf 83' lang='lat' dir='ltr'>domo,</span> <span class='ocrx_word' id='word_1_361' title='bbox 1959 3600 1992 3639; x_wconf 86' lang='lat' dir='ltr'>a</span> <span class='ocrx_word' id='word_1_362' title='bbox 2024 3579 2195 3640; x_wconf 82' lang='lat' dir='ltr'>divite</span> 
     </span>
     <span class='ocr_line' id='line_1_38' title="bbox 158 3665 2196 3748; baseline -0.001 -23"><span class='ocrx_word' id='word_1_363' title='bbox 158 3665 399 3748; x_wconf 84' lang='lat' dir='ltr'>quodam</span> <span class='ocrx_word' id='word_1_364' title='bbox 430 3668 611 3726; x_wconf 85' lang='lat' dir='ltr'>amico</span> <span class='ocrx_word' id='word_1_365' title='bbox 645 3667 711 3740; x_wconf 92' lang='grc' dir='ltr'>(Ι,</span> <span class='ocrx_word' id='word_1_366' title='bbox 748 3667 918 3746; x_wconf 89' lang='grc'>108),</span> <span class='ocrx_word' id='word_1_367' title='bbox 951 3669 1044 3747; x_wconf 89' lang='lat' dir='ltr'>qui</span> <span class='ocrx_word' id='word_1_368' title='bbox 1074 3668 1234 3745; x_wconf 86' lang='lat' dir='ltr'>copia</span> <span class='ocrx_word' id='word_1_369' title='bbox 1281 3668 1610 3744; x_wconf 85' lang='lat' dir='ltr'>optimorum</span> <span class='ocrx_word' id='word_1_370' title='bbox 1657 3667 1909 3724; x_wconf 79' lang='lat' dir='ltr'>vinorum</span> <span class='ocrx_word' id='word_1_371' title='bbox 1940 3668 2196 3725; x_wconf 88' lang='lat' dir='ltr'>instructi</span> 
     </span>
     <span class='ocr_line' id='line_1_39' title="bbox 159 3750 2194 3830; baseline -0 -19"><span class='ocrx_word' id='word_1_372' title='bbox 159 3755 356 3830; x_wconf 80' lang='lat' dir='ltr'>aegris</span> <span class='ocrx_word' id='word_1_373' title='bbox 387 3753 582 3811; x_wconf 88' lang='lat' dir='ltr'>amicis</span> <span class='ocrx_word' id='word_1_374' title='bbox 615 3754 836 3811; x_wconf 89' lang='lat' dir='ltr'>mittere</span> <span class='ocrx_word' id='word_1_375' title='bbox 886 3752 1148 3812; x_wconf 86' lang='lat' dir='ltr'>solebant</span> <span class='ocrx_word' id='word_1_376' title='bbox 1189 3751 1329 3825; x_wconf 81' lang='lat' dir='ltr'>(Iuv.</span> <span class='ocrx_word' id='word_1_377' title='bbox 1360 3751 1435 3822; x_wconf 87' lang='lat' dir='ltr'>V,</span> <span class='ocrx_word' id='word_1_378' title='bbox 1467 3755 1569 3813; x_wconf 83' lang='grc'>32.</span> <span class='ocrx_word' id='word_1_379' title='bbox 1599 3750 1771 3810; x_wconf 83' lang='lat' dir='ltr'>Mart.</span> <span class='ocrx_word' id='word_1_380' title='bbox 1806 3751 1876 3822; x_wconf 87' lang='lat'>11,</span> <span class='ocrx_word' id='word_1_381' title='bbox 1904 3755 2050 3823; x_wconf 79' lang='grc'>40),</span> <span class='ocrx_word' id='word_1_382' title='bbox 2096 3772 2194 3810; x_wconf 87' lang='lat' dir='ltr'>ro-</span> 
     </span>
     <span class='ocr_line' id='line_1_40' title="bbox 154 3833 2192 3916; baseline -0.001 -20"><span class='ocrx_word' id='word_1_383' title='bbox 154 3839 335 3916; x_wconf 80' lang='lat' dir='ltr'>gavit</span> <span class='ocrx_word' id='word_1_384' title='bbox 362 3839 763 3908; x_wconf 81' lang='lat' dir='ltr'>Surrentina,</span> <span class='ocrx_word' id='word_1_385' title='bbox 811 3856 956 3916; x_wconf 86' lang='lat' dir='ltr'>quae</span> <span class='ocrx_word' id='word_1_386' title='bbox 1002 3857 1037 3896; x_wconf 88' lang='lat' dir='ltr'>a</span> <span class='ocrx_word' id='word_1_387' title='bbox 1080 3835 1312 3897; x_wconf 87' lang='lat' dir='ltr'>medicis</span> <span class='ocrx_word' id='word_1_388' title='bbox 1352 3833 1644 3896; x_wconf 82' lang='lat' dir='ltr'>veteribus</span> <span class='ocrx_word' id='word_1_389' title='bbox 1675 3837 1913 3895; x_wconf 84' lang='lat' dir='ltr'>maxime</span> <span class='ocrx_word' id='word_1_390' title='bbox 1945 3836 2192 3914; x_wconf 83' lang='lat' dir='ltr'>probari,</span> 
     </span>
     <span class='ocr_line' id='line_1_41' title="bbox 160 3920 2194 4001; baseline -0 -20"><span class='ocrx_word' id='word_1_391' title='bbox 160 3923 505 3981; x_wconf 83' lang='lat' dir='ltr'>stomachum</span> <span class='ocrx_word' id='word_1_392' title='bbox 538 3922 687 3980; x_wconf 92' lang='lat' dir='ltr'>nullo</span> <span class='ocrx_word' id='word_1_393' title='bbox 715 3920 880 3981; x_wconf 87' lang='lat' dir='ltr'>modo</span> <span class='ocrx_word' id='word_1_394' title='bbox 909 3922 1146 4001; x_wconf 87' lang='lat' dir='ltr'>implere</span> <span class='ocrx_word' id='word_1_395' title='bbox 1178 3941 1284 3981; x_wconf 90' lang='lat' dir='ltr'>nec</span> <span class='ocrx_word' id='word_1_396' title='bbox 1315 3931 1485 4000; x_wconf 90' lang='lat' dir='ltr'>caput</span> <span class='ocrx_word' id='word_1_397' title='bbox 1523 3932 1744 3981; x_wconf 85' lang='lat' dir='ltr'>tentare</span> <span class='ocrx_word' id='word_1_398' title='bbox 1786 3920 1958 3980; x_wconf 83' lang='lat' dir='ltr'>tradit</span> <span class='ocrx_word' id='word_1_399' title='bbox 1987 3922 2194 3981; x_wconf 87' lang='lat' dir='ltr'>Plinius</span> 
     </span>
     <span class='ocr_line' id='line_1_42' title="bbox 162 4006 2198 4086; baseline 0 -20"><span class='ocrx_word' id='word_1_400' title='bbox 162 4006 396 4082; x_wconf 82' lang='lat' dir='ltr'>(XXIII,</span> <span class='ocrx_word' id='word_1_401' title='bbox 433 4013 490 4078; x_wconf 86' lang='lat'>1,</span> <span class='ocrx_word' id='word_1_402' title='bbox 521 4010 652 4080; x_wconf 85' lang='lat'>2⁰),</span> <span class='ocrx_word' id='word_1_403' title='bbox 681 4006 941 4086; x_wconf 82' lang='lat' dir='ltr'>idemque</span> <span class='ocrx_word' id='word_1_404' title='bbox 972 4007 1108 4067; x_wconf 92' lang='lat' dir='ltr'>dicit</span> <span class='ocrx_word' id='word_1_405' title='bbox 1148 4006 1327 4082; x_wconf 87' lang='lat' dir='ltr'>(XIV,</span> <span class='ocrx_word' id='word_1_406' title='bbox 1358 4010 1420 4079; x_wconf 83' lang='lat'>6,</span> <span class='ocrx_word' id='word_1_407' title='bbox 1450 4011 1538 4078; x_wconf 92' lang='grc'>8),</span> <span class='ocrx_word' id='word_1_408' title='bbox 1568 4006 2096 4067; x_wconf 79' lang='lat' dir='ltr'>convalescentibus</span> <span class='ocrx_word' id='word_1_409' title='bbox 2127 4027 2198 4067; x_wconf 88' lang='lat' dir='ltr'>ea</span> 
     </span>
     <span class='ocr_line' id='line_1_43' title="bbox 161 4092 2195 4173; baseline -0.001 -21"><span class='ocrx_word' id='word_1_410' title='bbox 161 4094 401 4152; x_wconf 82' lang='lat' dir='ltr'>maxime</span> <span class='ocrx_word' id='word_1_411' title='bbox 435 4092 675 4171; x_wconf 83' lang='lat' dir='ltr'>probata</span> <span class='ocrx_word' id='word_1_412' title='bbox 707 4112 841 4152; x_wconf 90' lang='lat' dir='ltr'>esse</span> <span class='ocrx_word' id='word_1_413' title='bbox 859 4103 1094 4173; x_wconf 87' lang='lat' dir='ltr'>propter</span> <span class='ocrx_word' id='word_1_414' title='bbox 1123 4094 1455 4153; x_wconf 84' lang='lat' dir='ltr'>tenuitatem</span> <span class='ocrx_word' id='word_1_415' title='bbox 1484 4102 1546 4152; x_wconf 91' lang='lat' dir='ltr'>et</span> <span class='ocrx_word' id='word_1_416' title='bbox 1575 4092 1978 4153; x_wconf 82' lang='lat' dir='ltr'>salubritatem.</span> <span class='ocrx_word' id='word_1_417' title='bbox 2010 4095 2195 4153; x_wconf 77' lang='lat' dir='ltr'>Lenia</span> 
     </span>
    </p>

    <p class='ocr_par' dir='ltr' id='par_1_5' title="bbox 238 4182 1769 4239">
     <span class='ocr_line' id='line_1_44' title="bbox 238 4182 1769 4239; baseline 0.001 -2"><span class='ocrx_word' id='word_1_418' title='bbox 238 4197 476 4238; x_wconf 72' lang='lat' dir='ltr'>nasius.</span> <span class='ocrx_word' id='word_1_419' title='bbox 1395 4198 1404 4205; x_wconf 91' lang='lat'><strong>·</strong></span> <span class='ocrx_word' id='word_1_420' title='bbox 1700 4182 1769 4239; x_wconf 82' lang='lat'>11</span> 
     </span>
    </p>
   </div>
  </div>
 </body>
</html>
