2764 4738
569 380 654 442 98
1285 371 1451 433 SA'r.
1485 373 1527 443 1,
1560 377 1641 435 72
1672 406 1755 417 —-
1785 376 1889 435 76.

571 543 725 604 dicit.
757 543 830 602 V.
862 541 1133 621 Hartung.
1166 542 1291 604 Rel.
1325 541 1380 604 d.
1413 542 1574 602 Rom.
1606 542 1655 602 ΙΙ
1684 563 1739 622 Ρ.
1763 547 1883 606 148
1898 562 2026 623 sqq.
2060 541 2339 603 Klausen.
2372 540 2599 603 Aeneas

574 630 624 689 11
654 650 710 708 p.
741 632 864 691 879
898 649 1020 709 sqq.
1050 629 1292 689 Merkel.
1324 627 1395 687 ad
1415 627 1574 688 Ovid.
1605 628 1763 688 Fast.
1796 650 1850 708 p.
1869 627 2136 688 CLXXX
2166 649 2258 708 sq.
2278 627 2503 690 CCVIII
2516 651 2597 709 sq.

569 716 641 774 cl.
676 713 904 773 Grimm.
945 714 1236 775 Deutscbe
1274 714 1515 795 Mytbol.
1560 734 1616 793 p.
1663 717 1788 775 355
1819 734 1904 794 sq.
1977 717 2211 773 Remum
2254 717 2484 793 saepius
2526 719 2598 773 ita

571 811 1013 860 commemorant
1040 811 1267 878 poetae,
1308 821 1363 859 v.
1396 797 1565 879 Prop.
1598 798 1668 870 II,
1705 804 1759 869 1,
1791 803 1892 861 23.
1935 798 1991 858 V
2020 799 2162 877 [IV]‚
2199 805 2254 871 1,
2287 803 2348 864 9.
2382 800 2498 860 Iuv.
2527 801 2598 870 X,

571 890 677 949 73.
711 885 882 945 Mart.
910 885 1038 956 XII,
1071 890 1130 956 3,
1163 888 1222 947 6.
1268 884 1354 944 De
1399 886 1469 943 L.
1523 886 1763 960 Quintio
1796 886 2169 956 Cincinnato,
2216 904 2382 964 quem
2433 887 2601 965 legati

572 983 825 1030 arantem
860 971 1246 1040 inveniebant,
1300 977 1425 1029 cum
1457 972 1703 1028 nuntium
1750 969 2054 1040 afferrent,
2096 989 2225 1028 eum
2273 968 2601 1031 dictatorem

572 1068 824 1116 creatum
856 1076 1010 1126 esse,
1041 1055 1279 1115 historia
1308 1067 1442 1114 nota
1472 1066 1581 1114 est.
1624 1054 1750 1114 Liv.
1780 1055 1876 1125 Ill,
1908 1058 2011 1117 26.
2044 1055 2163 1113 Cic.
2181 1056 2306 1114 Cat.
2340 1059 2471 1115 mai.
2508 1060 2599 1126 16,

575 1145 678 1205 56.
725 1144 978 1201 Bentale
1006 1139 1310 1200 secundum
1335 1139 1595 1200 Servium
1628 1139 1723 1214 (ad
1740 1139 1902 1218 Virg.
1924 1137 2196 1218 Georg.1,
2221 1146 2369 1214 172)
2403 1143 2600 1221 lignum

571 1239 680 1298 est,
710 1229 767 1286 in
799 1225 947 1307 quod
976 1247 1173 1287 vomer
1202 1225 1593 1297 introducitur,
1624 1226 1814 1304 itaque
1844 1244 2053 1285 revera
2067 1224 2194 1284 dum
2224 1227 2444 1286 sulcum
2474 1229 2602 1287 facit

571 1324 820 1372 aratrum
852 1310 1099 1372 dentalia
1128 1324 1407 1383 teruntur,
1440 1313 1514 1371 cf.
1548 1311 1720 1370 VosS.
1752 1307 1827 1370 ad
1854 1310 2016 1388 Virg.
2064 1311 2103 1368 l.
2134 1311 2171 1368 l.
2204 1323 2266 1371 et
2304 1332 2602 1372 excursum

571 1400 628 1457 in
661 1397 940 1476 Wagneri
973 1397 1220 1458 editione
1236 1397 1464 1475 Virgilii
1482 1396 1760 1476 Heyniani
1790 1407 1831 1454 t.
1865 1396 1889 1455 Ι
1918 1416 1976 1474 Ρ.
2007 1399 2151 1459 387.
2188 1396 2344 1457 Uxor
2373 1401 2602 1479 trepida

570 1485 607 1541 i.
640 1503 693 1543 e.
727 1484 956 1555 festina,
991 1482 1159 1543 Serv.
1195 1481 1267 1543 ad
1296 1483 1460 1561 Virg.
1490 1479 1638 1541 Aen.
1668 1468 1764 1551 nl,
1799 1484 1944 1551 666,
1977 1501 2120 1561 quae
2141 1525 2158 1550 ,
2202 1493 2265 1541 ut
2294 1482 2494 1542 Livius
2526 1484 2603 1542 di-

569 1571 666 1638 cit,
700 1581 887 1647 togam
917 1588 1160 1648 propere
1193 1588 1226 1628 e
1256 1569 1481 1647 tugurio
1512 1568 1774 1646 proferre
1806 1568 1963 1625 iussa
1993 1578 2102 1628 est.

738 1675 795 1713 v.
826 1658 1097 1717 76—82.
1158 1654 1408 1733 Ineptum
1453 1652 1694 1712 studium
1746 1654 2007 1733 antiquos
2061 1664 2329 1713 auctores
2376 1655 2457 1713 ita
2491 1657 2603 1712 imi—

569 1736 741 1810 tandi,
773 1752 834 1799 ut
864 1741 1122 1799 obsoleta
1164 1751 1332 1819 atque
1380 1740 1490 1797 situ
1523 1735 1777 1819 squalida
1807 1738 1981 1796 verba
2025 1736 2156 1797 inde
2188 1751 2432 1808 sumant,
2464 1743 2605 1798 xitu-

569 1836 735 1905 perat
763 1828 818 1884 in
849 1826 1215 1904 scriptoribus
1248 1826 1333 1883 sui
1366 1827 1635 1902 temporis
1668 1824 1835 1884 etiani
1853 1822 2077 1882 Seneca
2109 1829 2228 1902 (ep.
2250 1824 2474 1896 cxlv,
2510 1829 2603 1892 13.

572 1933 625 1990 p.
661 1915 784 1975 165
816 1909 1064 1985 Scbw.):
1111 1911 1314 1982 „Multi
1359 1930 1433 1968 ex
1464 1910 1648 1969 alieno
1680 1909 1876 1968 seculo
1907 1920 2105 1987 petunt
2133 1909 2348 1981 verba,
2393 1908 2607 1969 duode-

573 1997 681 2056 cim
713 1996 934 2055 tabulas
966 1997 1286 2076 loquuntur,
1320 1993 1610 2054 Gracchus
1641 1995 1750 2053 illis
1782 2005 1842 2053 et
1872 1993 2117 2053 Crassus
2145 2006 2206 2054 et
2238 1993 2410 2054 Curio
2434 1998 2607 2069 ‘nimis

571 2082 704 2141 culti
736 2093 795 2140 et
822 2094 1089 2142 recentes
1122 2093 1283 2152 sunt,
1326 2078 1399 2140 ad
1441 2081 1683 2159 Appium
1731 2099 1909 2158 usque
1950 2091 2010 2139 et
2054 2076 2469 2139 Coruncanium
2514 2101 2607 2141 re-

570 2166 806 2227 deunt.“
852 2167 928 2226 Et
957 2168 1064 2226 boc
1093 2169 1286 2226 vitium
1329 2169 1511 2244 magis
1557 2168 1846 2244 magisque
1892 2167 2150 2224 crevisse
2192 2164 2403 2224 docent
2433 2167 2607 2239 Quin·

569 2252 795 2311 tilianus
828 2252 895 2326 (Ι.
930 2254 995 2312 Ο.
1029 2251 1158 2312 VIII
1202 2273 1455 2331 prooem.
1510 2257 1610 2324 12)
1655 2263 1713 2310 et
1757 2251 1991 2309 Tacitus
2039 2249 2133 2323 (de
2164 2262 2339 2312 oratt.
2377 2264 2429 2310 e.
2464 2272 2522 2330 g.
2554 2273 2606 2311 c.

566 2341 695 2412 23).
742 2337 832 2397 Cf.
868 2336 1061 2398 Sidon.
1092 2336 1281 2417 Apoll.
1314 2357 1443 2417 epp.
1473 2336 1625 2405 VIII,
1660 2340 1757 2399 16.
1791 2335 1946 2409 Quos
1978 2347 2165 2395 autem
2195 2336 2287 2397 bic
2318 2339 2609 2416 coniungit

568 2424 724 2483 clara
754 2426 809 2482 in
842 2423 1137 2503 tragoedia
1166 2424 1419 2484 Romana
1448 2425 1670 2483 nomina
1700 2434 1891 2500 poeta,
1919 2425 2155 2483 Attium
2184 2434 2245 2481 et
2260 2426 2605 2491 Pacuvium,

567 2513 622 2568 in
653 2529 886 2589 quorum
917 2510 1254 2569 carminibus
1282 2508 1665 2569 obtrectandis
1694 2509 1905 2567 clarum
1936 2528 2003 2568 se
2033 2509 2141 2567 iam
2161 2507 2414 2567 Lucilius
2447 2509 2609 2569 fece-

568 2607 677 2665 rat,
710 2593 940 2654 eosdem
970 2597 1024 2653 in
1059 2596 1223 2654 simili
1255 2615 1430 2654 causa
1460 2597 1804 2672 coniungunt
1819 2593 2049 2652 Tacitus
2069 2592 2162 2666 (de
2176 2604 2347 2652 oratt.
2366 2598 2473 2656 20.
2498 2600 2605 2664 21)

571 2693 632 2740 et
659 2679 938 2740 Martialis
991 2679 1113 2751 (XI,
1160 2685 1262 2752 90,
1296 2684 1379 2753 6).
1441 2679 1602 2754 Quod
1644 2701 1770 2739 cum
1812 2677 2105 2749 laudibuS,
2150 2699 2292 2758 quas
2337 2681 2395 2738 in
2425 2680 2608 2739 hosce

567 2778 767 2845 poetas
799 2768 1072 2825 cumulari
1114 2764 1364 2825 videmus
1386 2810 1403 2836 ,
1434 2786 1545 2824 non
1577 2776 1822 2843 pugnat,
1868 2784 1993 2823 cum
2036 2766 2391 2842 vituperetur
2433 2765 2609 2824 stulta

568 2864 778 2911 tantum
809 2853 1064 2921 imitatio,
1097 2871 1242 2931 quae
1274 2872 1347 2911 ea
1375 2850 1504 2910 inde
1537 2853 1736 2921 sumit,
1785 2870 1929 2929 quae
1974 2870 2084 2908 non
2116 2861 2247 2908 sunt
2288 2849 2605 2929 sequenda.

565 2940 741 2997 Attio
770 2949 957 2998 autem
989 2944 1300 3015 cognan
1348 2935 1443 2995 dat
1485 2938 1761 3008 Brisaei,
1806 2933 1954 3015 quod
1996 2934 2225 3014 proprie
2269 2933 2481 2994 Bacchi
2514 2948 2607 2996 est

569 3032 646 3097 (v.
681 3021 808 3082 adn.
840 3026 967 3083 crit.
1000 3033 1060 3081 et
1088 3021 1159 3081 ad
1190 3022 1396 3095 scbol.)
1417 3066 1433 3093 ,
1477 3034 1539 3080 ut
1568 3022 1827 3080 similiter
1868 3021 2282 3101 Aristophanes
2315 3020 2605 3080 Cratinum

565 3104 953 3189 ταυροφάγου
982 3106 1140 3179 dixit,
1190 3105 1336 3187 quod
1377 3117 1438 3167 et
1480 3109 1660 3186 ipsum
1692 3107 1901 3166 Bacchi
1945 3126 2257 3185 cognomen
2303 3118 2395 3165 est
2426 3106 2602 3180 (Rau.

567 3197 692 3255 357
724 3194 799 3253 cf.
829 3193 1101 3254 Meineke
1124 3236 1140 3263 ,
1183 3193 1313 3251 bist.
1359 3194 1486 3251 crit.
1518 3213 1573 3271 p.
1609 3197 1737 3263 52).
1802 3190 1964 3265 Quod
2001 3212 2163 3271 quam
2194 3193 2431 3269 egregie
2464 3212 2606 3251 con—

565 3280 757 3338 veniat
787 3299 910 3338 cum
942 3280 1010 3336 iis
1031 3322 1047 3349 ,
1094 3297 1239 3358 quae
1271 3276 1341 3336 de
1371 3277 1531 3336 Attio
1561 3277 1994 3356 praedicantur,
2038 3295 2203 3357 quem
2233 3277 2403 3334 altum
2437 3277 2604 3349 (Hor.

466 3360 471 3364 ”
567 3383 695 3442 epp.
727 3364 796 3435 ΙΙ,
825 3371 880 3435 1,
915 3369 1041 3436 55),
1073 3365 1381 3423 animosum
1414 3362 1745 3436 ‹Ovid.Am.
1774 3363 1817 3434 I,
1851 3368 1909 3429 5.
1947 3366 2047 3436 19)
2079 3373 2308 3432 vocant,
2339 3364 2430 3421 cui
2445 3364 2607 3423 vires

567 3452 817 3508 tribuunt
861 3449 1078 3522 (Quint.
1128 3449 1204 3519 X,
1241 3452 1295 3519 1,
1342 3452 1482 3522 97),
1544 3448 1895 3508 demonstrat
1939 3447 2288 3506 Welckerus
2336 3447 2600 3521 (Griech.

564 3534 734 3613 Trag.
767 3556 820 3613 p.
859 3539 1066 3607 1394).
1128 3534 1309 3593 Liber
1330 3553 1459 3593 voc.
1503 3536 1672 3593 etiam
1716 3531 1788 3593 de
1821 3532 2010 3592 fabula
2053 3534 2348 3610 usurpari,
2392 3531 2606 3593 docent

566 3620 796 3694 Quintil.
827 3620 871 3691 1,-
907 3623 1006 3689 10.
1057 3624 1169 3681 18:
1212 3621 1707 3698 „Aristophanes
1751 3637 1973 3698 quoque
2018 3638 2128 3677 non
2174 3639 2284 3677 uno
2317 3618 2474 3676 libro
2501 3616 2605 3678 de·

565 3713 909 3765 monstrat.“
954 3704 1219 3783 Propert.
1241 3705 1318 3764 lv
1349 3704 1489 3782 [Ill]‚
1521 3708 1724 3775 21,28
1756 3704 2236 3782 „Liby-urumque
2268 3715 2395 3762 tuos
2427 3701 2602 3763 docte

566 3793 896 3850 Menandre
922 3791 1148 3860 saleS,“.
1184 3791 1259 3849 cf.
1285 3790 1477 3849 Front.
1512 3810 1639 3868 epp.
1673 3787 1741 3848 ad
1775 3789 1853 3848 M.
1888 3789 2055 3849 Caes.
2085 3788 2156 3859 ΙΙ,
2193 3793 2268 3850 13
2301 3809 2357 3867 Ρ.
2393 3793 2474 3851 58
2506 3788 2602 3848 ed.

567 3875 759 3947 Rom.,
792 3876 883 3935 ubi
913 3876 991 3935 M.
1040 3875 1255 3935 Caesar
1293 3887 1489 3934 narrat
1534 3895 1599 3935 se
1645 3895 1719 3934 ex
1761 3876 2059 3953 sexaginta
2105 3874 2277 3932 libris
2322 3886 2605 3952 excerpta

567 3964 801 4033 fecisse,
833 3963 888 4019 in
920 3962 1118 4041 quibus
1147 3963 1456 4019 Nouianae
1487 3972 1547 4020 et
1573 3961 2006 4020 Atellaniolae.
2066 3959 2303 4018 Omnino
2335 3960 2490 4019 liber
2518 3958 2606 4019 di-

567 4049 713 4106 citur
740 4046 811 4107 de
843 4058 963 4106 toto
995 4045 1232 4125 quodam
1250 4066 1448 4123 opere,
1481 4047 1700 4106 etiamsi
1718 4046 1844 4124 plus
1877 4065 1986 4105 uno
2009 4044 2151 4105 libro
2169 4044 2605 4124 complectatur,
