2764 4738
1796 347 1836 364 ,ι-

839 386 1564 449 PROLEGOMENA.
1985 456 1992 462 ,
2044 407 2222 449 xnvn

164 557 368 623 verbis
398 555 672 642 pluribus
701 567 1060 636 uterentur,
1106 578 1282 640 quam
1313 555 1523 641 quibus
1553 555 1628 619 ad
1668 555 2034 621 sententiam
2066 555 2221 619 iudi-

169 661 424 725 candam
476 681 624 742 opus
671 670 859 724 esset.
922 658 1101 741 Quod
1143 658 1196 722 si
1240 658 1371 741 quis
1419 658 1494 721 de
1541 654 1755 722 Persio
1786 659 1995 723 valere
2025 669 2216 742 putat,

169 773 374 827 erratz
426 781 570 825 nam
600 762 654 826 is
683 760 787 826 ubi
818 781 852 825 e
885 781 951 824 re
985 780 1121 824 esse
1150 760 1429 836 videtur,
1479 759 1682 824 verbis
1715 780 1838 822 non
1867 763 2101 843 parcit,
2147 760 2220 824 ab

167 866 452 930 ubertate
514 883 639 926 non
682 862 954 940 alienus,
1008 882 1359 944 quamquam
1407 882 1529 924 non
1574 860 1810 924 diffluit.
1919 860 2222 945 Siquidem

171 967 413 1051 quando
462 963 831 1030 sententiam
876 963 977 1027 vel
1017 964 1338 1047 imaginem
1370 983 1802 1065 ³usquequaque
1833 963 2055 1027 claram
2087 964 2225 1027 red-

176 1070 322 1133 dere
370 1068 506 1132 vult
566 1076 631 1130 et
687 1066 1102 1149 perspicuam,
1180 1066 1632 1149 haudquaquam
1679 1084 1753 1128 eo
1801 1085 1916 1146 quo
1964 1066 2225 1128 diximus

173 1172 351 1235 modo
385 1168 593 1233 brevis
626 1180 759 1247 est,
807 1169 987 1231 immo
1035 1169 1254 1233 nimius
1295 1170 1425 1233 fere
1469 1170 1533 1231 in
1566 1167 1999 1252 persequendis
2031 1179 2095 1231 et
2126 1168 2227 1231 de·-

176 1271 521 1337 scribendis
571 1271 813 1334 minutis
859 1269 1250 1354 quibusdam,
1297 1290 1490 1353 neque
1552 1270 1803 1334 eandem
1864 1271 2229 1333 sententiam

177 1386 464 1459 repetere
512 1373 780 1450 dubitat,
830 1373 936 1437 sed
981 1372 1065 1436 ita
1110 1373 1444 1451 variatam,
1506 1383 1571 1435 ut
1622 1370 1834 1435 maiori
1881 1394 2016 1435 cum
2062 1372 2126 1436 vi
2172 1382 2233 1435 et

178 1478 445 1541 efficacia
489 1474 606 1537 iam
649 1475 925 1558 prodeat.
1004 1473 1178 1556 Quod
1223 1476 1274 1538 si
1320 1475 1452 1557 quis
1499 1474 1657 1537 bunc
1700 1474 1896 1537 locum
1940 1484 2232 1538 accurate

181 1580 504 1662 inspiciat,
551 1578 604 1640 is
649 1598 772 1640 non
820 1577 1193 1655 offendetur,
1242 1578 1293 1641 si
1333 1587 1514 1661 poeta
1561 1587 1697 1660 post
1739 1586 2084 1640 accuratam
2129 1597 2232 1640 eo-

180 1703 350 1758 rum,
399 1699 553 1762 quae
598 1688 1063 1762 praecesserunt
1107 1677 1611 1763 descriptionem,
1659 1678 1778 1740 iam
1822 1678 2009 1742 effuse
2045 1678 2228 1755 ridet,

182 1794 243 1847 et
274 1783 458 1846 buius
487 1780 778 1846 stultitiae
810 1779 1100 1844 ridendae
1130 1781 1304 1844 finem
1351 1801 1477 1844 non
1521 1780 1777 1847 invenit.
1838 1780 2022 1845 Alter
2062 1780 2233 1846 locus

186 1897 287 1951 est
317 1883 402 1962 V,
438 1882 523 1947 96
554 1905 682 1966 sqq.
709 1910 725 1947 ε

356 1985 500 2050 Stat
529 1997 742 2049 contra
776 1985 931 2049 ratio
951 2032 968 2064 ‚
1016 1996 1079 2049 et
1107 1996 1400 2050 secretam
1432 1985 1625 2068 garrit
1652 1985 1714 2049 in
1745 2005 1977 2065 aurem,

353 2086 463 2153 Ne
492 2087 677 2153 liceat
706 2089 910 2152 facere
941 2087 1002 2151 id
1023 2132 1042 2164 ‚
1093 2087 1249 2170 quod
1279 2088 1412 2171 quis
1442 2088 1680 2154 vitiabit
1713 2088 1975 2172 agendo.

357 2189 615 2254 Publica
648 2191 756 2254 lex
787 2190 1088 2253 hominum
1112 2236 1130 2267 ,
1178 2200 1514 2273 naturaque
1548 2190 1823 2256 continet
1852 2191 1966 2255 boc
1997 2191 2117 2270 fas,

359 2290 447 2357 Ut
476 2302 688 2355 teneat
714 2293 935 2356 vetitos
965 2291 1206 2355 inscitia
1238 2291 1450 2355 debilis
1482 2302 1677 2359 actus.

186 2396 304 2461 Hic
348 2416 501 2459 sane
548 2395 759 2458 eadem
804 2394 1110 2458 sententia
1149 2393 1241 2457 bis
1285 2415 1582 2478 expressa
1623 2405 1755 2473 est,
1804 2417 2002 2479 neque
2037 2406 2236 2460 tamen

185 2500 308 2575 ita,
355 2508 427 2561 ut
455 2497 748 2561 alterutra
793 2497 1105 2561 commode
1152 2496 1346 2559 omitti
1393 2496 1615 2579 possit:
1666 2507 1861 2560 utram
1902 2498 2232 2578 deleveris,

187 2599 373 2663 biabit
402 2599 629 2662 oratio.
703 2596 860 2660 Tum
895 2618 1018 2660 non
1048 2597 1183 2661 sine
1216 2597 1469 2662 consilio
1501 2609 1679 2682 poeta
1710 2609 2022 2684 postquam
2051 2600 2237 2664 ratio-

189 2721 325 2764 nem
387 2701 925 2777 commemoravit,
971 2698 1196 2762 addidit
1252 2699 1544 2781 publicam
1587 2700 1780 2783 legem
1823 2700 2128 2765 bominum
2178 2712 2241 2765 et

188 2814 466 2866 naturam
488 2848 506 2880 ,
555 2812 623 2866 ut
666 2800 785 2865 hoc
830 2821 1000 2883 quam
1034 2800 1296 2864 maxime
1328 2812 1601 2886 urgeret.
1663 2800 1874 2885 Itaque
1907 2822 1985 2865 ne
2017 2803 2092 2865 de
2124 2803 2237 2867 boc

186 2905 426 2987 quidem
458 2904 602 2968 loco
637 2902 981 2967 consentire
1015 2922 1278 2986 possum.
1316 2900 1593 2967 Tertium
1627 2904 1822 2967 locum
1856 2905 2030 2987 paulo
2062 2905 2241 2971 aliter

188 3015 601 3090 comparatum
649 3003 875 3066 addidit
921 3002 1238 3068 Weberus
1279 3005 1347 3088 (l.
1382 3002 1425 3066 Ι.
1462 3027 1521 3089 p.
1559 3002 1682 3069 199
1713 3009 1836 3088 sq.)
1884 3003 1939 3080 1,
1973 3004 2082 3083 67,
2138 3008 2239 3071 ubi

187 3129 370 3173 unum
420 3106 527 3170 vel
570 3105 688 3168 duo
732 3126 949 3170 versus
994 3115 1232 3189 poetam
1276 3106 1615 3170 additurum
1662 3108 1849 3172 fuisse
1903 3108 2237 3188 existimat,

186 3222 251 3274 ut
283 3209 407 3273 loci
438 3209 747 3272 sententia
777 3217 1111 3286 constaret,
1148 3207 1242 3271 cui
1274 3210 1616 3274 sententiae
1650 3231 1771 3272 non
1798 3220 1941 3294 puto
1959 3231 2242 3275 assensu·

188 3333 321 3375 rum
342 3357 362 3388 ‚
415 3311 518 3393 qui
551 3330 673 3372 non
704 3308 1040 3395 improbet,
1089 3329 1241 3393 quae
1276 3311 1349 3374 de
1381 3309 1442 3373 h.
1476 3310 1519 3374 l.
1558 3311 1817 3375 disserui
1844 3311 1909 3374 in
1941 3333 2244 3377 commen-

192 3415 348 3478 urio
386 3413 476 3496 (p.
509 3410 648 3494 96).

365 3512 639 3578 Praeter
681 3513 840 3577 bunc
886 3514 1203 3578 satirarum
1235 3513 1449 3579 librum
1483 3514 1633 3578 nibil
1663 3516 1736 3579 ad
1780 3536 1894 3579 nos
1939 3515 2242 3599 pervenit,

196 3617 391 3701 etqui
422 3635 643 3680 versus
674 3636 709 3679 a
746 3615 1146 3698 grammaticis
1190 3618 1526 3681 afferuntur
1573 3626 1852 3699 tanquam
1896 3615 2136 3697 Persii,
2184 3619 2244 3682 in

198 3719 270 3785 iis
300 3719 522 3786 falsum
555 3738 779 3783 nomen
819 3737 955 3782 esse
1000 3719 1296 3802 positum,
1344 3741 1376 3782 a
1413 3715 1558 3784 VV.
1591 3716 1735 3797 DD.
1774 3720 2243 3783 demonstratum

198 3833 290 3885 est
328 3829 374 3882 ¹.
453 3819 665 3883 Animi
711 3841 893 3885 causa
938 3822 1130 3900 addo,
1177 3821 1238 3884 in
1284 3822 1422 3885 cod.
1470 3818 1668 3886 Paris.
1717 3843 1781 3885 n.
1815 3819 1983 3886 4883
2014 3822 2092 3883 A.
2125 3822 2246 3906 legi

203 4010 223 4062 ¹
264 4009 546 4091 Passovius
582 4007 800 4129 (33132
825 4010 931 4073 sq.)
969 4008 1177 4067 attulit,
1231 4007 1405 4059 Scbol.
1445 4024 1543 4060 ms.
1584 4009 1795 4092 tad-lav.
1834 4009 2065 4092 V¹¹·,²,⁴,¹
2113 4011 2245 4077 apud

266 4078 449 4130 fletus.
488 4080 552 4130 ad
638 4077 746 4130 vid.
784 4076 896 4128 Am.
944 4075 1033 4144 111,
1065 4078 1120 4142 2,
1155 4077 1222 4130 83
1257 4077 1469 4130 laudare
1505 4094 1621 4131 eum
1657 4094 1823 4145 ipsum
1861 4080 2035 4132 Ovndn
2070 4095 2151 4132 vs.
2191 4086 2248 4129 nt
