2764 4738
897 420 1061 481 SAT.
1094 421 1192 493 lv,
1223 427 1363 484 8—
1386 427 1480 483 14.
2084 412 2210 479 169

192 610 336 670 pare
386 590 665 670 quosdam.
755 592 809 651 Is
869 603 961 651 est
1016 589 1637 671 gestus'pacilicator,
1710 609 1875 669 quem
1934 589 2208 652 describit

193 677 550 749 Quintilianus
581 677 706 751 (xl,
739 682 798 749 3,
834 681 958 749 19),
990 680 1207 758 qualem
1238 696 1555 755 agnoscere
1587 675 1784 736 videor
1811 678 1866 734 in
1881 676 1959 734 M.
1989 678 2210 737 Aurelii

190 773 377 821 statua
423 764 793 822 celeberrima
838 763 1050 837 (Mafl‘ei
1093 775 1222 823 stat.
1272 768 1411 834 14),
1470 762 1728 822 diversus
1783 762 1853 820 ab
1901 764 1995 820 illo
2039 774 2207 840 gestu

190 849 452 918 oratorio,
481 868 641 927 quem
673 846 943 908 describit
970 848 1243 927 Apuleius
1276 848 1442 923 (Met.
1477 848 1526 907 11
1555 869 1610 927 p.
1648 853 1766 910 124
1799 847 1987 918 ΕΙω.).
2057 849 2215 923 Quid

188 934 390 991 demde
416 935 701 1012 loquere?
757 936 1018 1012 exprimit
1065 936 1281 994 iuvenis
1324 935 1889 1004 inconsiderantiam,
1950 934 2042 1012 qui
2100 953 2209 992 non

189 1031 547 1097 praeparatus
587 1018 659 1079 ad
704 1020 965 1098 populum
1006 1018 1248 1079 accedit.
1335 1018 1579 1078 Adiecto
1623 1040 1677 1078 v.
1715 1020 2014 1094 Quirites,
2061 1019 2211 1077 sicut

187 1105 316 1161 aliis
344 1103 701 1182 quibusdam,
746 1124 891 1184 quae
932 1104 1001 1163 ad
1045 1125 1141 1163 res
1190 1104 1467 1164 Romanas
1507 1107 1822 1183 pertinent,
1862 1102 2211 1163 demonstrat

187 1188 442 1261 Persius,
485 1209 593 1268 qua
635 1200 822 1249 mente
867 1189 1153 1249 Platonem
1198 1192 1448 1250 imitatus
1492 1193 1601 1262 sit,
1657 1190 1928 1268 simulque
1973 1190 2210 1248 ironiam

185 1274 412 1333 mirifice
443 1287 647 1352 auget,
694 1295 802 1354 qua
833 1278 1000 1334 etiam
1043 1295 1129 1334 νε.
1161 1279 1199 1338 9
1233 1276 1516 1334 levitatem
1559 1277 1802 1333 oratoris
1848 1276 2204 1352 perstringit.

185 1361 339 1417 Puta
377 1359 520 1418 idem
568 1360 696 1419 fere
740 1361 921 1430 valet,
967 1359 1113 1439 quod
1141 1363 1396 1438 exempli
1433 1379 1638 1432 causa,
1691 1372 1760 1420 ut
1785 1361 1893 1419 leoc
1918 1370 2082 1430 utar,
2130 1361 2208 1419 cl‘.

189 1444 406 1504 Heindl'.
436 1445 504 1503 ad
537 1445 674 1504 Hor.
706 1457 816 1505 sat.
850 1446 921 1517 11,
954 1451 1013 1517 5,
1044 1451 1146 1507 32.
1175 1449 1302 1505 Hoc
1329 1448 1544 1505 iustum
1573 1456 1685 1517 est,
1720 1444 1791 1504 de
1823 1465 1931 1524 qua
1959 1464 2024 1503 re
2041 1447 2213 1504 etiam

185 1533 241 1587 in
272 1529 488 1607 dialogo
535 1529 827 1590 Platonico
869 1529 1129 1609 quaestio
1171 1533 1479 1590 instituitur
1524 1539 1605 1627 (p.
1659 1535 1776 1594 109
1826 1530 1888 1589 Β.
1932 1535 2101 1610 sqq.)
2155 1551 2209 1588 v.

187 1616 430 1691 inprimis
461 1637 515 1693 p.
553 1620 674 1677 113
706 1615 810 1674 Β.·
907 1611 1153 1675 Οὐκοῦν
1201 1613 1477 1694 ἐλέγχθη,
1525 1611 1614 1676 ὅτι
1657 1636 1791 1696 περι
1825 1613 2077 1674 δικαίων
2107 1636 2208 1673 και

188 1695 410 1759 ἀδίκων
433 1696 874 1778 'Aixcp’widnc‘
846 1722 878 1760 o
911 1696 1147 1770 καλός”
1119 1723 1152 1760 ο
1180 1699 1466 1760 Κλεινίου
1499 1696 1609 1760 οὐκ
1636 1697 1973 1771 ἐπίσταιτο,
2022 1698 2209 1759 οἴοιτο

189 1782 277 1852 δέ,
314 1785 413 1843 καῖ
436 1784 572 1860 μέλ)
577 1805 635 1845 οι
666 1784 749 1853 εἰς
781 1783 1099 1857 ἐκκλησίαν
1144 1781 1341 1843 ἐλθών
1371 1780 1833 1862 συμβουλεύσειν
1852 1780 2211 1858 Ἀθηναίοις

187 1868 321 1943 περὶ
346 1863 429 1927 ὧν
469 1865 650 1928 οὐδὲν
680 1865 877 1939 uidem·
923 1870 1090 1928 Illud
1116 1871 1291 1941 male,
1318 1872 1539 1928 rectius
1567 1871 1741 1939 illud,
1775 1871 1852 1928 cf.
1884 1869 2052 1928 Mart.
2083 1869 2210 1940 Vll,

191 1957 285 2022 10,
310 1958 382 2014 2:
414 1952 587 2032 „quid
619 1954 834 2012 faciant
862 1953 957 2012 ille
988 1955 1077 2014 vel
1109 1954 1274 2014 ille.“
1305 1957 1439 2013 Scis
1473 1957 1683 2013 iustum
1708 1957 1941 2032 gemina
1967 1974 2210 2033 suspen-

188 2039 324 2094 dere
353 2040 519 2097 lance
550 2040 826 2116 ancipitis
854 2041 1077 2109 librae,
1127 2041 1169 2099 i.
1205 2059 1258 2098 e.
1292 2040 1385 2097 ubi
1432 2050 1668 2118 utraque
1716 2040 1893 2099 librae
1939 2041 2068 2098 lanx
2100 2051 2212 2100 tam

186 2141 362 2201 aequo
392 2122 644 2202 pondere
675 2123 903 2200 pendet,
935 2135 995 2182 ut
1024 2144 1231 2203 anceps
1264 2144 1331 2183 ac
1363 2123 1594 2184 difficile
1626 2123 1885 2184 iudicium
1917 2127 2010 2196 sit,
2042 2145 2212 2205 quor-

188 2227 302 2267 sum
327 2221 528 2286 vergat
558 2210 751 2287 ligula,
783 2221 841 2267 tu
873 2231 980 2289 quo
1012 2228 1077 2269 es
1108 2212 1227 2269 acri
1259 2221 1318 2268 et
1343 2211 1624 2269 constanti
1658 2207 1862 2269 iudicio
1895 2209 2208 2270 decernere

186 2314 289 2352 nou
321 2291 564 2353 dubitas.
609 2297 845 2354 Rectum
881 2297 1170 2354 discernis
1212 2296 1317 2354 ubi
1343 2298 1499 2355 inter
1529 2315 1712 2355 curva
1741 2297 1922 2367 subi,t
1957 2296 2049 2355 ubi
2079 2316 2210 2355 sen-

186 2383 280 2439 sim
313 2382 581 2455 aberrat3
630 2380 976 2441 conferenda
1017 2382 1391 2459 proverbialis
1449 2383 1657 2442 locutio
1704 2384 2062 2453 invenimus,
2111 2385 2218 2460 qui

187 2486 361 2525 curva
393 2468 669 2543 corrigat
706 2464 778 2524 de
806 2487 910 2538 eo,
963 2470 1055 2547 qui
1086 2467 1239 2526 solus
1282 2456 1501 2526 scilicet
1543 2467 1801 2547 quicquid
1847 2488 2076 2546 pravum
2124 2477 2216 2527 est

185 2551 486 2611 emendare
520 2553 648 2620 scit,
682 2551 826 2630 apud
861 2553 1137 2612 Senecam
1171 2554 1416 2631 (apocol.
1449 2575 1504 2631 p.
1537 2558 1661 2615 250
1692 2553 1840 2629 Bip.)
1889 2564 1947 2611 et
1978 2551 2212 2613 Plinium

188 2647 332 2716 (epp.
366 2638 438 2709 V,
469 2641 574 2707 21,
607 2641 695 2708 6).
785 2638 895 2698 Vel
927 2638 1001 2696 ibi
1032 2650 1246 2697 rectum
1293 2640 1557 2715 agnoscis
1591 2657 1696 2697 nec
1730 2639 1965 2708 falleris,
1999 2637 2090 2695 ubi
2120 2657 2215 2697 re-

186 2724 332 2800 gula,
365 2744 438 2783 ex
469 2743 579 2802 qua
609 2721 892 2783 iudicatur
922 2735 1156 2794 rectum,
1189 2722 1494 2801 depravata
1528 2735 1636 2783 est.
1695 2724 1949 2801 Regula,
1982 2724 2212 2801 proprie

188 2809 412 2868 bacillus
444 2819 658 2879 rectus,
691 2829 800 2887 quo
832 2810 1069 2888 aequale
1101 2809 1432 2887 exploratur
1477 2808 1644 2884 (Seu.
1680 2828 1810 2886 epp.
1845 2807 2052 2879 LXXI,
2088 2812 2213 2881 19),

188 2893 269 2954 bic
298 2892 667 2971 intelligenda
697 2904 786 2952 est
815 2892 883 2952 de
914 2914 1145 2966 norma,
1180 2914 1323 2975 quae
1351 2906 1443 2953 est
1472 2895 1667 2972 regula
1700 2894 1908 2971 duplex
1938 2890 2009 2951 ad
2038 2913 2214 2971 angn-

188 2978 286 3038 lum
319 2991 536 3039 rectum
566 2980 790 3050 iuncta,
831 2980 923 3038 vel
968 2979 1039 3038 ad
1085 2980 1299 3038 modum
1346 2982 1542 3039 circini
1573 2979 1825 3049 mobilis;
1871 2978 2015 3037 haec
2031 2977 2216 3057 sullit

183 3068 323 3140 pede
358 3085 527 3136 varo,
559 3084 734 3143 prave
766 3064 1029 3135 distorto,
1062 3066 1152 3124 ubi
1183 3086 1308 3125 eum
1340 3066 1599 3144 angulum
1633 3086 1741 3124 non
1774 3063 2014 3133 indicat,
2048 3084 2210 3143 quem

187 3148 440 3210 debebat.
472 3151 556 3210 lta
588 3162 747 3210 recte
778 3153 1184 3230 interpretatur
1214 3150 1452 3210 Gesner.
1485 3152 1636 3210 thes.
1674 3170 1723 3208 s.
1755 3171 1808 3208 v.
1847 3153 2070 3221 Vnt-215,
2125 3150 2206 3210 cf.

189 3238 346 3296 etiam
378 3237 551 3296 Goes.
585 3235 697 3295 ind.
731 3234 957 3314 scriptt.
1008 3239 1093 3296 rei
1122 3255 1247 3313 agr.
1280 3257 1327 3295 s.
1360 3258 1415 3294 v.
1460 3238 1712 3295 varatio.
1767 3237 1946 3294 Tleeta
1977 3236 2213 3293 nomini-

189 3319 282 3380 bus
312 3334 658 3383 mortuorum
701 3322 1122 3399 praefigebatur
1153 3316 1614 3395 (Θ-θάνατος)
1647 3323 1701 3379 in
1736 3321 2037 3380 breviculis
2067 3321 2212 3378 mili·

191 3416 327 3477 tum,
371 3409 660 3487 titulisque
700 3409 1121 3486 sepulcrorum,
1168 3419 1228 3466 et
1267 3406 1467 3466 iudicis
1514 3409 1730 3484 signum
1778 3417 1933 3476 erat,
1968 3408 2014 3464 si
2048 3426 2214 3485 quem

188 3496 370 3552 mortis
401 3492 703 3551 damnabat
733 3492 925 3563 (Mart.
958 3492 1079 3562 Vll,
1112 3490 1401 3563 37)‚unde
1434 3491 1633 3550 Persio
1663 3494 1924 3568 nigrum,
1966 3492 2213 3550 Martiali

190 3576 222 3633 Ι.
245 3578 281 3636 l.
311 3578 679 3657 mortiferum
712 3588 773 3637 et
803 3579 1005 3648 letale,
1035 3578 1293 3637 Ausonio
1326 3578 1531 3655 (epigr.
1576 3576 1884 3647 CXXVIII,
1916 3582 1980 3650 3)
2011 3579 2214 3636 sectile

188 3677 434 3725 vocatur.
471 3665 565 3723 Cf.
601 3664 771 3743 Spes.
804 3665 987 3742 epigr.
1018 3683 1073 3741 p.
1109 3668 1189 3724 54
1221 3683 1305 3743 sq.
1357 3664 1509 3738 Quin
1543 3673 1606 3721 tu
1638 3663 1849 3739 igitur,
1883 3664 2060 3721 minus
2094 3663 2214 3722 ele-

189 3751 332 3824 ganti
375 3750 652 3820 elisione,
711 3750 870 3809 cuius
913 3750 1022 3807 tria
1064 3759 1297 3826 praeter
1338 3748 1445 3806 hoc
1491 3748 1750 3826 exempla
1795 3759 2024 3807 exstant
2067 3745 2212 3825 apud

191 3829 431 3895 Persium
451 3835 519 3908 (l,
533 3838 614 3897 66
637 3858 654 3907 ς
680 3838 823 3905 131,
845 3833 912 3905 11,
931 3837 1016 3906 8),
1030 3834 1263 3893 aliorum
1281 3843 1575 3912 poetarum
1592 3835 1906 3911 composuit
1918 3833 1992 3893 M.
2007 3833 2213 3912 Haupt.

191 3919 331 3979 obss.
363 3923 515 3981 critt.
548 3939 599 3978 c.
634 3924 671 3982 3
702 3941 758 3998 p.
795 3925 873 3981 15
903 3939 1027 3999 sqq.
1071 3920 1310 3997 Igitur,
1345 3920 1506 3998 quasi
1547 3921 1653 3981 iam
1687 3919 1874 3978 fassus
1906 3930 2065 3978 esset
2094 3920 2211 3990 ille,

191 4022 248 4062 se
275 4027 381 4065 non
400 4007 548 4066 bene
581 4024 773 4076 nosse,
806 4003 936 4084 quid
967 4007 1170 4063 iustum
1192 4014 1371 4063 esset.
1403 4006 1640 4063 Summa
1651 4005 1814 4083 pelle
1828 4006 2212 4082 nequicquam

191 4091 449 4164 decorus,
483 4094 783 4152 introrsum
817 4092 1011 4169 turpis,
1042 4091 1123 4150 cf.
1160 4088 1293 4148 Hor.
1331 4100 1438 4149 sat.
1474 4090 1542 4162 ll,
1578 4095 1634 4161 1,
1668 4093 1749 4153 64
1779 4110 1905 4169 sq.:
1940 4088 2212 4167 (Lucilius
