2764 4738
1010 462 1177 522 SAT.
1210 463 1308 535 Vl,
1340 468 1400 524 3.
2088 459 2215 526 213

163 634 328 693 obss».
374 635 527 692 critt.
572 654 627 710 p.
658 638 792 709 43).
873 630 963 692 Ad
1011 629 1247 692 eundem
1292 633 1488 691 librum
1535 632 1841 692 reserenda
1885 646 2014 692 sunt
2069 655 2214 714 quae

162 721 340 778 affert
371 717 675 778 Diomedes
709 719 806 792 (ΙΙΙ
836 741 891 797 p.
925 722 1046 780 513
1082 717 1200 790 P.):
1246 718 1652 788 „Molossicum
1685 730 1918 778 metrum
1954 720 2081 777 mibi
2113 719 2214 779 dn·-

163 807 456 863 rissimum
514 802 757 863 videtur.
833 804 1009 863 Huius
1065 805 1377 881 exemplum
1435 803 1530 862 dat
1572 806 1613 862 C
1634 825 1664 862 a
1684 824 1716 863 e
1737 805 1895 863 sius
1941 804 1984 863 B
2004 825 2034 862 a
2055 825 2169 863 ssu
2189 827 2216 864 s

165 891 325 949 tale:
370 891 621 948 Romani
640 891 889 949 victores
923 891 1229 949 Germanis·
1263 890 1568 947 deve’ctek.‘⁶
1613 890 1696 948 Ita
1729 889 1865 967 legit
1899 889 2217 962 Putscbius,

165 988 228 1033 nt
258 986 432 1033 vetus
462 973 643 1033 codex
673 973 818 1052 apud
851 974 1079 1053 Sciopp.
1113 993 1265 1051 susp.
1302 974 1458 1033 lectt.
1487 974 1558 1044 V,
1585 978 1701 1046 223
1734 987 1901 1034 antea
1921 976 2220 1053 legebatur

172 1063 455 1134 Celsstw,
502 1060 719 1136 vulgari
765 1062 1125 1137 corruptione
1176 1063 1256 1137 (v.
1290 1059 1359 1117 ad
1410 1059 1595 1131 Quint.
1641 1061 1675 1118 l.
1718 1059 1779 1132 l.)
1827 1071 1918 1119 et:
1976 1064 2225 1120 Romani

172 1147 372 1204 Gallis
408 1146 651 1203 devicit&
685 1155 829 1203 sunt
869 1147 1118 1205 victores
1167 1145 1266 1218 (cf.
1299 1145 1471 1204 Voss.
1507 1143 1577 1204 de
1608 1145 1739 1203 hist.
1767 1143 1895 1203 Lat.
1929 1146 1971 1216 Ι,
2004 1150 2109 1208 22.
2146 1145 2217 1206 de

169 1242 356 1310 poett.
386 1228 558 1304 Lau.
586 1233 674 1300 3).
737 1230 894 1289 Inter
932 1249 1074 1300 eos,
1121 1231 1213 1310 qui
1255 1249 1572 1289 mensuram
1602 1232 1658 1289 iu
1692 1230 1894 1289 sabulis
1926 1242 2218 1309 poetarum

168 1318 524 1376 comicorum
571 1326 736 1394 atque
779 1317 1120 1394 tragicorum
1162 1333 1295 1374 esse
1326 1313 1619 1385 dixerunt,
1674 1316 1926 1375 refertur
1954 1336 1988 1374 a
2019 1315 2219 1375 Rufino

173 1410 259 1480 (p.
290 1404 464 1463 2713
498 1399 591 1479 P.)
624 1402 799 1480 etiam!
825 1401 1097 1461 Caesiu
1117 1420 1144 1459 s
1176 1399 1314 1458 Bas
1334 1420 1480 1459 sus.
1538 1399 1708 1460 Edita
1736 1412 1826 1460 est
1856 1404 2003 1460 inter
2030 1421 2220 1478 gram-

175 1484 839 1545 maticosPntschiiArs
865 1485 1115 1545 Caesii
1141 1483 1356 1545 Bassi
1386 1483 1468 1545 de
1501 1487 1752 1544 metris
1773 1490 2027 1564 (p.2663
2049 1491 2219 1566 sqq.)‚

175 1572 412 1629 maioris
445 1572 635 1649 operis
666 1572 944 1649 epitome,
991 1582 1053 1629 ut
1093 1568 1348 1641 videtur,
1393 1571 1755 1650 interpolata.
1817 1571 1929 1629 Iam
1961 1591 2098 1629 vero
2127 1574 2223 1629 vix

176 1655 407 1714 videtur
449 1653 706 1725 dubium,
775 1657 903 1735 quin
961 1653 1029 1713 ad
1077 1653 1312 1715 eundem
1360 1657 1694 1734 scriptorem
1741 1659 2024 1734 pertineat
2074 1654 2222 1735 quod

178 1740 393 1820 legitur
424 1739 569 1818 apud
602 1739 852 1799 Rufinum
901 1741 987 1819 (p.
1022 1745 1249 1811 2707)=
1296 1739 1339 1798 B
1360 1760 1392 1798 a
1413 1742 1619 1799 ssius
1670 1742 1806 1818 (leg.
1839 1744 2085 1813 Bassus)
2138 1739 2223 1799 ad

178 1825 545 1885 Neronem
578 1824 662 1883 de
695 1826 1005 1885 iambico
1036 1828 1146 1884 sic
1180 1823 1396 1884 dixit.
1448 1825 1605 1897 Quae
1629 1826 1702 1884 ibi
1735 1826 1918 1896 affert,
1951 1846 2017 1885 ea
2039 1827 2224 1884 omnia

181 1931 365 1989 paene
398 1912 688 1990 expressit
716 1912 1094 1970 Terentianus
1122 1910 1353 1970 Maurus
1378 1931 1430 1968 v.
1450 1915 1895 1983 2249—2262,
1928 1921 1987 1969 et
2016 1912 2223 1989 optime

181 1994 459 2076 quadrat,
507 1994 652 2076 quod
685 1997 1014 2054 Victorinus
1045 1995 1082 2054 l.
1116 1996 1153 2054 l.
1183 1995 1443 2054 Caesium
1480 1993 1713 2078 Bassum
1746 2006 1876 2076 post
1906 1997 2224 2055 Cornelium

181 2081 527 2160 Epicadum,
563 2079 754 2141 Sullae
785 2082 1041 2139 libertum
1076 2079 1260 2154 (Suet.
1293 2100 1381 2158 gr.
1418 2086 1518 2153 12)
1552 2084 1758 2141 vixisse
1792 2092 1982 2152 notat,
2011 2094 2226 2140 utrum-

181 2187 293 2245 que
324 2187 466 2226 vero
499 2187 531 2225 a
563 2166 882 2237 Lactantio,
930 2187 1068 2226 snae
1100 2169 1405 2225 memoriae
1450 2169 1707 2239 metrico,
1741 2169 2005 2243 seiungit.
2067 2167 2225 2226 Hunc

182 2254 356 2331 igitur
417 2252 675 2310 Caesium
736 2251 1002 2322 Bassum,
1061 2253 1154 2331 qui
1212 2251 1458 2310 Neronis
1520 2254 1864 2331 temporibus
1913 2251 1983 2310 de
2034 2254 2228 2311 metris

184 2340 452 2418 scripsit,
497 2335 732 2397 eundem
780 2358 913 2398 esse
961 2348 1127 2418 atque
1171 2347 1394 2416 poetam
1441 2337 1714 2417 lyricum,
1756 2357 2083 2420 quamquam
2117 2358 2225 2397 non

182 2434 376 2503 potest
408 2443 511 2502 pro
543 2435 703 2483 certo
735 2425 1037 2494 affirmari,
1086 2424 1236 2482 nulla
1280 2434 1466 2482 tamen
1499 2444 1674 2483 causa
1706 2436 1831 2495 est,
1876 2444 1979 2482 cur
2008 2423 2229 2483 discer-

183 2521 353 2568 natur
397 2529 430 2568 a
481 2509 662 2587 lyrico
707 2511 1007 2580 metricus»,
1054 2519 1115 2568 ut
1158 2510 1324 2567 iussit
1354 2509 1681 2569 Weicbert.
1718 2510 1758 2569 l.
1795 2509 1831 2567 Ι.
1891 2509 2228 2567 Contrariae

184 2593 511 2654 sententiae
557 2606 793 2673 praeter
829 2595 1065 2652 nominis
1113 2604 1173 2654 et
1224 2597 1493 2673 temporis
1552 2595 1745 2653 miram
1805 2596 2229 2669 congruentiam

187 2682 345 2739 favet
391 2678 446 2738 id
490 2700 745 2760 quoque,
792 2678 939 2759 quod
985 2682 1177 2738 similis
1221 2681 1572 2757 grammatici
1618 2689 1786 2758 atque
1817 2681 2029 2758 poetici
2061 2677 2229 2738 studii

185 2767 510 2824 coniunctio
554 2786 738 2844 neque
779 2765 1029 2824 insolens
1059 2785 1244 2845 neque
1276 2766 1604 2845 infrequens
1637 2776 1795 2834 erat,
1841 2774 1900 2823 et
1931 2762 2075 2844 quod
2107 2766 2230 2842 ipse

185 2850 421 2910 Persius
450 2871 540 2909 vv.
573 2853 718 2909 mire
758 2848 960 2928 opifex
1002 2853 1261 2908 numeris
1307 2853 1566 2909 eximiam
1611 2848 1884 2928 quandam
1931 2861 2231 2907 metrorum

186 2937 449 3015 peritiam
480 2934 802 3014 significare
833 2934 1077 2995 videtur.
1152 2936 1210 2994 In
1258 2956 1327 2995 ea
1373 2938 1654 2995 sententia
1698 2946 1826 2993 sunt
1854 2933 2229 2995 VVernsdorf.

186 3023 229 3082 1.
264 3023 323 3091 1.,
354 3020 632 3092 Leutsch,
667 3020 1081 3080 Griecb.Metr.
1113 3023 1271 3100 §34‚
1290 3026 1347 3083 2.
1396 3021 1513 3080 Hoc
1533 3021 1658 3079 loco
1675 3020 1727 3080 id
1749 3040 1968 3101 quoque
1986 3040 2231 3079 comme-

188 3104 517 3166 morandum
558 3105 810 3175 videtur,
856 3107 1039 3164 fuisse
1083 3106 1290 3165 Bassi
1336 3107 1509 3165 libros
1555 3105 1635 3164 de
1683 3107 1976 3182 origiue
2021 3125 2232 3163 voca-

188 3193 563 3262 bulorum,
610 3212 750 3271 quos
782 3191 949 3250 affert
981 3191 1194 3250 Gellius
1229 3190 1347 3264 (ΙΙΙ,
1386 3197 1485 3254 19.
1521 3191 1594 3261 V,
1628 3198 1726 3264 7),
1774 3192 1968 3249 librum
2011 3193 2233 3248 tertium

191 3278 285 3350 (ΙΙ,
317 3282 381 3346 4,
417 3282 481 3349 3)
515 3286 575 3333 et
605 3278 898 3355 septimum
934 3276 1056 3348 (XI,
1096 3282 1192 3349 17,
1228 3282 1328 3348 4),
1388 3298 1577 3335 verum
1610 3279 1660 3334 is
1691 3288 1926 3335 vocatur
1957 3275 2186 3334 Gaviu
2207 3296 2235 3333 s

191 3385 295 3423 seu
358 3362 642 3421 Gabius
702 3362 1005 3421 Bassus,
1092 3361 1357 3421 Eiusdem
1420 3362 1616 3421 librum
1690 3360 1771 3421 de
1831 3360 2235 3419 verborum

190 3448 799 3527 significatione
847 3446 1036 3506 laudat
1078 3447 1399 3506 Macrobius
1446 3447 1592 3520 (Sat.
1636 3446 1708 3517 ΙΙ,
1760 3452 1894 3519 14),
1958 3466 2236 3504 commen-

192 3536 384 3594 tar-ios
428 3532 642 3591 Gellius
694 3532 808 3607 (ΙΙΙ,
840 3537 898 3594 9.
936 3538 1060 3607 18).
1122 3532 1248 3592 Nec
1292 3530 1551 3592 diversus
1600 3543 1723 3603 est,
1771 3533 1861 3611 qui
1909 3531 2106 3589 librum
2155 3530 2236 3590 de

189 3621 343 3679 diis
390 3619 653 3696 scripsit,
698 3637 861 3697 quem
907 3619 1084 3676 citant
1109 3618 1434 3678 Macrobius
1484 3616 1630 3689 (Sat.
1664 3617 1707 3689 1,
1738 3621 1800 3688 9)
1837 3628 1896 3675 et
1925 3616 2004 3675 lo.
2039 3614 2237 3696 Lydus

191 3704 288 3775 (de
335 3723 549 3762 menss.
581 3703 678 3775 lv,
712 3709 751 3767 2
776 3724 832 3781 p.
868 3707 948 3764 57
983 3701 1179 3776 Scb.)‚
1211 3703 1303 3762 ubi
1346 3699 1535 3772 Γάὶὸς
1577 3697 1828 3771 Βάσσος
1871 3699 1933 3759 ἐν
1972 3703 2057 3779 τῷ
2100 3700 2240 3783 περὶ

190 3790 362 3849 θεῶν
408 3790 652 3866 legitur3
705 3809 779 3847 ex
827 3786 1026 3847 eodem
1072 3789 1213 3847 libro
1259 3790 1489 3867 petitum
1563 3798 1654 3846 est
1712 3784 1859 3867 quod
1904 3785 2239 3845 Lactantius

195 3874 263 3947 (l.
302 3874 372 3932 D.
407 3874 451 3944 1,
482 3877 587 3946 22,
614 3876 681 3952 9)
713 3873 891 3932 Gabio
923 3874 1106 3933 Basso
1138 3885 1372 3933 auctore
1405 3872 1476 3933 de
1509 3872 1687 3931 Fatua
1719 3882 1930 3942 narrat,
1963 3883 2023 3931 et
2052 3882 2241 3950 potest

195 3960 265 4018 ad
319 3957 562 4018 eundem
609 3961 816 4020 referri
862 3958 1008 4038 quod
1041 3980 1073 4018 e
1107 3959 1283 4019 Gavio
1315 3959 1497 4018 Basso
1530 3958 1698 4017 habet
1727 3957 2051 4017 Macrobius
2090 3956 2237 4028 (Sat.

197 4045 289 4116 nt,
324 4049 406 4117 6).
469 4044 572 4102 Hic
616 4045 787 4122 igitur
829 4045 884 4102 in
933 4043 1096 4104 Gellii
1143 4043 1269 4104 cod.
1303 4046 1465 4122 regio
1499 4042 1792 4114 GaviuS,
1839 4044 1894 4102 in
1926 4044 2049 4102 aliis
2082 4042 2240 4101 libris

198 4130 488 4191 Gabius
520 4141 789 4203 vocatur,
821 4150 927 4191 nec
958 4127 1197 4202 desunt,
1241 4132 1333 4210 qui
1375 4129 1618 4189 Caium
1650 4138 1876 4189 vocent.
1932 4129 2240 4188 Gaviorum
