2764 4738
478 406 612 478 296
926 407 1216 473 scum..
1245 409 1352 473 An
1397 406 1570 473 SAT.
1616 410 1715 486 111,
1762 414 2057 477 15—21.

480 583 676 663 lapsus
720 601 808 644 es.
866 580 943 643 Et
971 581 1080 643 lioc
1123 578 1287 643 dicit:
1333 580 1538 644 Solent
1578 584 1727 644 enim
1763 582 1900 643 vitia
1937 598 2218 662 processu
2244 579 2522 659 temporis

482 670 685 743 minui,
727 687 854 729 cum
882 668 940 727 iu
968 679 1028 728 te
1058 679 1259 728 contra
1290 688 1530 730 accessu
1558 670 1832 749 temporis
1861 677 2213 747 augeantur,
2255 668 2350 746 qui
2380 665 2525 726 stul·

482 765 597 815 tam
648 754 882 814 imitaris
940 753 1227 814 mollitiem
1285 751 1689 828 delicatorum,
1745 754 1838 814 vel
1889 753 2151 812 nobilium
2198 770 2525 831 puerorum,

482 860 625 922 quos
663 840 786 920 ipsa
815 857 1140 919 magnarum
1184 838 1530 900 divitiarum
1545 797 1755 919 frau'git
1798 839 2051 909 luxuria,
2094 856 2267 897 voces
2297 837 2524 897 mutilas

483 926 751 995 imitaris,
794 935 855 984 ut
873 942 1152 1025 pappare
1177 931 1202 966 ¹
1229 944 1332 1005 pro
1363 924 1701 997 comedere,
1741 935 1803 985 et
1829 924 2050 984 lallare
2078 943 2182 1002 pro
2211 922 2357 982 velle
2389 920 2526 982 dor-

484 1013 646 1071 mire.
715 1009 861 1071 Nam
891 1011 985 1090 qni
1018 1010 1279 1089 parvulas
1309 1029 1449 1070 aves
1492 1012 1775 1082 nutriunt,
1821 1007 2312 1069 commanducatus
2360 1006 2522 1067 cibos

485 1094 714 1156 diducto
756 1114 948 1155 earum
993 1105 1184 1154 rostro
1227 1096 1505 1156 inserunt.
1557 1096 1679 1156 Hoc
1708 1113 1924 1175 genere
1953 1095 2205 1154 nutrices
2236 1094 2410 1153 etiam
2436 1094 2525 1152 in·

485 1183 672 1242 fantes
703 1178 985 1240 delicatos
1014 1181 1329 1240 instituunt.

661 1269 760 1329 16.
803 1266 1123 1338 ΡαΙαηιῠο,
1169 1275 1230 1326 et
1258 1266 1559 1337 columbo,
1591 1265 1791 1325 melius
1821 1275 1941 1338 est,
1984 1276 2048 1324 ut
2073 1282 2283 1344 pueros
2312 1261 2525 1324 intelli-

486 1370 722 1432 gamus,
767 1370 909 1431 qnos
938 1370 1084 1430 quae
1114 1356 1143 1391 2
1168 1352 1420 1411 nutriunt
1446 1350 1800 1411 blandientes
1832 1350 2155 1421 columbos,
2200 1348 2418 1428 pullos,
2463 1357 2527 1407 et

486 1455 758 1517 passeres
803 1446 1028 1496 vocant.
1084 1433 1188 1496 At
1198 1440 1225 1477 ⁸
1266 1455 1372 1497 cnr
1413 1457 1521 1495 non
1564 1434 2054 1497 commanducatus
2100 1434 2259 1495 cibos
2289 1430 2527 1512 poscis?

487 1533 587 1581 aut
628 1539 732 1581 cur
760 1541 793 1580 a
823 1522 1043 1581 nutrice
1083 1522 1272 1581 iussus
1320 1521 1599 1594 dormire,
1645 1522 1961 1602 ploras‘l*
1972 1539 2156 1602 quae
2213 1538 2280 1578 ιιι
2298 1520 2329 1577 f
2336 1519 2527 1578 anti

485 1606 657 1678 bus,
715 1616 792 1667 ιιι
844 1603 1254 1679 dormiant,
1325 1607 1580 1667 solent
1632 1606 1893 1667 dicere
1954 1624 2221 1686 saepe.
2275 1605 2523 1675 lulla,

488 1693 731 1764 lulla,
782 1692 1021 1766 lalla3
1074 1702 1216 1752 ant
1255 1693 1534 1765 dormi,
1581 1703 1721 1753 aut
1754 1695 1990 1752 lacte.
2014 1695 2045 1733 ⁴
2070 1688 2091 1711 ⁶
2169 1688 2332 1764 Quod
2362 1689 2526 1770 quasi

488 1779 618 1838 irati
646 1778 893 1836 infantes
930 1777 1124 1836 nolint.

662 1865 761 1924 19.
804 1864 906 1921 An
940 1863 1054 1922 tali
1072 1863 1338 1922 studeam
1368 1863 1641 1923 calamo?
1705 1862 1845 1923 Eius
1876 1862 2157 1942 obiurgati
2185 1859 2363 1921 verba
2390 1870 2529 1919 sunt

491 1945 842 2007 scholastici.
914 1946 1035 2018 Tu,
1078 1948 1287 2027 inquit,
1338 1947 1609 2008 calamum
1670 1950 1945 2008 c'ausaris.
2126 1949 2245 2007 Cui
2294 1945 2478 2004 verba
2495 1949 2529 2005 7

489 2032 592 2092 Hic
622 2042 793 2111 poeta
823 2028 990 2091 dicit·
1034 2031 1320 2112 Tanquam
1351 2032 1539 2093 fatuus
1570 2035 1681 2092 ista
1712 2035 1996 2114 loqueris,
2043 2033 2171 2110 quia
2201 2030 2328 2089 dum
2357 2030 2529 2090 aliam

487 2136 609 2177 rem
640 2136 713 2176 ex
741 2116 849 2176 alia
879 2118 1169 2188 causaris,
1198 2116 1298 2176 tibi
1327 2119 1481 2195 perit
1509 2128 1763 2198 tempus,
1792 2120 1849 2178 in
1880 2138 1990 2198 quo
2020 2117 2158 2176 nihil
2187 2118 2333 2196 agis.
2380 2112 2529 2188 Quid

485 2201 621 2262 mihi
650 2202 752 2260 has
782 2202 1184 2261 exeusationes
1220 2206 1565 2262 succantas?

657 2288 763 2348 90.
810 2272 1118 2353 Succinis,
1152 2295 1214 2343 ut
1242 2286 1530 2354 concinis,
1574 2286 1654 2343 ita
1686 2284 1966 2357 succinis,
2007 2283 2063 2343 id
2096 2294 2221 2354 est,
2265 2282 2529 2343 submur-

487 2385 695 2427 muras.
874 2366 1012 2426 Tibi
1033 2368 1298 2439 luditur,
1340 2365 1397 2427 id
1428 2379 1547 2440 est,
1592 2380 1651 2428 te
1680 2368 1883 2430 illudis.
2057 2325 2270 2451 Efflu’is
2298 2389 2526 2442 amens,

486 2448 546 2510 id
574 2462 699 2522 est,
744 2448 962 2510 desidia
993 2450 1306 2531 deciperis,
1353 2463 1611 2531 tempore
1658 2456 1780 2514 siue
1825 2454 2043 2514 actibus
2085 2456 2242 2516 trito.
2311 2453 2530 2514 Allndit

487 2547 674 2596 autem
708 2556 741 2595 a
769 2554 908 2596 vase
937 2538 1133 2596 vitiato
1151 2579 1168 2609 ‚
1211 2536 1358 2617 quod
1388 2538 1522 2597 nihil
1551 2540 1609 2597 iu
1639 2559 1703 2599 se
1736 2541 2019 2610 continet,
2061 2537 2529 2620 quemadmodum

487 2621 580 2682 hic
610 2620 821 2681 effusus
852 2641 959 2701 per
984 2623 1156 2695 vitia,
1186 2623 1321 2682 nihil
1351 2625 1669 2703 sapientiae
1700 2623 1758 2685 iu
1786 2644 1852 2685 se
1883 2626 2167 2698 continet3
2212 2635 2273 2684 ut
2301 2624 2527 2685 Teren-

484 2708 598 2767 tius
623 2710 649 2748 ³
690 2709 745 2767 in
793 2706 1102 2767 Eunuchoz

741 2793 960 2852 Plenus
985 2796 1269 2852 rimarum
1297 2812 1426 2853 sum
1445 2837 1465 2870 ‚
1498 2795 1614 2854 hac
1641 2804 1821 2874 atque
1851 2795 1997 2855 illac
2024 2795 2217 2876 effluo.

485 2876 702 2957 Effluis
730 2896 946 2938 amens.
1013 2878 1294 2957 Tempore
1327 2899 1437 2960 quo
1469 2879 1569 2939 tibi
1598 2881 1985 2941 necessarium
2015 2881 2206 2941 fuerat
2233 2889 2292 2940 te
2323 2879 2527 2941 facere

486 2960 726 3043 aliquid,
769 2960 989 3022 desidia
1021 2963 1231 3023 laberis
1261 2974 1322 3024 et
1350 2961 1656 3045 deciperis.

655 3051 760 3110 21.
808 3049 1224 3120 Contemnere,
1272 3050 1527 3124 scilicet,
1570 3070 1607 3110 a
1645 3051 1831 3123 vitiis,
1873 3050 2077 3111 relicta
2104 3051 2348 3123 virtute,
2392 3051 2532 3130 quia

485 3132 664 3192 virtus
693 3133 750 3191 iu
779 3143 839 3192 te
868 3143 930 3192 et
957 3131 1213 3212 rigiditas
1244 3136 1445 3194 mentis
1477 3145 1537 3195 et
1566 3138 1881 3215 sapientia,
1912 3156 2058 3217 quae
2087 3137 2223 3196 vitia
2252 3137 2531 3215 expellat,

486 3236 598 3276 non
629 3226 744 3278 est.
790 3218 927 3277 Item
971 3222 1534 3292 *contemnere,
1581 3220 1763 3282 haec
1807 3222 1892 3282 al)
1933 3221 2247 3282 Horatio
2276 3224 2304 3262 ⁶
2332 3222 2530 3283 male

486 3302 906 3374 translata,
957 3303 1490 3383 intempestiva
1529 3316 1726 3367 sunt:
2147 3308 2320 3385 quin
2362 3316 2439 3367 tu

655 3389 1046 3447 Invidiam
1079 3390 1416 3468 placare
1450 3411 1736 3471 paras,
1770 3394 1982 3452 virtu
2003 3402 2075 3452 te
2117 3392 2457 3452 relicta?

663 3474 1159 3533 Contemnere
1204 3476 1450 3535 miser.
1481 3480 1510 3513 ¹*

487 3556 705 3619 Sensus
736 3569 857 3618 esta
899 3556 993 3618 An
1020 3560 1281 3619 virtutem
1322 3580 1495 3639 paras
1513 3602 1533 3635 ‚
1577 3582 1689 3644 qua
1716 3561 1921 3623 relicta
1950 3565 2366 3624 contemnere?
2420 3560 2533 3625 ffic

491 3743 516 3796 1
557 3739 1050 3811 Gloss.11.steph.
1087 3760 1140 3811 p.
1179 3744 1310 3799 152.
1346 3744 1599 3813 Pupput,
1634 3745 1895 3813 μασᾶται.

485 3813 522 3868 2
557 3814 656 3878 qm·
685 3811 788 3878 leg.
825 3811 1117 3880 Hauthalp
1122 3813 1203 3866 .1
1212 3811 1298 3867 77.
1367 3841 1372 3844 -

486 3881 521 3935 3
555 3884 659 3932 aut
688 3881 831 3944 vulg.
869 3880 1083 3934 Emend.
1085 3830 1350 3934 ΡΗιιιιιΙιιΙ
1384 3898 1443 4004 p.
1478 3882 1597 3937 179.

485 3951 524 4003 ⁴
557 3948 706 4000 laeta
743 3948 968 4002 nantuel
1031 3950 1194 4005 .179.

487 4018 521 4071 ⁶
556 4017 771 4070 Terent.
808 4017 945 4070 Eun.
1012 4019 1119 4080 ,,2
1155 4020 1244 4073 25.

489 4088 523 4141 5
557 4085 736 4140 Horat.
772 4093 875 4140 sat.
911 4086 976 4153 11,
1012 4056 1068 4153 3,
1103 4056 1195 4154 13,
1232 4088 1320 4142 ubi
1354 4094 1487 4158 quin
1522 4093 1585 4143 tu
1621 4105 1720 4143 uon
1756 4098 1951 4144 exstat.
