2764 4738
865 434 1033 498 SAT.
1062 435 1139 509 V,
1171 441 1254 501 76
1284 468 1367 483 -·
1407 440 1510 500 79.
2043 431 2168 502 193

164 606 314 665 solum
342 604 597 666 Latinum
629 606 910 679 faciebat,
958 605 1085 667 Gai.
1120 604 1164 679 1,
1200 611 1298 669 17.
1352 606 1414 667 In
1446 608 1882 667 manumissione
1914 626 2019 686 per
2046 609 2171 667 vin·-

163 690 337 750 ‹lietam
382 693 461 764 is,
520 694 612 772 qui
660 693 1154 753 manumittebatur
1189 693 1388 770 virga,
1463 693 1724 752 vindicta
1773 700 1850 765 (v.
1881 696 1986 764 88,
2022 697 2167 765 126)

162 777 263 835 sive
276 775 512 855 festuca
545 784 624 851 (v.
670 783 812 847 175)
861 777 1235 856 tangebatur,
1281 787 1341 836 et
1372 797 1405 836 a
1437 774 1660 836 domino
1691 778 2038 837 vertebatur
2066 798 2171 838 seu

161 861 655 922 circumducebatur
700 861 854 932 (lsid.
901 863 1061 942 Orig.
1101 861 1202 934 IX,
1233 867 1293 924 4.
1342 862 1573 935 Quintil.
1606 861 1760 923 decl.
1793 867 1919 925 242
1951 883 2009 941 p.
2045 867 2161 925 321

159 943 261 1023 Bip.
290 949 364 1007 el‘.
402 946 542 1008 Sen.
578 967 670 1027 ep.
702 948 852 1020 vlu,
874 948 974 1030 6),
1007 946 1153 1007 unde
1186 951 1531 1025 vertiginem
1563 958 1621 1006 et
1652 968 1736 1006 vs.
1768 952 1848 1009 78
1881 948 2169 1008 turbinem

162 1028 307 1102 dixit,
346 1043 476 1092 tune
519 1054 553 1092 e
599 1053 760 1092 manu
804 1034 1126 1093 mittebatur
1165 1052 1287 1091 cum
1331 1034 1555 1092 verbis:
1605 1033 1762 1092 Hune
1794 1032 2070 1091 hominem
2104 1034 2174 1092 li-

160 1116 327 1176 berum
369 1137 501 1177 esse
545 1119 677 1177 volo
727 1119 910 1191 (Fest.
958 1139 1007 1178 s.
1054 1140 1112 1177 v.
1158 1120 1513 1191 manumitti).
1573 1117 1663 1176 Cf.
1698 1116 1897 1178 Heind.
1932 1116 2001 1176 ad
2034 1118 2170 1177 Hor.

163 1212 251 1259 sat.
279 1202 345 1273 ΙΙ,
375 1208 434 1274 7,
467 1207 570 1266 76.
606 1204 879 1276 Creuzer,
910 1203 1071 1263 Rom.
1103 1201 1221 1262 Alt.
1254 1223 1307 1282 p.
1327 1209 1403 1267 71
1429 1223 1513 1283 sq.
1545 1201 1710 1273 Rein,
1741 1201 1901 1262 Rom.
1921 1202 2166 1264 Privatr.

161 1306 205 1362 p.
230 1291 337 1349 271
366 1308 448 1368 sq.
506 1290 622 1347 Hic
660 1299 755 1348 est
789 1291 1011 1360 Dama,
1049 1288 1282 1366 vulgare
1315 1308 1606 1348 servorum
1639 1308 1839 1348 nomeu
1859 1331 1875 1359 ,
1908 1288 2172 1348 decurta-

160 1381 252 1429 tum
294 1393 325 1432 e
368 1375 591 1432 nomine
632 1367 1018 1455 Δημήτριος,
1064 1385 1127 1433 ut
1167 1375 1336 1432 multa
1378 1374 1491 1433 alia
1538 1374 1795 1433 similiter
1838 1373 2045 1447 (Bentl.
2078 1393 2171 1453 ep.

161 1454 220 1513 ad
243 1456 369 1517 Mill.
402 1479 455 1537 p.
491 1463 607 1521 521
636 1480 720 1538 sq.
758 1459 1104 1518 Winekelm.
1138 1456 1210 1517 ad
1239 1459 1380 1518 Plat.
1413 1458 1659 1537 Euthyd.
1691 1480 1746 1539 p.
1768 1459 1873 1518 xl.
1895 1465 2029 1538 sq.),
2061 1479 2171 1538 quo

160 1561 245 1617 pro
272 1545 359 1602 vili
389 1556 450 1603 et
478 1545 688 1603 abiecti
719 1546 870 1603 servi
902 1545 1163 1624 exemplo
1195 1545 1367 1604 utitur
1410 1543 1677 1604 Horatius
1724 1549 1858 1618 (sat.
1892 1544 1936 1614 1,
1970 1548 2028 1615 6,
2061 1548 2168 1606 38.

164 1625 218 1694 ΙΙ,
246 1631 300 1698 5,
328 1633 427 1690 30.
464 1632 577 1691 101
608 1655 624 1702 3
674 1634 733 1700 7,
766 1635 872 1701 54)
893 1672 911 1700 ,
953 1650 1173 1707 agaso,
1224 1630 1315 1709 qui
1345 1630 1575 1689 iumenti
1607 1648 1797 1687 curam
1830 1631 1985 1708 agit,
2031 1650 2171 1709 quos

162 1711 286 1770 iuter
311 1715 492 1773 infima
524 1716 754 1774 servitia
786 1714 1104 1788 habebant,
1137 1735 1252 1774 non
1287 1717 1492 1774 tressis
1513 1756 1531 1785 ,
1567 1725 1628 1773 ut
1657 1714 1916 1774 Vatinius
1951 1721 2065 1794 (ep.
2098 1713 2171 1773 ad

165 1795 262 1855 cie.
288 1800 430 1858 inter
463 1801 599 1858 l‘am.
635 1798 708 1869 V,
747 1803 843 1870 10,
881 1805 975 1872 1),
1022 1820 1130 1859 non
1164 1800 1424 1860 semissis
1458 1798 1656 1871 bom03
1705 1799 1886 1858 Plaut.
1919 1799 2094 1858 Poen.
2129 1800 2174 1872 1,

164 1884 369 1950 2168:
398 1884 527 1944 Non
562 1905 672 1962 ego
704 1885 870 1943 homo
902 1885 1126 1944 trioboli
1159 1906 1314 1956 sum,
1347 1886 1430 1944 cf.
1467 1884 1643 1944 Gron.
1681 1884 1751 1944 de
1776 1905 1899 1964 pec.
1920 1895 2033 1943 vet.
2049 1883 2091 1956 1,
2111 1888 2171 1946 8.

169 1968 349 2046 Vuppa
391 1971 702 2029 vocabatur
743 1982 1013 2041 mustum,
1061 1969 1206 2051 qnod
1248 1972 1449 2028 iterum
1496 1982 1695 2047 sponte
1730 1969 2023 2041 fervebat,
2068 1990 2180 2050 qua

166 2052 451 2115 calamitate
485 2054 709 2133 deperit
738 2075 910 2135 sapor
942 2056 1109 2128 (Plin.
1145 2055 1300 2126 XIV,
1332 2058 1435 2125 20,
1467 2059 1607 2128 25),
1651 2067 1710 2114 et
1739 2056 1961 2114 omnino
1991 2057 2178 2115 vinum

165 2137 494 2212 vilissimum,
526 2140 691 2221 quale
724 2159 946 2200 servum
979 2140 1238 2213 decebat,
1270 2142 1362 2220 qui
1395 2139 1689 2199 immodico
1712 2143 1834 2199 eius
1852 2161 1952 2199 usu
1980 2141 2177 2220 ltppus

168 2220 323 2282 faetus
366 2239 489 2298 est,
541 2237 604 2284 ut
646 2227 832 2284 vinum
878 2228 1100 2285 nimium
1146 2227 1324 2285 oculis
1370 2237 1543 2285 nocet
1588 2226 1676 2298 (ΙΙ,
1711 2230 1837 2300 72).
1900 2228 2180 2304 Farrago

167 2310 526 2387 appellabatur
559 2322 707 2371 teste
739 2309 915 2371 Paull.
949 2333 995 2372 S.
1028 2333 1084 2373 v.
1122 2310 1210 2385 id,
1253 2308 1402 2391 quod
1433 2312 1785 2391 ex.plu1·ibus
1818 2312 1958 2371 satis
1991 2308 2179 2390 p'abuli

170 2412 316 2453 eausa
344 2395 585 2456 dabatur
613 2396 895 2467 iumentis,
929 2417 1073 2478 quae
1105 2397 1345 2457 diversis
1382 2395 1561 2456 modis
1595 2397 1937 2457 miscebatur
1969 2397 2177 2470 (Varro

170 2475 223 2536 R.
240 2479 351 2552 R.1‚
372 2489 475 2554 31,
509 2488 569 2545 5.
602 2482 743 2541 Plin.
776 2482 984 2555 XVIII,
1015 2487 1278 2556 16‚41):
1316 2484 1369 2540 in
1404 2483 1509 2542 hac
1541 2479 1999 2552 administranda,
2031 2482 2181 2561 quod

170 2576 274 2622 erat
299 2570 562 2644 agasonis
594 2569 859 2636 officium,
891 2572 1145 2628 mendax
1181 2570 1304 2638 fuit,
1336 2567 1745 2626 fraudulentus.
1802 2570 2071 2626 Verterit
2096 2586 2179 2626 se.

170 2649 210 2705 si
236 2658 306 2721 (v.
346 2658 481 2716 189.
514 2653 695 2712 Bentl.
730 2651 800 2712 ad
834 2654 969 2713 Hor.
1004 2666 1135 2712 satt.
1169 2653 1237 2726 11,
1272 2657 1330 2724 6,
1362 2658 1468 2724 49)
1503 2654 1658 2711 hunc
1698 2655 1994 2723 dominus,
2032 2651 2180 2731 quod

170 2740 440 2796 eontentim
474 2738 545 2797 de
578 2741 1011 2797 manumissione
1044 2738 1211 2809 dicit,
1247 2750 1310 2796 ut
1338 2737 1614 2797 Arrianus
1649 2737 1810 2801 (diss.
1842 2737 1910 2809 Il,
1948 2742 2003 2807 1,
2034 2741 2180 2808 26)=

162 2811 316 2878 Ὅταν
343 2811 448 2881 οὖν
480 2822 711 2905 στρέφῃ
739 2846 829 2892 τις
860 2821 955 2882 ἐπὶ
994 2824 1327 2905 στρατηγοῦ
1354 2818 1459 2883 τὸν
1488 2820 1675 2881 αὑτοῦ
1705 2821 1957 2894 δοῦλον,
2007 2817 2186 2881 οὐδὲν

174 2898 416 2977 ἐποίησεν
425 2931 449 2980 ,·
505 2903 809 2981 Ἐποίησε.
877 2908 989 2980 Τίς
1044 2905 1352 2989 ’Ἑστρεψε
1405 2904 1511 2968 τὸν
1566 2904 1753 2967 αὑτοῦ
1816 2906 2032 2966 δοῦλον
2088 2904 2186 2964 ἐπὶ

176 2996 497 3069 στρατηγοῦ.
550 2987 729 3052 ”Alio
777 2989 1009 3065 οὐδένῑ,
1054 2992 1223 3051 Ναί·
1283 2991 1388 3050 καὶ
1427 2987 1701 3065 εἰκοστὴν
1739 2987 1927 3051 αὐτοῦ
1971 2990 2185 3050 δοῦναι

175 3065 388 3145 ὀφείλει.
452 3077 533 3136 Τι’
565 3066 705 3149 oiim
750 3075 781 3138 ὁ
820 3079 1005 3136 ταῦτα
1034 3072 1258 3136 παθών
1295 3072 1366 3136 οὗ
1397 3075 1635 3155 γέγονεν
1666 3073 1984 3158 ἐλεύθερος
2002 3097 2026 3147 ;
2090 3070 2184 3134 Οὐ

174 3156 363 3228 μᾶλλον
390 3159 427 3235 ἢ
465 3159 785 3242 ἀτάραχος.
849 3165 1145 3222 Momento
1179 3162 1455 3232 turbinis,
1491 3164 1583 3241 qui
1613 3159 1888 3220 vertendo
1919 3161 2185 3232 efficitur,

176 3243 281 3299 exit
304 3247 547 3306 Marcus
576 3250 788 3319 Dama,
825 3250 917 3327 qui
947 3267 1312 3327 praenomen,
1345 3245 1492 3326 quod
1520 3247 1681 3305 liberi
1714 3257 1923 3305 tantum
1956 3246 2184 3318 babent,

174 3324 296 3386 uude
324 3341 619 3410 tantopere
651 3334 914 3403 inculcat,
946 3332 1198 3391 adiunxit
1226 3333 1434 3390 nomini
1459 3332 1673 3391 servili.
1707 3332 1786 3392 Ita
1800 3331 1877 3391 Μ.
1893 3330 2183 3390 FVFWS.

176 3407 238 3466 Μ.
265 3411 325 3471 L.
360 3415 577 3476 DAMA
608 3429 700 3476 est
729 3420 782 3476 in
817 3421 987 3477 inser.
1021 3417 1165 3498 apud
1199 3417 1620 3476 Buonarottium
1657 3419 1825 3489 (vetri
1857 3438 1910 3496 p.
1950 3421 2070 3479 136
2105 3418 2185 3475 el‘.

178 3490 314 3557 Grut.
347 3504 489 3573 991,
528 3507 649 3576 13).
722 3506 960 3581 Papae,
1007 3502 1241 3574 παπαί,
1290 3501 1618 3561 admirantis
1665 3502 2022 3561 exclamatio.
2085 3501 2188 3560 Hie

177 3576 374 3643 Marcus
394 3588 590 3658 Dama,
622 3609 949 3668 quamquam
979 3588 1122 3648 liber
1153 3588 1337 3646 factus
1370 3606 1567 3647 omnes
1600 3588 1736 3645 iuris
1770 3588 2024 3646 actiones
2056 3606 2189 3666 per-

177 3663 325 3728 ficere
354 3684 574 3749 potest,
607 3671 891 3751 ingenium
924 3684 1107 3733 tamen
1141 3694 1252 3731 non
1284 3674 1549 3741 mutavit,
1593 3683 1654 3730 et
1685 3683 1774 3743 tu,
1808 3674 1898 3751 qui
1931 3691 2056 3731 eum
2088 3692 2190 3730 no-

179 3750 319 3824 visti,
349 3777 455 3815 non
488 3759 691 3818 liberto
723 3761 933 3837 magis„
976 3778 1137 3838 quam
1170 3759 1297 3816 olim
1331 3777 1500 3815 servo
1532 3755 1693 3816 fidem
1725 3758 1923 3817 habes.
1978 3759 2190 3817 Marco

181 3842 505 3914 mandente,
568 3847 811 3903 credere
872 3854 936 3903 tu
994 3862 1252 3902 nummos
1308 3862 1571 3902 recusas.
1656 3841 1742 3901 De
1787 3844 2090 3921 sponsione
2133 3863 2189 3901 v.

181 3915 339 3983 Varro
368 3926 434 3986 L.
466 3929 651 4001 1..V1‚
673 3933 752 3992 69
787 3930 857 3988 cl.
890 3928 1236 3988 Lachmanni
1268 3926 1499 3987 dissert.
1534 3927 1706 4002 (Mus.
1742 3927 1922 3986 Rhea.
1951 3948 2004 3986 a.
2028 3931 2190 3990 1839

183 4022 230 4078 Ρ.
262 4013 362 4073 111
396 4019 543 4093 sqq.)
592 4014 769 4086 Rein,
815 4014 971 4074 Rom.
1019 4013 1261 4073 Privatr.
1294 4034 1350 4093 p.
1391 4017 1534 4075 342.
1592 4012 1823 4072 Walter
1851 4012 1918 4071 R.
1952 4012 2194 4072 Rechts-

184 4094 422 4177 geseh.p.
444 4103 567 4163 644
583 4120 669 4180 sq.
715 4101 856 4160 Erat
884 4110 1068 4160 eutem
1090 4141 1108 4171 ,
1140 4108 1292 4159 teste
1325 4097 1468 4158 Gaio
1501 4096 1622 4172 (111,
1655 4102 1773 4246 93
1794 4117 1862 4158 ea
1893 4098 2193 4159 verborum

254 4197 471 4244 Pensm&
