2764 4738
852 406 1584 471 PROLEGOMENA.
2018 431 2232 473 xxxm

170 580 487 646 illecebris
528 589 837 655 remotus,
897 578 1229 664 studiisque
1273 578 1616 644 litterarum
1677 589 1907 643 tantum
1966 580 2228 660 dedituS,

172 684 414 767 gloriae
444 681 725 766 cupidine
756 700 1036 765 vanaque
1065 680 1352 746 iactantia
1377 726 1397 758 ,
1447 682 1681 765 qualem
1723 681 1787 744 in
1832 679 2086 747 Lucano
2120 704 2230 747 no-

172 788 417 862 vimus,
460 783 621 849 liber
650 784 784 847 suit.
845 782 1064 868 Neque
1096 784 1334 871 poetica
1364 781 1600 848 Lucani
1646 783 1844 848 studia
1886 781 2087 849 Persii
2132 807 2231 850 as-

171 910 433 953 sensum
480 889 644 950 ferre
688 895 1039 969 potnerunt.
1124 884 1500 969 Quamquam
1531 885 1785 951 enimin
1817 904 1892 949 eo
1937 888 2227 964 carmine,

171 992 339 1075 quod
387 987 585 1054 solum
631 987 809 1052 hodie
850 998 1163 1071 superstes
1211 998 1341 1069 est,
1392 1009 1513 1052 non
1563 988 1784 1052 desunt
1810 989 2068 1071 vestigia
2100 990 2231 1055 eius

173 1092 536 1177 disciplinae
556 1136 577 1168 ‚
625 1109 777 1173 quae
808 1088 866 1154 ei
898 1110 1029 1154 cum
1062 1087 1282 1154 Persio
1313 1091 1646 1155 communis
1676 1089 1788 1153 fuit
1810 1136 1827 1167 ‚
1861 1101 1925 1154 et
1953 1111 2233 1175 praeser-

170 1196 286 1260 tim
328 1194 616 1272 ratione,
663 1215 779 1277 qna
821 1190 1331 1276 Pompeianorum
1372 1204 1578 1277 partes
1623 1191 1899 1270 extollit,
1947 1193 2232 1277 reipubli-

175 1316 289 1361 cae
336 1307 408 1360 et
448 1294 754 1359 libertatis
794 1315 965 1359 amor
1005 1295 1322 1380 proditur,
1371 1296 1605 1379 qualem
1649 1294 1726 1358 ah
1771 1313 1845 1356 eo
1878 1305 2228 1378 exspecteS,

174 1399 279 1485 qni
322 1398 526 1462 stoica
569 1395 943 1482 philosophia
984 1398 1249 1462 imbutus
1293 1408 1423 1476 est,
1470 1398 1712 1461 videtur
1748 1395 1802 1458 is
1846 1395 1987 1459 mihi
2031 1406 2232 1460 tamen

174 1499 591 1566 scholasticus
624 1498 859 1584 potius,
924 1519 1100 1581 quam
1146 1520 1329 1564 verus
1374 1509 1552 1584 atque
1597 1498 1901 1583 ingenuus
1948 1519 2123 1576 esse,
2171 1510 2234 1564 et

173 1601 481 1666 Lucanus
526 1601 702 1664 simili
746 1602 986 1666 ratione
1036 1601 1454 1687 philosophiae
1518 1602 1756 1666 deditus
1811 1601 2000 1666 fuisse
2052 1612 2233 1686 atque

180 1702 460 1769 Seneca.
525 1700 862 1785 Utrumque
910 1703 1068 1767 enim
1113 1703 1357 1767 virtutis
1403 1704 1797 1787 veritatisque
1842 1703 2042 1766 studio
2089 1704 2235 1767 affe-

178 1818 349 1873 ctum
411 1804 605 1870 fuisse
648 1825 1001 1887 quamquam
1047 1825 1169 1868 non
1224 1824 1418 1888 nego,
1480 1817 1683 1870 tamen
1732 1806 1992 1891 speciem
2040 1805 2231 1889 magis

179 1911 370 1974 etism
400 1928 578 1991 quam
611 1927 738 1970 rem
770 1918 1041 1971 secutum
1075 1927 1214 1972 esse
1235 1954 1254 1984 ,
1304 1926 1500 1990 neque
1546 1908 1609 1970 in
1638 1908 1765 1972 vita
1796 1909 2054 1975 animum
2087 1932 2233 1975 cou-

176 2022 487 2087 stantem,
535 2008 768 2093 gloriae
798 2030 956 2073 vana
989 2009 1268 2094 cupidine
1300 2018 1365 2073 et
1392 2008 1637 2074 luxuria
1668 2008 1920 2075 liberum
1943 2060 1960 2092 ,
1997 2014 2232 2096 qualem

182 2111 437 2179 Seneca
480 2110 857 2195 potissimum
897 2110 960 2174 in
1003 2111 1244 2195 seriptis
1276 2111 1578 2191 ostendit,
1626 2133 1953 2192 servasse,
2003 2127 2233 2180 certum

180 2228 282 2282 est
320 2225 367 2278 ¹.
446 2213 588 2299 Ego
633 2234 757 2277 non
801 2212 861 2276 id
904 2212 1260 2297 suscipiam,
1309 2223 1377 2277 ut
1428 2215 1876 2293 demonstrem,
1923 2212 2230 2295 Persium,

178 2319 284 2384 ubi
318 2318 401 2392 dc¹
427 2316 624 2403 poetis
668 2315 761 2380 sui
806 2315 1093 2400 temporis
1132 2315 1434 2398 loquitur,
1482 2316 1582 2400 qui
1616 2314 1856 2381 Graece
1887 2318 2104 2404 nugari
2133 2338 2234 2383 so-

182 2458 211 2511 1
251 2455 331 2507 De
367 2453 578 2504 Luesno
613 2454 826 2521 eiusque
862 2453 1051 2503 studiis
1086 2468 1138 2503 v.
1165 2454 1325 2504 vitum
1351 2452 1619 2512 Suetoniiz
1659 2453 1911 2520 aliumque
1935 2470 1998 2505 ex
2024 2457 2235 2522 antiquo

251 2523 627 2575 eonmentsrio
671 2522 806 2573 Stat.
847 2521 978 2573 silv,
1020 2521 1085 2585 ll,
1124 2523 1174 2574 7.
1228 2522 1506 2573 Suetonius
1545 2522 1747 2588 quidem
1797 2523 2020 2590 iniquior
2055 2531 2236 2575 contra

162 2625 167 2626 ἡ
251 2608 372 2645 eun
408 2599 523 2654 est,
576 2599 631 2641 ut
683 2591 899 2642 Tacitus
943 2606 1140 2657 quoque
1196 2605 1392 2656 aequus
1443 2590 1598 2640 iudex
1632 2591 1763 2642 satis
1803 2593 2004 2658 quidem
2044 2594 2233 2660 prodit,

252 2677 371 2713 eum
407 2661 660 2727 sapientis
695 2660 1031 2711 constantium
1080 2658 1373 2724 neutiquam
1425 2674 1685 2710 servasse.
1747 2659 1822 2710 ltu
1858 2661 2106 2727 promissa
2143 2663 2236 2712 im-

252 2731 497 2798 punit-te
532 2735 809 2796 corruptus
843 2735 1059 2779 matrem
1095 2728 1311 2779 Acilium
1350 2729 1572 2795 prodidit
1608 2728 1756 2792 (Tac.
1797 2731 1929 2779 Ann-
1967 2728 2086 2794 XV,
2119 2729 2231 2795 56),

250 2807 305 2851 et
344 2799 481 2865 quod
517 2797 801 2848 moriturus
835 2812 1074 2858 carmen,
1122 2796 1256 2862 quod
1303 2797 1367 2847 de
1413 2797 1685 2847 vulnerato
1720 2796 1886 2848 milite
1930 2800 2232 2864 composuit,

252 2872 509 2919 recitasse
544 2875 792 2916 narretur
824 2867 982 2927 (Anu.
1009 2864 1130 2926 XV,
1164 2865 1249 2926 70)
1276 2865 1327 2916 id
1364 2866 1489 2915 mihi
1527 2866 1730 2931 quidem
1767 2867 2055 2918 affectatum
2093 2868 2237 2918 vide-

251 2945 378 3000 tur,
418 2938 694 3001 virumque
728 2935 1035 2996 ostendere,
1075 2934 1159 3000 qui
1199 2935 1456 2998 ingenium
1494 2935 1745 3000 poeticum
1783 2943 1836 2985 et
1870 2937 2083 2986 stoicum
2118 2952 2236 2986 con-

249 3008 503 3057 stantium
552 3011 813 3055 ostentare
862 3002 1048 3053 voluit.
1122 3002 1251 3052 Eum
1302 3018 1427 3054 vero
1464 3011 1643 3054 eontru
1679 3001 1929 3054 Neronem
1969 3005 2234 3055 incensum

252 3075 420 3125 fnisse
468 3073 687 3123 maxime
740 3073 802 3123 ob
845 3073 1093 3139 poeticum
1131 3072 1521 3122 aemulationem
1560 3074 1818 3123 consentit
1853 3072 2095 3123 Suetonio
2131 3073 2236 3124 Tu-

249 3144 393 3194 eitus
428 3142 588 3207 (Anu.
617 3140 737 3204 XV,
768 3143 873 3202 4⁹).
917 3142 1154 3191 Ceterum
1195 3141 1574 3209 inscriptionem
1612 3142 1830 3193 multum
1871 3142 2184 3194 celebratam

606 3209 678 3262 M.
723 3209 996 3260 ΑΝΝΑΕΟ
1032 3208 1302 3261 LVCANO

608 3277 1027 3329 CORDVBENSl
1064 3276 1329 3328 ΡΟΕΤΑΕ

608 3346 954 3398 BENEFlclo
994 3345 1276 3398 NERONlS

608 3414 790 3467 FAMA
828 3414 1142 3466 SERVATA

254 3485 440 3552 (Grut.
473 3486 593 3544 35⁵,
617 3485 670 3536 2.
712 3482 861 3535 Voss.
893 3486 955 3534 de
982 3485 1127 3535 histt.
1162 3482 1299 3533 Lutt.
1336 3483 1375 3547 1,
1395 3484 1482 3536 26.
1522 3482 1663 3550 Lips.
1694 3483 1758 3534 sd
1788 3484 1914 3534 Tne.
1947 3485 2080 3536 Ano.
2110 3483 2230 3548 XV,

252 3557 346 3607 ⁴9.
397 3554 563 3618 Surpe
586 3570 669 3618 qn.
700 3553 875 3618 philol.
907 3570 956 3619 p.
991 3554 1078 3605 ⁴6.
1129 3552 1340 3603 Weber.
1387 3552 1453 3603 sd
1497 3551 1624 3602 Luc.
1665 3551 1710 3602 ll
1750 3569 1798 3619 p.
1834 3554 1951 3605 586.
2003 3552 2231 3605 Fickert.

254 3625 321 3674 ad
355 3624 476 3674 Sen.
517 3621 535 3671 l
569 3638 618 3687 p.
650 3621 841 3673 XXIV.
898 3620 1031 3671 licii.
1062 3621 1220 3671 anull.
1260 3621 1425 3687 epigr.
1486 3638 1534 3688 p.
1581 3620 1728 3686 253.)
1778 3622 2048 3685 genuinum
2098 3639 2231 3686 esse,

253 3694 310 3743 h.
332 3708 378 3742 e.
398 3690 622 3742 Neronis
636 3697 859 3756 tempore
878 3690 1111 3756 positam,
1138 3691 1227 3741 vix
1240 3693 1463 3740 credam.
1504 3688 1668 3751 Leges
1685 3692 1829 3741 modo
1848 3688 2019 3742 Taciti
2037 3693 2230 3742 verbu:

254 3760 403 3826 quod
432 3761 657 3824 samam
705 3764 821 3809 eius
873 3762 1172 3809 car-minum
1218 3759 1502 3825 premebat
1566 3757 1712 3809 Nero
1771 3761 2234 3826 prohibueratque

252 3832 533 3880 ostentare
583 3843 723 3876 vana
776 3827 1199 3884 assimilatione,
1257 3835 1309 3878 et
1358 3827 1526 3877 simile
1578 3828 1699 3893 quid
1737 3826 1788 3877 in
1840 3829 2008 3879 animo
2046 3829 2235 3879 habere

252 3898 473 3948 videtur
506 3897 661 3946 etism
699 3896 1010 3958 Suetonius,
1049 3896 1136 3945 ubi
1164 3897 1319 3947 dicit=
1357 3896 1616 3946 Poemaea
1652 3898 1764 3945 eim
1798 3900 1962 3947 etiam
1986 3898 2238 3964 praelegi

248 3969 496 4016 nemini.
559 3964 826 4015 Cordubue
861 3980 971 4015 eum
1010 3965 1268 4015 inventum
1306 3980 1422 4015 esse
1457 3964 1548 4015 vix
1581 3966 1780 4015 credam
1820 3964 2090 4032 Hispanis,
2147 3966 2234 4032 qui

250 4034 446 4085 nultos
499 4033 760 4084 linxerunt
810 4034 1024 4085 titulosz
1079 4032 1267 4084 Rornae
1316 4040 1565 4100 repertum
1617 4048 1731 4083 esse
1782 4049 1831 4084 ι.
1887 4035 2014 4086 1403
2055 4041 2233 4085 narrat

253 4101 371 4153 Rol.
412 4103 478 4152 de
514 4102 720 4168 Plsgols
758 4103 889 4170 apud
928 4101 1415 4169 Fickertumihique
1449 4117 1559 4154 eum
1584 4102 1784 4153 servari
1810 4104 1971 4154 trudit
1994 4102 2231 4154 Vossius.

315 4191 558 4233 nusum.
1760 4190 1792 4232 0
