2764 4738
506 421 638 493 262
971 422 1237 487 scum..
1280 421 1388 486 An
1434 421 1600 486 sA'r.
1646 421 1696 497 1,
1743 426 2042 488 58—63.

506 594 834 679 pistoribus.
877 594 1000 655 Pilo
1032 596 1178 656 enim
1208 593 1357 675 apud
1384 605 1617 657 veteres
1651 595 1929 654 frumenta
1958 590 2358 654 tundebantur:
2386 586 2543 651 unde

508 693 571 744 et
611 684 862 762 pistores
905 680 1039 740 dicti
1085 691 1246 752 sunt,
1290 681 1453 760 quasi
1494 683 1757 761 pinsores
1804 699 1839 741 a
1885 676 2193 759 pinsendo,
2232 677 2384 738 vela
2413 679 2549 757 pin-

507 766 712 828 doudo.
798 767 982 827 Pindo
1022 767 1168 826 enim
1214 764 1268 825 id
1313 777 1406 826 est
1431 765 1640 847 serio.-
1689 763 1837 826 nude
1877 776 1937 825 et
1970 766 2261 844 pistillum
2288 761 2548 836 dicimus,

508 874 620 935 quo
649 855 882 913 terimus
914 853 969 910 in
1005 852 1290 910 mortario.

679 941 782 1001 59.
825 939 952 998 Nee
980 956 1186 996 manus
1216 936 1485 1009 mobilis,
1533 933 1589 995 id
1619 946 1712 996 est
1743 935 1956 1005 facilis,
1989 932 2179 994 docta.
2352 933 2547 995 Auri-

506 1025 673 1084 culus
703 1024 910 1094 albas,
946 1021 1000 1081 id
1032 1032 1123 1081 est
1152 1023 1433 1094 asininam
1465 1042 1592 1081 nam
1625 1023 1708 1080 sie
1740 1022 1892 1079 stulti
1924 1018 2205 1080 ridentur.
2266 1018 2549 1099 Apposito

505 1109 852 1188 temporibus
895 1108 1098 1187 pollice
1141 1110 1429 1167 imitantur
1459 1113 1482 1147 ¹
1528 1126 1698 1167 aures
1745 1107 1888 1165 asini
1934 1106 2061 1164 aliis
2107 1103 2332 1183 digitis,
2388 1104 2551 1185 quasi

507 1214 739 1255 sannam
783 1194 1086 1253 facientes.
1258 1194 1594 1252 Auris-ulos
1647 1192 1860 1263 albas,
1923 1188 2156 1250 stolidos
2194 1194 2222 1230 ²
2260 1210 2396 1251 esse
2441 1190 2551 1248 hoe

504 1280 809 1361 proverbio
851 1278 1233 1357 significatur,
1277 1298 1353 1338 ex
1395 1299 1505 1359 quo
1553 1277 1743 1338 fabula
1784 1296 2007 1358 quoque
2052 1274 2295 1355 prodidit
2343 1273 2549 1335 Midam

505 1367 676 1426 animi
721 1363 909 1423 stolidi
950 1364 1230 1423 asinarias
1273 1363 1542 1424 habuisse
1587 1382 1795 1435 aures,
1854 1381 1994 1442 quas
2048 1361 2222 1422 albas
2267 1360 2406 1420 dicit
2444 1378 2555 1439 per

506 1448 928 1532 synecdochen.
991 1449 1097 1507 Est
1127 1451 1273 1509 enim
1305 1450 1547 1509 interior
1574 1467 1708 1528 pars
1738 1450 1953 1507 aurium
1982 1447 2148 1517 alba,
2192 1458 2257 1507 ut
2285 1447 2552 1527 populum

506 1555 729 1617 quoque
779 1533 1011 1594 dicimus
1054 1534 1276 1604 albam,
1319 1532 1471 1615 quod
1512 1537 1703 1615 utique
1745 1534 1884 1595 folin
1923 1534 2048 1593 eius
2092 1532 2223 1593 alba
2268 1543 2402 1591 suut
2440 1550 2555 1590 una

506 1632 700 1702 parte,
732 1620 843 1679 alia
875 1630 1037 1700 parte
1070 1617 1290 1678 viridia.

680 1710 782 1769 6⁰.
827 1704 944 1765 Aut
972 1703 1314 1784 protendunt
1343 1705 1619 1782 linguam,
1650 1715 1911 1784 quantum
1939 1702 2150 1783 Apula
2182 1704 2352 1762 canis
2379 1700 2556 1760 multa

505 1793 623 1852 siti.
692 1790 767 1850 Et
796 1791 944 1851 bene
971 1790 1209 1870 Apulum
1240 1809 1440 1850 canem
1471 1789 1637 1861 dicit,
1681 1800 1988 1869 propterea
2032 1787 2181 1868 quod
2212 1787 2419 1867 Apulia
2450 1806 2559 1846 ae·

505 1889 701 1938 stuose
732 1887 839 1937 est.
899 1876 1081 1936 Etiam
1114 1875 1222 1935 hoc
1253 1895 1436 1954 genus
1467 1873 1686 1935 ridendi
1718 1886 1826 1936 est.
1870 1874 2018 1935 Nam
2047 1876 2236 1933 *tria
2265 1893 2403 1952 gen
2425 1891 2559 1932 era

504 1973 678 2024 sunt
721 1981 1152 2022 snnnnrumz
1198 1971 1319 2020 aut
1361 1981 1561 2020 manu
1600 1966 1628 2001 ⁸
1668 1962 2129 2040 significare
2174 1960 2561 2028 ciconiam,

505 2060 632 2110 aut
662 2048 1052 2108 auriculas
1085 2047 1312 2119 asini,
1357 2057 1486 2107 aut
1524 2046 1841 2126 liugnam
1886 2046 2239 2107 sitientis
2271 2040 2563 2105 canis)

681 2136 947 2206 Tantae,
982 2131 1036 2192 id
1068 2144 1155 2193 est
1182 2144 1392 2192 tantum
1423 2134 1705 2213 prolatae.

677 2224 780 2283 61.
829 2221 948 2278 Vos
980 2240 1012 2277 ο
1037 2219 1331 2297 patricius
1359 2220 1648 2297 sanguis,
1694 2239 1798 2278 vos
1843 2218 2016 2296 igitur
2046 2216 2221 2276 nobili
2251 2215 2379 2275 loco
2408 2214 2559 2287 uati,

505 2325 740 2389 quorum
769 2305 883 2364 vita
916 2324 991 2364 ex
1022 2308 1052 2343 ⁴
1079 2302 1252 2364 debet
1279 2324 1451 2377 esse,
1494 2306 1585 2386 qui
1627 2302 1822 2363 videre
1870 2300 2003 2385 quid
2048 2322 2082 2361 a
2111 2313 2280 2382 tergo
2311 2301 2410 2361 fiat
2437 2321 2558 2360 non

508 2393 760 2465 curatis,
805 2389 936 2450 dnte
967 2410 1230 2469 operam,
1260 2401 1323 2449 ut
1352 2411 1462 2450 non
1495 2389 1884 2450 derideamini.

679 2481 754 2540 61
793 2497 877 2557 sq.
946 2478 1104 2553 Quos
1149 2478 1344 2535 vivere
1370 2474 1487 2556 sas
1532 2486 1626 2534 est
1663 2477 1906 2554 occipiti
1942 2495 2152 2547 caeco,
2199 2471 2259 2534 id
2289 2481 2414 2543 est,
2444 2489 2557 2530 vos

506 2583 646 2644 quos
692 2563 781 2621 fas
823 2575 912 2622 est
951 2563 1007 2620 in
1058 2563 1321 2641 occipitio
1370 2562 1565 2620 oculos
1611 2583 1718 2620 non
1766 2560 2004 2622 habere.
2204 2559 2558 2637 occipitium

504 2647 710 2708 dicitur
738 2649 1022 2727 posterior
1051 2665 1185 2726 pars
1216 2647 1449 2725 capitis,
1501 2648 1767 2726 sinciput
1791 2648 2062 2706 anterior.
2110 2645 2197 2706 Ac
2230 2646 2280 2704 si
2310 2641 2559 2716 diceret,

505 2735 601 2815 qui
643 2754 755 2793 nou
802 2734 1024 2792 sentitis
1064 2752 1167 2793 vos
1214 2752 1248 2791 a
1292 2742 1459 2811 tergo
1505 2730 1748 2793 irrideri.
1943 2733 2215 2791 Posticae
2256 2731 2559 2788 occurrite

503 2837 766 2891 sannae,
816 2816 870 2877 id
915 2828 1007 2877 est
1049 2818 1325 2890 irrisioni3
1373 2818 1466 2898 qui
1525 2838 1636 2877 non
1680 2819 1820 2877 estis
1866 2815 2020 2889 Iani,
2089 2837 2197 2876 nec
2244 2815 2490 2896 potestis
2522 2832 2560 2874 ι

504 2915 673 2984 tergo
703 2906 854 2964 risus
880 2901 1113 2975 videre,
1162 2904 1338 2962 nolite
1369 2924 1471 2962 vos
1503 2901 1843 2963 deridendos
1874 2903 2180 2982 praebere.
2358 2901 2561 2962 Posti·

506 3010 612 3049 cae
631 3034 653 3061 ,
686 2991 728 3051 i.
764 3008 817 3049 e.
851 2998 982 3069 post
1013 2990 1223 3048 factae.
1284 2987 1516 3069 Antiqui
1547 2991 1625 3048 ita
1657 2990 1813 3048 fores
1843 2989 2175 3067 templorum
2206 2986 2298 3047 vel
2329 2982 2559 3045 aedium

505 3073 774 3135 dixerunt
802 3076 1022 3134 anticas
1053 3084 1114 3134 et
1139 3073 1413 3152 posticas.
1469 3075 1737 3134 posticae
1768 3094 1909 3152 ergo
1937 3093 2199 3144 sannae,
2249 3091 2396 3153 quae
2428 3071 2495 3129 fit
2523 3091 2560 3130 a

504 3161 814 3241 posteriori
843 3170 1025 3240 parte.
1070 3163 1099 3195 *
1122 3161 1384 3219 Sanno
1415 3167 1656 3220 nutem
1688 3157 1929 3238 dilcitu
1951 3179 1981 3218 r
2022 3179 2103 3218 os
2146 3157 2559 3218 distortum

507 3266 660 3307 cum
715 3246 960 3305 vultu=
1023 3242 1212 3325 quod
1254 3245 1607 3316 facimus,
1652 3237 1807 3304 eum
1855 3245 2047 3304 alios
2093 3241 2557 3303 deridemus.

506 3329 681 3392 Inde
751 3332 1173 3391 sanniones
1242 3327 1467 3404 dicti,
1555 3332 1676 3411 qui
1738 3351 1879 3390 nou
1936 3341 2223 3390 rectum
2280 3329 2559 3389 vultum

507 3416 545 3477 h
562 3436 594 3476 a
606 3416 641 3476 h
659 3436 692 3477 e
710 3437 744 3475 a
759 3437 793 3474 u
811 3427 851 3476 t.
881 3420 909 3453 *
2058 3481 2061 3484 Α

681 3505 760 3564 63
778 3521 901 3582 sqq.
952 3503 1098 3578 Quis
1118 3501 1548 3581 populisermo
1592 3506 1731 3561 est?
1775 3497 1865 3560 Ad
1897 3501 2019 3560 eius
2047 3518 2352 3578 personam
2383 3496 2560 3571 redit,

509 3607 673 3669 quam
714 3587 975 3668 superius
1021 3587 1247 3647 fecerat
1289 3584 1608 3647 dicentem:
1672 3606 1870 3646 verum
1926 3586 2074 3644 mila·
2111 3586 2288 3644 dzbite
2333 3587 2408 3644 de
2450 3605 2561 3644 me.

575 3771 718 3825 latos
756 3771 961 3838 dig-itus
995 3777 1173 3839 agunt
1220 3770 1294 3824 ad
1334 3772 1653 3838 inferiorem
1692 3777 1915 3838 partem
1960 3787 2122 3825 manu
2173 3770 2449 3824 inclinum
2494 3799 2565 3810 —

577 3846 992 3926 repraesentant
1011 3869 1081 3879 —
1096 3857 1203 3909 per
1218 3841 1393 3904 faciei
1412 3841 1730 3894 absentiam.

507 3909 1026 4043 {twawmfflb

509 4051 544 4104 3
579 4063 746 4100 manu
780 4046 884 4097 del.
924 4046 985 4098 C.
1023 4047 1203 4099 Barth.
1241 4046 1281 4098 1.
1317 4045 1358 4097 l.

512 4122 545 4173 t
579 4116 884 4185 exemplum
918 4115 1053 4169 coni.
1092 4114 1292 4169 Vouok.
1332 4114 1369 4168 l.
1409 4115 1448 4168 1.
1485 4132 1537 4184 p.
1578 4114 1696 4169 173.

355 4397 842 4634 *a
