2764 4738
484 442 631 487 evin
1133 419 1854 485 PROLEGOMENA.

484 611 715 656 summa
757 590 1039 655 libertate
1082 592 1145 655 in
1184 591 1560 678 disponendo
1607 591 1847 676 dialogo
1895 592 2018 669 uti,
2085 593 2170 656 ita
2217 601 2287 655 ut
2329 594 2526 677 prouti

485 692 655 759 lubet
696 693 982 758 adhibeat
1037 704 1099 757 et
1150 692 1465 781 abrumpat
1509 705 1573 760 et
1630 705 1841 780 aperte
1893 694 2179 758 eximiam
2225 695 2526 778 quandam

482 796 784 861 recitandi
840 805 1033 860 artem
1095 797 1381 881 postulet.
1475 794 1656 880 Quod
1711 797 1957 861 omnino
2002 797 2065 861 iu
2105 795 2526 862 Romanorum

480 898 722 984 scriptis
773 899 1173 965 diiudicandis
1216 920 1342 963 non
1385 901 1630 966 videtur
1672 899 2136 984 negligendum,
2200 921 2314 978 ea,
2361 910 2527 984 post-

482 1021 656 1086 quam
686 1002 942 1067 invaluit
970 1002 1396 1067 recitationum
1440 1023 1612 1082 mos,
1659 1002 1734 1067 ad
1777 1000 2242 1087 praelegendum
2286 1002 2529 1087 potissi-

478 1125 636 1168 mum
669 1123 807 1169 esse
840 1105 1210 1189 composita,
1259 1114 1325 1170 et
1362 1104 1610 1188 legendi
1657 1115 1850 1169 artem
1894 1125 2125 1168 summo
2157 1105 2355 1169 studio
2387 1123 2527 1168 esse

479 1207 784 1270 excultam
831 1208 930 1271 vel
974 1207 1101 1291 ipse
1147 1204 1402 1272 Persius
1433 1208 1649 1285 docet,
1703 1207 1806 1290 qui
1835 1216 2175 1292 corruptam
2207 1217 2270 1270 et
2299 1207 2529 1271 effemi-

478 1320 678 1375 natam
710 1309 1038 1375 lectionem
1071 1309 1428 1395 perstringit
1456 1306 1539 1394 (Ι,
1573 1309 1658 1376 32
1688 1310 1861 1393 sqq.)
1903 1318 1948 1372 ¹.

653 1409 886 1494 Quodsi
925 1412 1184 1477 vidimus
1222 1409 1508 1477 Persium
1547 1412 1610 1476 iu
1657 1411 1864 1477 satiris
1904 1410 2030 1476 suis
2060 1412 2297 1477 artificii
2329 1431 2528 1496 genus

478 1512 804 1593 adhibere,
868 1514 1024 1597 quod
1067 1515 1226 1579 sicut
1270 1514 1516 1579 omnino
1559 1513 1843 1580 Romano
1900 1514 2151 1599 ingenio
2205 1514 2523 1592 convenit,

474 1617 563 1681 ita
605 1627 751 1680 tunc
794 1616 1167 1701 potissimum
1214 1617 1502 1701 temporis
1546 1638 1779 1682 summo
1823 1617 2088 1681 omnium
2120 1619 2331 1682 favore
2362 1617 2527 1682 acci-

474 1718 789 1805 piebatur,
834 1720 1208 1805 eundemque
1236 1721 1511 1807 spiritum
1542 1720 1838 1806 quendam
1868 1721 2215 1807 popularem
2246 1731 2526 1786 secutum

474 1842 612 1888 esse
632 1868 651 1901 ,
699 1822 797 1907 qui
827 1843 1001 1907 quam
1031 1822 1293 1887 maxime
1324 1824 1558 1889 animos
1591 1823 1929 1903 demulcet,
1962 1824 2160 1889 miuus
2190 1824 2307 1888 iam
2337 1822 2526 1888 mira·-

470 1926 703 2007 bimur,
751 1926 971 1991 satiras
1014 1927 1146 1991 eius
1190 1937 1422 1992 tantum
1464 1926 1580 1991 sibi
1625 1929 1897 1991 favorem
1927 1927 2129 1992 statim
2162 1926 2523 1993 conciliasse

476 2029 693 2114 diuque
738 2048 1049 2094 servasse.
1127 2026 1502 2114 Quamquam
1555 2027 1717 2094 euim
1770 2030 2113 2114 intelligere
2172 2051 2519 2116 possumus,

469 2130 714 2198 iuvenis
759 2132 1025 2197 animum
1070 2133 1312 2197 virtutis
1358 2144 1423 2198 et
1466 2132 1763 2198 libertatis
1820 2132 2332 2211 amantissimum,
2393 2143 2522 2198 stu-

474 2234 753 2320 diumque
782 2235 1121 2301 litterarum
1153 2235 1460 2301 sincerum
1492 2247 1672 2318 atque
1702 2254 1982 2301 severum
2004 2282 2023 2315 ‚
2055 2236 2130 2301 iis
2159 2234 2521 2322 praesertim

470 2337 878 2425 temporibus,
928 2359 1081 2423 quae
1128 2358 1332 2403 mores
1378 2348 1443 2402 et
1483 2338 1682 2404 studia
1724 2338 1977 2405 lascivia
2008 2350 2072 2405 et
2101 2339 2351 2404 mollitie
2383 2359 2521 2404 cor-

468 2449 647 2525 rupta
686 2439 1016 2520 videbant,
1076 2442 1297 2507 multos
1341 2442 1579 2527 cepisse
1636 2454 1701 2508 et
1756 2445 2066 2522 tenuisse,
2131 2453 2333 2507 tamen
2392 2463 2520 2507 uon

468 2542 621 2606 satis
666 2562 979 2628 possemus
1027 2544 1270 2623 mirari,
1330 2544 1728 2630 scriptorem,
1787 2547 1886 2631 qui
1946 2546 2165 2612 merito
2223 2547 2519 2611 obscurus

470 2644 646 2710 nobis
677 2644 950 2726 videtur,
999 2668 1170 2730 quem
1220 2647 1376 2711 haud
1423 2648 1624 2733 paucis
1668 2649 1829 2715 vitiis
1860 2650 2139 2715 laborare
2171 2668 2517 2732 agnoscen-

471 2749 608 2813 dum
641 2758 770 2824 est,
817 2758 1134 2833 tantopere
1165 2749 1477 2834 probatum
1509 2762 1571 2814 et
1600 2752 1902 2817 laudatum
1934 2755 2122 2819 fuisse
2143 2798 2163 2831 ‚
2209 2751 2260 2816 si
2289 2771 2517 2816 revera

465 2863 589 2916 tam
619 2850 944 2936 singularis
969 2852 1318 2935 aequalibus
1348 2852 1601 2933 fuisset,
1635 2876 1810 2939 quam
1842 2856 2014 2920 nobis
2045 2877 2205 2920 nuuc
2235 2866 2512 2940 apparet.

463 2951 572 3018 Ex
613 2953 726 3033 iis,
776 2975 928 3038 quae
978 2955 1284 3038 hucusque
1327 2956 1627 3041 disputata
1671 2968 1855 3037 sunt,
1915 2957 2267 3043 apparebit,
2313 2956 2515 3022 Persii

466 3055 771 3122 scribendi
821 3066 885 3120 et
934 3059 1334 3142 componendi
1376 3061 1617 3124 modum
1664 3061 1822 3125 haud
1863 3082 1986 3125 una
2024 3080 2092 3123 re
2126 3061 2514 3124 coniunctum

465 3159 655 3223 fuisse
687 3180 820 3223 cum
851 3159 1066 3224 studiis
1099 3160 1448 3239 litterariis,
1497 3182 1649 3246 quae
1695 3174 1837 3228 tuuc
1880 3162 2208 3246 vigebant,
2256 3184 2514 3247 quorum

463 3262 726 3348 vestigia
768 3259 961 3326 adhuc
1009 3263 1300 3347 cognosci
1338 3275 1613 3348 possunt.
1691 3262 1925 3330 Verum
1964 3285 2036 3328 ea
2068 3285 2302 3351 quoque
2332 3266 2510 3345 vitia,

412 3443 415 3446 A
465 3384 618 3449 quae
648 3363 913 3429 maxime
940 3364 1004 3428 in
1036 3360 1235 3430 Persii
1265 3386 1549 3433 sermone
1585 3388 1698 3431 uos
1744 3368 2097 3448 offendunt,
2144 3368 2509 3450 obscuritas,

464 3488 618 3552 quae
662 3468 843 3535 nimia
887 3469 1189 3534 brevitate
1219 3470 1659 3556 sententiisque
1690 3470 1955 3556 abruptis
1991 3471 2255 3537 maxime
2288 3473 2509 3551 oritur,

462 3569 623 3634 sicut
665 3572 1163 3638 translationibus
1207 3594 1391 3660 supra
1440 3575 1678 3638 modum
1710 3573 2078 3655 audaeibuS,
2124 3575 2510 3659 studiumque

465 3672 664 3736 omnia
710 3695 868 3739 nove
913 3685 1091 3758 atque
1138 3696 1309 3759 quam
1341 3675 1470 3741 fieri
1501 3687 1704 3761 potest
1735 3676 2064 3742 fortissime
2097 3677 2506 3762 exprimendi,

470 3794 542 3838 ea
571 3774 757 3857 igitur
785 3775 931 3840 vitia
963 3798 1085 3841 non
1135 3788 1255 3841 tam
1297 3776 1496 3845 Persii
1539 3779 1817 3864 propria,
1867 3800 2042 3864 quam
2086 3777 2277 3848 seculi
2319 3779 2511 3844 fuisse

465 3876 753 3962 cognosci
783 3887 1019 3964 potest,
1067 3899 1256 3963 eaque
1300 3880 1432 3967 ipsa
1461 3882 1536 3946 ad
1566 3882 1837 3967 plausum
1867 3882 2033 3948 illum
2065 3879 2511 3948 conciliandum

475 4071 493 4120 l
537 4066 617 4118 Cf.
648 4067 852 4119 titulum
877 4105 890 4124 ,
930 4084 1026 4135 quo
1064 4067 1323 4121 Marius
1359 4069 1607 4123 Fidens
1644 4074 1935 4140 praedicat,
1975 4089 2032 4126 se
2059 4074 2218 4126 fuisse
2254 4072 2510 4124 lectorem

100 4157 359 4411 F
540 4153 720 4189 eorum
748 4154 894 4190 more
911 4177 927 4204 ,
967 4141 1281 4206 t'ucomwpto
1318 4143 1414 4205 qm·
1436 4142 1691 4206 placuere
1726 4159 1855 4195 sono
1891 4142 2052 4212 (spec.
2091 4144 2252 4212 epigr.
2282 4157 2329 4211 p.
2363 4141 2506 4206 109).
