2764 4738
512 412 649 455 xnn
1168 388 1882 455 PROLEGOMENA.

509 561 921 644 indignantem
968 560 1154 625 seculi
1195 582 1396 628 mores
1440 566 1516 627 ab
1547 564 1791 647 antiqua
1820 562 2206 648 simplicitate
2235 575 2299 629 et
2325 564 2576 631 virtute

512 664 916 746 degeneratos
971 674 1148 746 atque
1195 675 1550 748 corruptos»,
1597 665 1846 731 veritati
1891 676 2069 749 atque
2110 667 2322 732 virtuti
2371 668 2576 733 unice

511 764 809 829 addictum
855 776 918 829 et
959 765 1206 829 iuvenili
1238 768 1486 831 fervore
1518 788 1626 851 pro
1657 767 1975 844 libertate,
2011 789 2185 851 quam
2220 770 2467 834 unicum
2502 782 2579 834 et

511 868 701 933 solum
734 867 954 931 bonum
987 867 1204 944 habet,
1240 880 1632 952 pugnantem.
1684 867 1917 952 Quodsi
1951 871 2342 936 concedimus
2370 874 2578 955 longe

512 969 728 1034 abesse
761 969 918 1034 hunc
948 970 1228 1035 ardorem
1261 971 1335 1035 ab
1368 972 1501 1035 eius
1532 971 1647 1035 viri
1678 972 2000 1056 sapientia,
2042 995 2215 1055 quam
2246 973 2575 1038 hominum

512 1072 791 1154 vitaeque
822 1073 1039 1156 longus
1070 1093 1213 1137 usus
1245 1074 1610 1158 temperavit
1633 1083 1815 1157 atque
1846 1076 2208 1156 maturavit,
2254 1086 2319 1140 et
2360 1076 2573 1161 magis

514 1173 779 1238 scholam
810 1195 1027 1258 sapere
1057 1197 1231 1258 quam
1263 1175 1447 1239 vitam
1471 1220 1489 1252 ,
1539 1174 2009 1241 condonabimus
2044 1178 2102 1240 id
2136 1199 2286 1242 sane
2318 1178 2570 1255 iuveni,

516 1299 688 1361 quem
735 1298 899 1340 mors
942 1277 1257 1342 immatura
1298 1279 1593 1343 absumsit
1636 1289 1698 1343 et
1740 1279 1935 1362 pudor
1964 1279 2275 1363 virginalis
2305 1280 2579 1344 arcebat.

514 1379 588 1442 ab
619 1380 809 1443 seculi
852 1379 1150 1463 corruptis
1192 1380 1479 1445 moribus.
1543 1377 1879 1464 Ingenuum
1923 1391 2095 1446 certe
2137 1381 2435 1445 libertatis
2469 1393 2576 1446 at-

515 1502 629 1565 que
660 1480 899 1545 virtutis
931 1501 1197 1545 amorem
1229 1501 1406 1545 nemo
1437 1485 1499 1545 in
1529 1480 1748 1547 Persio
1780 1503 1902 1545 non
1945 1492 2144 1566 potest
2188 1503 2570 1566 agnoscere.

517 1581 806 1647 Ceterum
839 1582 1147 1646 familiaris
1180 1604 1311 1647 cum
1334 1582 1617 1649 Thrasea
1648 1585 2025 1649 consuetudo
2058 1586 2236 1648 etiam
2267 1585 2329 1646 iu
2361 1585 2575 1647 studia

515 1684 808 1749 litteraria
855 1684 983 1748 eius
1022 1685 1143 1747 vim
1184 1686 1481 1767 quandam
1528 1686 1812 1751 habuisse
1861 1687 2136 1750 videtur:
2195 1697 2362 1751 certe
2407 1705 2574 1768 quos

516 1786 833 1851 admodum
879 1787 1118 1851 iuvenis
1156 1787 1220 1850 in
1264 1787 1579 1851 Arriam
1619 1798 1872 1852 matrem
1915 1810 2133 1853 versus
2186 1788 2370 1863 fecit,
2421 1787 2574 1851 huie

518 1888 866 1972 cognationi
910 1889 1280 1974 potissimum
1328 1890 1684 1955 tribuemus.
1755 1887 1975 1971 Neque
2023 1892 2283 1954 sortasse
2330 1889 2575 1952 errabi-

517 2011 689 2069 mus,
737 1991 788 2055 si
833 1990 895 2053 in
941 2011 1013 2055 ea
1057 2010 1125 2055 re
1170 1990 1486 2056 Thraseae
1530 2013 1765 2075 quoque
1811 1993 2238 2057 auctoritatem
2280 1992 2576 2075 agnosci-

520 2113 683 2168 muS,
733 2094 886 2176 quod
917 2090 1205 2170 Persius,
1254 2115 1389 2158 cum
1435 2095 1509 2157 ad
1543 2095 1889 2176 tragoedias
1919 2094 2276 2159 scribendas
2305 2093 2576 2157 accede-

519 2206 650 2272 ret,
685 2205 1063 2280 praetextas
1092 2197 1465 2280 potissimum
1498 2196 1684 2280 elegit
1721 2206 1742 2239 ¹
1766 2243 1785 2275 ,
1834 2207 1897 2260 et
1939 2216 2292 2279 quamquam
2336 2216 2452 2281 per
2494 2194 2575 2258 li-

520 2297 755 2361 brarios
784 2297 900 2361 iam
933 2319 1058 2361 non
1101 2309 1303 2384 potest
1343 2300 1645 2385 perspici,
1694 2299 1994 2384 quodnam
2037 2309 2460 2383 argumentum
2507 2298 2576 2360 in

522 2421 591 2464 ea
626 2400 984 2465 tractaverit
1018 2408 1078 2478 2,
1128 2422 1236 2486 pro
1266 2413 1436 2465 certo
1483 2415 1684 2467 tamen
1730 2403 2008 2467 affirmari
2052 2412 2288 2486 potest,
2339 2399 2576 2464 Roma-

522 2524 637 2567 nae
671 2503 913 2566 virtntis
945 2505 1282 2587 exemplum
1316 2507 1377 2568 iu
1413 2527 1482 2570 ea
1512 2505 1878 2569 celebratum
1911 2503 2123 2581 fuisse,
2148 2503 2349 2567 animo
2383 2504 2573 2587 digno

521 2605 596 2668 iis
643 2605 827 2682 viris,
881 2605 1229 2688 quibuscum
1283 2609 1648 2673 versabatur
1700 2604 1978 2672 Persius.
2070 2602 2347 2689 Denique
2408 2605 2573 2669 haud

522 2707 896 2791 improbabili
954 2709 1309 2774 coniectura
1365 2707 1700 2775 Passovius
1757 2709 1846 2794 (p.
1881 2707 1992 2788 85)
2067 2719 2386 2772 assecutus
2448 2718 2569 2786 est,

523 2807 971 2894 ὁδοιπορικαῖν
1003 2812 1255 2888 librum,
1306 2832 1480 2896 quem
1512 2810 1786 2895 scripsit,
1836 2820 2253 2895 argumentum
2288 2808 2572 2873 habuisse

522 2913 710 2997 ipsam
743 2911 902 2976 illam
936 2934 1070 2977 cum
1103 2913 1385 2978 Thrasea
1415 2913 1990 2998 peregrinationem,
2027 2933 2179 2995 quae
2208 2911 2384 2994 digna
2416 2931 2573 2975 sane

524 3015 718 3080 videri
750 3015 941 3099 potuit
969 3016 1206 3092 iuveni,
1258 3038 1433 3099 quam
1482 3016 1751 3080 carmine
1803 3014 2176 3091 celebraret,
2226 3012 2571 3094 exemplum

526 3128 803 3193 secutus,
855 3128 919 3180 nt
947 3118 1099 3182 alios
1145 3119 1452 3195 omittam,
1502 3115 1722 3181 Lucilii
1769 3129 1945 3199 atque
1988 3114 2230 3179 Horatii
2263 3119 2315 3176 ³.
2385 3111 2570 3178 Cete-

525 3239 656 3282 rum
689 3219 840 3284 haec
870 3219 1156 3285 iuvenilia
1189 3220 1508 3286 conamina
1539 3220 1693 3284 haud
1738 3240 2014 3303 magnam
2046 3220 2282 3283 laudem
2316 3216 2574 3280 meruis-

532 3408 556 3460 1
597 3405 875 3460 Neukirch.
919 3409 981 3460 de
1020 3407 1119 3460 sab.
1161 3416 1266 3473 tog.
1306 3426 1357 3477 p.
1382 3409 1450 3463 23
1470 3426 1578 3476 sqq.
1631 3408 1896 3472 Welcker,
1936 3407 2142 3459 Griecb.
2171 3406 2331 3471 Trsg.
2360 3423 2409 3472 p.
2441 3405 2574 3458 1344

597 3491 709 3543 sqq.
749 3475 963 3542 Lersch,
1000 3477 1097 3530 Rb.
1135 3478 1270 3531 Mus.
1309 3478 1378 3531 vl
1404 3495 1455 3547 p.
1484 3480 1582 3531 518
1607 3494 1754 3546 sqq.,
1790 3478 1937 3528 cuins
1973 3478 2283 3527 sententiam
2325 3491 2420 3525 non
2458 3490 2573 3541 pos-

599 3561 710 3596 sum
750 3548 986 3613 probare.

530 3616 561 3668 2
602 3613 713 3680 Qua
739 3617 937 3666 ratione
964 3623 1218 3682 permotus
1244 3614 1593 3668 Neukircbius
1607 3617 1695 3680 (de
1722 3614 1825 3667 fab.
1856 3622 1957 3677 tog.
1988 3630 2037 3680 p.
2065 3614 2155 3680 92)
2171 3613 2457 3679 suspicatus
2483 3613 2571 3672 sit,

598 3682 984 3802 Quinctlilii
1033 3685 1199 3738 Vari
1246 3687 1449 3737 tristem
1497 3694 1686 3737 sortem
1739 3687 1833 3735 hac
1883 3683 2055 3734 fabula
2093 3683 2401 3734 celebratum
2438 3696 2572 3744 esse,

606 3767 703 3800 non
742 3753 849 3803 inte
874 3753 908 3802 li
947 3769 995 3802 o.

535 3823 566 3876 3
606 3767 946 3872 Romnum-mii
967 3828 1139 3888 poetas
1159 3858 1173 3882 ‚
1211 3823 1295 3888 qni
1324 3824 1387 3874 de
1412 3823 1687 3874 itineribus
1711 3821 2031 3887 scripserunt
2049 3859 2064 3881 ,
2106 3825 2339 3871 recenset
2371 3820 2578 3870 diversa

604 3891 828 3941 miscens
854 3888 1244 3941 Wernsdorfins
1271 3891 1464 3956 (Poett.
1494 3892 1634 3943 Latt.
1664 3893 1787 3942 min.
1808 3890 1851 3941 V
1878 3909 1927 3958 p.
1957 3891 2022 3942 30
2048 3889 2207 3956 sqq.).
2246 3889 2574 3953 Fragmenta,

605 3974 737 4026 quue
774 3961 836 4010 ad
874 3958 1134 4009 Lucilii
1171 3961 1276 4010 iter
1310 3963 1571 4027 pertinere
1596 3961 1932 4022 viderentur,
1970 3964 2357 4026 composuerunt
2385 3956 2421 4007 Ι.
2457 3956 2574 4008 Rut-

608 4030 811 4094 gersius
849 4029 991 4079 lectt.
1031 4027 1224 4079 Venus.
1265 4045 1312 4080 c.
1355 4031 1418 4082 15
1457 4047 1504 4097 p.
1544 4029 1646 4081 318
1682 4046 1793 4096 sqq.
1847 4029 2077 4094 Varges‚
2115 4027 2174 4078 C.
2212 4027 2401 4080 Lucilii
2428 4028 2576 4078 satir.

608 4114 737 4165 quac
778 4114 842 4149 cx
878 4097 915 4148 1.
957 4096 1020 4149 lll
1058 4105 1356 4167 supersunt.
1398 4098 1553 4150 Stett.
1596 4099 1746 4150 1836.

133 4201 729 4568 N
