2764 4738
504 404 590 467 74
1318 407 1533 470 Pnot..
1600 399 1701 483 1.st

448 589 470 622 θ
507 598 749 659 quoque,
781 599 815 637 a
846 577 1045 658 quibus
1077 579 1250 639 verba
1297 589 1528 651 exeunt,
1560 575 1897 657 procidisse.
1987 581 2181 660 ltaque
2214 591 2275 638 nt
2307 578 2566 639 Persius

508 669 585 724 ita
620 664 842 724 Seneca
889 684 1163 743 perverso
1206 664 1484 724 hominum
1527 661 1736 723 iudicio
1780 665 2074 734 irascitur,
2104 653 2213 746 quo
2245 666 2440 742 ipsum
2475 669 2567 724 vi·
2598 681 2607 684 Ἴ

505 754 640 810 tium
671 760 862 809 ament
891 761 951 809 et
980 748 1225 809 laudent.
1271 750 1492 810 Etenim
1525 750 1854 827 ubicumque
1901 753 2082 810 oratio
2124 762 2399 829 corrupta
2436 752 2569 830 pla-

507 847 658 907 ceat,
689 836 765 894 ibi
797 855 984 894 mores
1015 853 1285 914 qnoquea
1318 846 1480 895 recto
1511 832 1824 894 descivisse
1857 857 1967 894 non
1998 856 2132 895 esse
2163 833 2420 906 dubium,
2456 857 2566 896 ne-

507 941 615 1002 que
648 919 950 982 mirandum
997 938 1130 980 esse
1188 932 1453 999 corrupta
1501 920 1690 1001 excipi
1718 939 1827 978 non
1860 931 2068 980 tantum
2100 942 2133 980 a
2164 921 2333 979 turba
2366 921 2571 980 sordi-

508 1008 703 1078 diore,
746 1004 849 1066 sed
880 1027 914 1065 a
944 1002 1184 1066 cultiore
1215 1025 1470 1086 quoqne,
1513 1006 1662 1083 togis
1702 1008 1846 1064 enim
1892 1008 2035 1066 istos
2078 1009 2229 1065 inter
2271 1026 2378 1076 se,
2447 1029 2562 1066 non

507 1091 723 1152 iudiciis
753 1090 986 1150 distare.
1020 1090 1197 1163 Quam
1227 1093 1556 1170 praecipue,
1588 1092 1734 1148 sicut
1766 1090 2017 1161 Persius,
2048 1103 2204 1151 taxat
2233 1092 2565 1163 mollitiem,

508 1197 632 1235 eam
679 1179 884 1255 insigni
940 1177 1294 1237 Maecenatis
1341 1177 1603 1254 exemplo
1634 1175 1906 1249 illustrat,
1939 1176 2084 1257 quod
2116 1197 2242 1236 cum
2274 1179 2369 1248 iis,
2405 1198 2563 1258 quae

506 1260 739 1323 Persius
786 1264 1097 1341 proposuit,
1148 1263 1415 1321 conferre
1463 1280 1675 1340 operae
1722 1263 1958 1340 pretium
2005 1274 2131 1332 est,
2163 1273 2225 1320 ut
2268 1272 2397 1320 tota
2443 1266 2563 1321 ista

506 1349 746 1427 epistola
777 1346 945 1426 digna
976 1358 1085 1419 est,
1116 1366 1261 1427 qnae
1293 1347 1628 1425 legatumet
1656 1344 1725 1404 ad
1751 1348 1895 1408 hanc
1926 1350 2153 1409 satiram
2187 1346 2564 1409 adhibeatur.

1584 1477 1619 1514 Α

1063 1862 1982 1937 PROLOGUS.

1418 2067 1623 2078 ——-—

674 2210 726 2246 v.
766 2194 794 2250 1
833 2209 952 2269 sqq.
999 2189 1214 2248 Ennius
1247 2199 1439 2268 poeta,
1468 2188 1560 2266 qni
1594 2187 1802 2265 primus
1834 2185 2059 2244 Faunos
2091 2197 2324 2245 veteres
2355 2198 2561 2247 vates·

507 2294 614 2352 que
647 2275 883 2352 sprevit,
916 2275 1259 2334 Graecorum
1279 2285 1569 2352 poetarum
1597 2271 1915 2349 exemplum
1928 2281 2180 2341 secutus,
2212 2274 2559 2331 Heliconem

506 2369 568 2419 et
595 2361 923 2419 Parnasum
969 2362 1147 2439 petiit,
1189 2360 1376 2439 ibique
1421 2359 1648 2438 poetico
1693 2358 1891 2439 spiritu
1925 2377 1989 2417 se
2037 2358 2284 2416 afflatum
2319 2359 2557 2417 cecinit.

505 2445 699 2523 Itaque
746 2464 820 2503 ex
850 2448 1220 2523 Hippocrene
1250 2446 1464 2504 bibisse
1511 2463 1575 2502 se
1608 2442 1958 2522 praedicavit
2000 2444 2100 2515 (cf.
2141 2442 2419 2522 Propert.
2459 2444 2560 2513 lv,

504 2534 544 2592 2
579 2530 695 2607 [111‚
729 2531 808 2608 3,]
842 2536 880 2592 5
913 2551 1032 2610 sq.:
1091 2531 1384 2610 Parvaque
1430 2541 1540 2587 tam
1575 2529 1791 2606 magnis
1823 2526 2108 2586 admoram
2141 2529 2397 2587 fontibus
2432 2548 2561 2599 ora,

505 2613 654 2674 unde
684 2626 850 2694 pater
880 2617 1076 2675 sitiens
1107 2616 1320 2676 Ennius
1363 2625 1495 2675 ante
1527 2614 1709 2685 bibit),
1751 2623 1830 2683 et,
1857 2611 2004 2692 quod
2036 2614 2560 2673 celebratissimum

505 2702 647 2770 fuit,
689 2703 1056 2760 somniantem
1102 2703 1157 2759 in
1204 2711 1393 2760 monte
1422 2703 1691 2759 Parnaso
1737 2698 2036 2757 Homerum
2079 2699 2185 2757 sibi
2228 2696 2559 2758 adstantem

504 2784 751 2857 vidisse,
796 2785 943 2846 unde
976 2785 1209 2845 edoctus
1266 2787 1441 2845 fuerit
1490 2785 1718 2845 Homeri
1765 2785 2002 2842 animam
2046 2783 2099 2843 in
2146 2803 2353 2860 corpus
2390 2805 2557 2842 sunm

505 2873 947 2948 transmigrasse
967 2914 986 2943 ,
1017 2891 1125 2950 quo
1158 2892 1232 2931 ex
1263 2891 1461 2930 somno
1492 2880 1866 2949 experrectus
1913 2880 2083 2947 poeta
2119 2870 2304 2928 sactus
2347 2870 2555 2929 suerit.

505 2955 647 3015 Tale
679 2958 971 3027 somnium,
1004 2957 1185 3016 simile
1227 2956 1608 3016 Callimacbeo
1654 2955 1754 3025 (cf.
1788 2954 2110 3013 Weichert.
2142 2955 2236 3013 ub.
2266 2953 2469 3031 Apoll.
2501 2976 2555 3012 v.

507 3038 692 3100 Rhod.
728 3061 786 3120 p.
822 3047 906 3103 44
937 3046 1069 3122 sq.),
1100 3043 1187 3101 bis
1219 3061 1489 3101 narrasse
1521 3041 1758 3099 Ennium
1788 3042 1955 3098 testis
1988 3051 2081 3098 est
2111 3040 2317 3098 Cicero
2337 3038 2555 3111 (Acad.

505 3145 591 3203 pr.
623 3126 695 3197 11,
730 3130 829 3197 16,
864 3132 980 3198 51,
1011 3129 1090 3186 cf.
1127 3126 1342 3206 Scalig.
1380 3125 1452 3184 ad
1482 3127 1650 3186 Varr.
1684 3125 1751 3183 L.
1786 3124 1852 3183 L.
1887 3135 1929 3182 t.
1961 3125 2010 3183 11
2037 3145 2089 3204 p.
2122 3129 2203 3187 39
2238 3144 2322 3203 sq.
2370 3122 2555 3203 Bip.),

504 3212 559 3270 in
591 3211 962 3290 Epicharmo,
1010 3212 1103 3271 ubi
1148 3212 1218 3273 de
1251 3211 1730 3290 metempsychosi
1762 3209 2021 3281 tradidit,
2066 3229 2175 3290 quo
2206 3208 2557 3269 referendus

503 3293 729 3355 videtur
758 3298 915 3358 locus
948 3297 1198 3357 Lucretii
1245 3296 1315 3371 (1,
1352 3303 1464 3359 111
1506 3303 1685 3376 sqq.),
1734 3306 1795 3354 et
1836 3298 1891 3353 in
1938 3297 2211 3374 principio
2243 3296 2554 3366 annalium,

506 3381 599 3439 ubi
640 3383 892 3441 alterum
932 3385 1283 3455 Homerum,
1345 3393 1408 3441 ut
1451 3384 1607 3441 aiunt
1650 3380 1903 3441 Lucilius
1967 3378 2137 3459 (apud
2197 3381 2434 3439 Hieron.
2498 3382 2553 3439 in

505 3466 676 3525 Mich.
710 3487 760 3527 c.
795 3473 857 3540 7)
892 3478 950 3526 et
980 3468 1244 3527 Horatius
1279 3476 1431 3546 (epp.
1463 3468 1532 3537 11,
1569 3472 1625 3536 1,
1659 3472 1786 3538 50),
1815 3486 1878 3524 se
1911 3464 2180 3524 ostendit.
2242 3466 2361 3524 Hoc
2396 3486 2556 3525 som·

507 3552 653 3610 nium
686 3573 942 3632 magnam
974 3553 1121 3633 apud
1169 3557 1481 3632 scriptores
1515 3552 1796 3610 Romanos
1830 3553 2037 3611 samam
2084 3561 2302 3610 nactum
2350 3563 2448 3610 est
2495 3562 2555 3610 et

507 3638 840 3715 saepissime
887 3652 1372 3708 commemoratur,
1418 3639 1497 3698 cf.
1535 3638 1692 3696 Pers.
1727 3636 1823 3707 vl,
1875 3641 1952 3698 10
1983 3657 2068 3717 sq.
2122 3637 2196 3694 ib.
2244 3656 2374 3694 ann.
2424 3638 2552 3696 crit.

508 3720 628 3779 Cic.
685 3742 807 3802 rep.
866 3723 965 3795 V1,
1017 3729 1116 3794 10,
1176 3729 1272 3786 10.
1335 3724 1377 3782 F
1382 3733 1530 3781 ront.
1593 3742 1721 3801 epp.
1769 3720 1838 3780 ad
1898 3723 2037 3781 Ver.
2088 3722 2133 3793 1,
2164 3725 2224 3783 3.
2271 3720 2345 3780 de
2388 3723 2548 3800 eloq.

506 3826 562 3884 p.
581 3809 707 3869 229
724 3806 814 3867 ed.
833 3805 993 3866 Rom.
1017 3807 1152 3869 lude
1170 3829 1279 3889 quo
1312 3811 1435 3888 quis
1469 3811 1680 3867 maiore
1713 3827 1814 3866 ore
1848 3807 2135 3866 locuturus
2182 3817 2308 3866 erat
2355 3818 2553 3885 poeta,

505 3910 578 3950 eo
610 3893 788 3970 magis
837 3893 980 3952 haec
1026 3905 1193 3973 atque
1238 3896 1439 3953 similia
1488 3893 1558 3953 de
1604 3913 1667 3952 se
1714 3891 2047 3970 praedicare
2093 3891 2350 3962 solebat,
2382 3913 2548 3971 quem

506 3996 718 4035 morem
751 3976 983 4037 Persius
1030 3978 1208 4049 ridet;
1271 3978 1415 4038 unde
1465 3979 1689 4036 insolito
1736 3976 1901 4036 modo
1952 3980 2123 4037 labra
2163 3980 2449 4054 proluere
2492 3988 2549 4037 et

487 4058 719 4136 sontem
751 4065 1103 4124 caballinum
1133 4063 1347 4125 dixisse
1379 4063 1621 4136 videtur,
1652 4083 1980 4143 quamquam
2015 4084 2120 4124 nec
2151 4060 2285 4123 illud
2318 4060 2389 4122 ad
2421 4066 2548 4122 avi-

106 4188 264 4342 f.
