<?xml version="1.0" encoding="UTF-8"?>
<!DOCTYPE html PUBLIC "-//W3C//DTD XHTML 1.0 Transitional//EN"
    "http://www.w3.org/TR/xhtml1/DTD/xhtml1-transitional.dtd">
<html xmlns="http://www.w3.org/1999/xhtml" xml:lang="en" lang="en">
 <head>
  <title>
</title>
<meta http-equiv="Content-Type" content="text/html;charset=utf-8" />
  <meta name='ocr-system' content='tesseract 3.04.00' />
  <meta name='ocr-capabilities' content='ocr_page ocr_carea ocr_par ocr_line ocrx_word'/>
</head>
<body>
  <div class='ocr_page' id='page_1' title='image "./satirarumliberc01jahngoog_0044.png"; bbox 0 0 2764 4738; ppageno 0'>
   <div class='ocr_carea' id='block_1_1' title="bbox 872 433 2250 501">
    <p class='ocr_par' dir='ltr' id='par_1_1' title="bbox 872 433 2250 501">
     <span class='ocr_line' id='line_1_1' title="bbox 872 433 2250 501; baseline 0.001 -4"><span class='ocrx_word' id='word_1_1' title='bbox 872 433 1606 498; x_wconf 78' lang='lat' dir='ltr'>PROLEGOMENA.</span> <span class='ocrx_word' id='word_1_2' title='bbox 1737 468 1742 471; x_wconf 21' lang='grc' dir='ltr'><strong>Δ</strong></span> <span class='ocrx_word' id='word_1_3' title='bbox 2092 457 2250 501; x_wconf 70' lang='lat' dir='ltr'>xxix</span> 
     </span>
    </p>
   </div>
   <div class='ocr_carea' id='block_1_2' title="bbox 188 601 2256 3661">
    <p class='ocr_par' dir='ltr' id='par_1_2' title="bbox 195 601 2252 1102">
     <span class='ocr_line' id='line_1_2' title="bbox 198 601 2251 693; baseline 0.001 -23"><span class='ocrx_word' id='word_1_4' title='bbox 198 616 341 670; x_wconf 82' lang='lat' dir='ltr'>tuae</span> <span class='ocrx_word' id='word_1_5' title='bbox 375 607 784 673; x_wconf 82' lang='lat' dir='ltr'>testimonium</span> <span class='ocrx_word' id='word_1_6' title='bbox 817 609 1115 692; x_wconf 81' lang='lat' dir='ltr'><strong>quoddam</strong></span> <span class='ocrx_word' id='word_1_7' title='bbox 1144 617 1394 672; x_wconf 81' lang='lat' dir='ltr'>exstare</span> <span class='ocrx_word' id='word_1_8' title='bbox 1422 603 1642 682; x_wconf 81' lang='lat' dir='ltr'>vellet,</span> <span class='ocrx_word' id='word_1_9' title='bbox 1679 624 1718 668; x_wconf 81' lang='lat' dir='ltr'>a</span> <span class='ocrx_word' id='word_1_10' title='bbox 1748 601 2024 671; x_wconf 90' lang='lat' dir='ltr'>Cornuto</span> <span class='ocrx_word' id='word_1_11' title='bbox 2052 609 2251 693; x_wconf 85' lang='lat' dir='ltr'>petiit,</span> 
     </span>
     <span class='ocr_line' id='line_1_3' title="bbox 196 708 2252 794; baseline 0.002 -22"><span class='ocrx_word' id='word_1_12' title='bbox 196 721 265 772; x_wconf 89' lang='lat' dir='ltr'>ut</span> <span class='ocrx_word' id='word_1_13' title='bbox 293 710 618 773; x_wconf 81' lang='lat' dir='ltr'>satirarum</span> <span class='ocrx_word' id='word_1_14' title='bbox 664 709 881 775; x_wconf 85' lang='lat' dir='ltr'>librum</span> <span class='ocrx_word' id='word_1_15' title='bbox 913 731 947 774; x_wconf 87' lang='lat' dir='ltr'>a</span> <span class='ocrx_word' id='word_1_16' title='bbox 977 730 1047 775; x_wconf 86' lang='lat' dir='ltr'>se</span> <span class='ocrx_word' id='word_1_17' title='bbox 1078 708 1176 775; x_wconf 88' lang='lat' dir='ltr'>edi</span> <span class='ocrx_word' id='word_1_18' title='bbox 1202 719 1552 794; x_wconf 86' lang='lat' dir='ltr'>pateretur:</span> <span class='ocrx_word' id='word_1_19' title='bbox 1602 709 1697 771; x_wconf 91' lang='lat' dir='ltr'>cui</span> <span class='ocrx_word' id='word_1_20' title='bbox 1741 718 1886 773; x_wconf 80' lang='lat' dir='ltr'>voto</span> <span class='ocrx_word' id='word_1_21' title='bbox 1928 709 2033 775; x_wconf 90' lang='lat' dir='ltr'>ille</span> <span class='ocrx_word' id='word_1_22' title='bbox 2074 710 2252 776; x_wconf 79' lang='lat' dir='ltr'>obse-</span> 
     </span>
     <span class='ocr_line' id='line_1_4' title="bbox 197 810 2252 896; baseline 0.001 -21"><span class='ocrx_word' id='word_1_23' title='bbox 197 811 514 878; x_wconf 78' lang='lat' dir='ltr'>cundavit.</span> <span class='ocrx_word' id='word_1_24' title='bbox 575 814 783 896; x_wconf 80' lang='lat' dir='ltr'>Atque</span> <span class='ocrx_word' id='word_1_25' title='bbox 827 815 915 878; x_wconf 85' lang='lat' dir='ltr'>ita</span> <span class='ocrx_word' id='word_1_26' title='bbox 960 814 1100 877; x_wconf 89' lang='lat' dir='ltr'>olim</span> <span class='ocrx_word' id='word_1_27' title='bbox 1144 814 1364 889; x_wconf 83' lang='lat' dir='ltr'>factum</span> <span class='ocrx_word' id='word_1_28' title='bbox 1405 812 1667 890; x_wconf 87' lang='lat' dir='ltr'>scimus,</span> <span class='ocrx_word' id='word_1_29' title='bbox 1714 822 1781 875; x_wconf 90' lang='lat' dir='ltr'>ut</span> <span class='ocrx_word' id='word_1_30' title='bbox 1811 810 1970 875; x_wconf 88' lang='lat' dir='ltr'>docti</span> <span class='ocrx_word' id='word_1_31' title='bbox 2004 812 2118 877; x_wconf 83' lang='lat' dir='ltr'>viri</span> <span class='ocrx_word' id='word_1_32' title='bbox 2148 814 2252 878; x_wconf 83' lang='lat' dir='ltr'>de-</span> 
     </span>
     <span class='ocr_line' id='line_1_5' title="bbox 195 911 2251 1001; baseline 0.001 -24"><span class='ocrx_word' id='word_1_33' title='bbox 195 916 547 981; x_wconf 80' lang='lat' dir='ltr'>functorum</span> <span class='ocrx_word' id='word_1_34' title='bbox 578 917 911 981; x_wconf 89' lang='lat' dir='ltr'>amicorum</span> <span class='ocrx_word' id='word_1_35' title='bbox 940 914 1131 979; x_wconf 81' lang='lat' dir='ltr'>libros</span> <span class='ocrx_word' id='word_1_36' title='bbox 1159 917 1223 979; x_wconf 91' lang='lat' dir='ltr'>iu</span> <span class='ocrx_word' id='word_1_37' title='bbox 1267 915 1568 1001; x_wconf 81' lang='lat' dir='ltr'>publicum</span> <span class='ocrx_word' id='word_1_38' title='bbox 1615 915 1873 980; x_wconf 78' lang='lat' dir='ltr'>ederent</span> <span class='ocrx_word' id='word_1_39' title='bbox 1919 911 2127 998; x_wconf 86' lang='lat' dir='ltr'>(Suet.</span> <span class='ocrx_word' id='word_1_40' title='bbox 2177 917 2251 981; x_wconf 82' lang='lat' dir='ltr'>de</span> 
     </span>
     <span class='ocr_line' id='line_1_6' title="bbox 195 1018 590 1102; baseline 0 -20"><span class='ocrx_word' id='word_1_41' title='bbox 195 1039 457 1102; x_wconf 78' lang='lat' dir='ltr'>gramm.</span> <span class='ocrx_word' id='word_1_42' title='bbox 490 1018 590 1098; x_wconf 82' lang='lat'>2).</span> 
     </span>
    </p>

    <p class='ocr_par' dir='ltr' id='par_1_3' title="bbox 188 1118 2256 3661">
     <span class='ocr_line' id='line_1_7' title="bbox 378 1118 2249 1208; baseline 0.002 -22"><span class='ocrx_word' id='word_1_43' title='bbox 378 1121 804 1208; x_wconf 72' lang='lat' dir='ltr'>Calpurnius,</span> <span class='ocrx_word' id='word_1_44' title='bbox 851 1124 952 1205; x_wconf 85' lang='lat' dir='ltr'>qui</span> <span class='ocrx_word' id='word_1_45' title='bbox 997 1122 1142 1186; x_wconf 88' lang='lat' dir='ltr'>vivo</span> <span class='ocrx_word' id='word_1_46' title='bbox 1188 1121 1384 1186; x_wconf 84' lang='lat' dir='ltr'>adhuc</span> <span class='ocrx_word' id='word_1_47' title='bbox 1425 1118 1642 1185; x_wconf 81' lang='lat' dir='ltr'>Persio</span> <span class='ocrx_word' id='word_1_48' title='bbox 1685 1121 1927 1188; x_wconf 82' lang='lat' dir='ltr'>iuvenis</span> <span class='ocrx_word' id='word_1_49' title='bbox 1958 1124 2249 1202; x_wconf 80' lang='lat' dir='ltr'>decessit,</span> 
     </span>
     <span class='ocr_line' id='line_1_8' title="bbox 194 1222 2254 1307; baseline 0.002 -20"><span class='ocrx_word' id='word_1_50' title='bbox 194 1245 278 1288; x_wconf 85' lang='lat' dir='ltr'>ex</span> <span class='ocrx_word' id='word_1_51' title='bbox 328 1225 511 1288; x_wconf 90' lang='lat' dir='ltr'>codd.</span> <span class='ocrx_word' id='word_1_52' title='bbox 561 1225 679 1288; x_wconf 86' lang='lat' dir='ltr'>fide</span> <span class='ocrx_word' id='word_1_53' title='bbox 723 1222 993 1289; x_wconf 80' lang='lat' dir='ltr'><em>Statura</em></span> <span class='ocrx_word' id='word_1_54' title='bbox 1032 1236 1286 1288; x_wconf 83' lang='lat' dir='ltr'>vocatus</span> <span class='ocrx_word' id='word_1_55' title='bbox 1332 1225 1479 1303; x_wconf 81' lang='lat' dir='ltr'>fuit,</span> <span class='ocrx_word' id='word_1_56' title='bbox 1528 1224 1687 1307; x_wconf 83' lang='lat' dir='ltr'>quod</span> <span class='ocrx_word' id='word_1_57' title='bbox 1734 1244 1866 1288; x_wconf 90' lang='lat' dir='ltr'>cum</span> <span class='ocrx_word' id='word_1_58' title='bbox 1897 1225 2254 1292; x_wconf 78' lang='lat' dir='ltr'>incredibile</span> 
     </span>
     <span class='ocr_line' id='line_1_9' title="bbox 194 1326 2250 1414; baseline 0.002 -25"><span class='ocrx_word' id='word_1_59' title='bbox 194 1328 556 1404; x_wconf 77' lang='lat' dir='ltr'>videretur,</span> <span class='ocrx_word' id='word_1_60' title='bbox 605 1328 855 1392; x_wconf 80' lang='lat' dir='ltr'>fuerunt</span> <span class='ocrx_word' id='word_1_61' title='bbox 907 1326 1008 1410; x_wconf 90' lang='lat' dir='ltr'>qui</span> <span class='ocrx_word' id='word_1_62' title='bbox 1064 1326 1270 1391; x_wconf 79' lang='lat' dir='ltr'>Surae</span> <span class='ocrx_word' id='word_1_63' title='bbox 1320 1346 1540 1390; x_wconf 91' lang='lat' dir='ltr'>nomen</span> <span class='ocrx_word' id='word_1_64' title='bbox 1599 1337 1805 1390; x_wconf 93' lang='lat' dir='ltr'>notum</span> <span class='ocrx_word' id='word_1_65' title='bbox 1853 1341 2250 1414; x_wconf 78' lang='lat' dir='ltr'>reponerent.</span> 
     </span>
     <span class='ocr_line' id='line_1_10' title="bbox 197 1426 2255 1517; baseline 0.002 -25"><span class='ocrx_word' id='word_1_66' title='bbox 197 1426 571 1513; x_wconf 78' lang='lat' dir='ltr'>Calpurnius</span> <span class='ocrx_word' id='word_1_67' title='bbox 601 1426 762 1493; x_wconf 88' lang='lat' dir='ltr'>Sura</span> <span class='ocrx_word' id='word_1_68' title='bbox 791 1439 996 1493; x_wconf 86' lang='lat' dir='ltr'>tamen</span> <span class='ocrx_word' id='word_1_69' title='bbox 1027 1448 1219 1513; x_wconf 85' lang='lat' dir='ltr'>aeque</span> <span class='ocrx_word' id='word_1_70' title='bbox 1251 1428 1537 1493; x_wconf 87' lang='lat' dir='ltr'>manebat</span> <span class='ocrx_word' id='word_1_71' title='bbox 1567 1429 1895 1495; x_wconf 82' lang='lat' dir='ltr'>obscurus:</span> <span class='ocrx_word' id='word_1_72' title='bbox 1940 1452 2076 1495; x_wconf 90' lang='lat' dir='ltr'>nam</span> <span class='ocrx_word' id='word_1_73' title='bbox 2095 1432 2255 1517; x_wconf 85' lang='lat' dir='ltr'>quod</span> 
     </span>
     <span class='ocr_line' id='line_1_11' title="bbox 196 1528 2254 1619; baseline 0.002 -24"><span class='ocrx_word' id='word_1_74' title='bbox 196 1530 498 1596; x_wconf 84' lang='lat' dir='ltr'>Osannus</span> <span class='ocrx_word' id='word_1_75' title='bbox 540 1530 649 1616; x_wconf 88' lang='lat' dir='ltr'>(ad</span> <span class='ocrx_word' id='word_1_76' title='bbox 697 1529 877 1615; x_wconf 86' lang='lat' dir='ltr'>Apul.</span> <span class='ocrx_word' id='word_1_77' title='bbox 927 1553 985 1616; x_wconf 90' lang='lat' dir='ltr'>p.</span> <span class='ocrx_word' id='word_1_78' title='bbox 1033 1530 1144 1612; x_wconf 81' lang='lat'>34)</span> <span class='ocrx_word' id='word_1_79' title='bbox 1204 1530 1378 1594; x_wconf 87' lang='lat' dir='ltr'>huius</span> <span class='ocrx_word' id='word_1_80' title='bbox 1427 1528 1736 1615; x_wconf 79' lang='lat' dir='ltr'>Calpurnii</span> <span class='ocrx_word' id='word_1_81' title='bbox 1780 1529 2013 1611; x_wconf 85' lang='lat' dir='ltr'>Surae,</span> <span class='ocrx_word' id='word_1_82' title='bbox 2077 1555 2254 1619; x_wconf 84' lang='lat' dir='ltr'>quem</span> 
     </span>
     <span class='ocr_line' id='line_1_12' title="bbox 196 1633 2253 1718; baseline 0.002 -22"><span class='ocrx_word' id='word_1_83' title='bbox 196 1636 409 1699; x_wconf 88' lang='lat' dir='ltr'>nescio</span> <span class='ocrx_word' id='word_1_84' title='bbox 442 1653 558 1698; x_wconf 87' lang='lat' dir='ltr'>cur</span> <span class='ocrx_word' id='word_1_85' title='bbox 588 1633 1040 1718; x_wconf 82' lang='lat' dir='ltr'>grammaticum</span> <span class='ocrx_word' id='word_1_86' title='bbox 1071 1643 1256 1699; x_wconf 83' lang='lat' dir='ltr'>vocet</span> <span class='ocrx_word' id='word_1_87' title='bbox 1276 1678 1295 1710; x_wconf 99' lang='lat'>,</span> <span class='ocrx_word' id='word_1_88' title='bbox 1342 1634 1500 1718; x_wconf 87' lang='lat' dir='ltr'>apud</span> <span class='ocrx_word' id='word_1_89' title='bbox 1528 1634 1847 1718; x_wconf 81' lang='lat' dir='ltr'>Apuleium</span> <span class='ocrx_word' id='word_1_90' title='bbox 1880 1655 2052 1700; x_wconf 91' lang='lat' dir='ltr'>suum</span> <span class='ocrx_word' id='word_1_91' title='bbox 2083 1658 2253 1702; x_wconf 88' lang='lat' dir='ltr'>men-</span> 
     </span>
     <span class='ocr_line' id='line_1_13' title="bbox 196 1735 2246 1811; baseline 0.002 -12"><span class='ocrx_word' id='word_1_92' title='bbox 196 1738 428 1802; x_wconf 84' lang='lat' dir='ltr'>tionem</span> <span class='ocrx_word' id='word_1_93' title='bbox 475 1736 790 1801; x_wconf 81' lang='lat' dir='ltr'>invenisse</span> <span class='ocrx_word' id='word_1_94' title='bbox 837 1737 976 1799; x_wconf 90' lang='lat' dir='ltr'>olim</span> <span class='ocrx_word' id='word_1_95' title='bbox 1020 1736 1137 1801; x_wconf 83' lang='lat' dir='ltr'>sibi</span> <span class='ocrx_word' id='word_1_96' title='bbox 1180 1736 1349 1802; x_wconf 84' lang='lat' dir='ltr'>visus</span> <span class='ocrx_word' id='word_1_97' title='bbox 1410 1747 1538 1811; x_wconf 87' lang='lat' dir='ltr'>est,</span> <span class='ocrx_word' id='word_1_98' title='bbox 1585 1735 1703 1799; x_wconf 90' lang='lat' dir='ltr'>iam</span> <span class='ocrx_word' id='word_1_99' title='bbox 1749 1757 1875 1800; x_wconf 92' lang='grc'><strong>11011</strong></span> <span class='ocrx_word' id='word_1_100' title='bbox 1916 1759 2246 1803; x_wconf 77' lang='lat' dir='ltr'>moramur.</span> 
     </span>
     <span class='ocr_line' id='line_1_14' title="bbox 194 1835 2255 1925; baseline 0 -22"><span class='ocrx_word' id='word_1_101' title='bbox 194 1837 418 1925; x_wconf 85' lang='lat' dir='ltr'>Nuper</span> <span class='ocrx_word' id='word_1_102' title='bbox 460 1849 670 1903; x_wconf 86' lang='lat' dir='ltr'>tamen</span> <span class='ocrx_word' id='word_1_103' title='bbox 718 1839 993 1914; x_wconf 83' lang='lat' dir='ltr'>exstitit,</span> <span class='ocrx_word' id='word_1_104' title='bbox 1043 1839 1144 1921; x_wconf 85' lang='lat' dir='ltr'>qui</span> <span class='ocrx_word' id='word_1_105' title='bbox 1190 1839 1364 1903; x_wconf 86' lang='lat' dir='ltr'>huius</span> <span class='ocrx_word' id='word_1_106' title='bbox 1411 1835 1761 1923; x_wconf 82' lang='lat' dir='ltr'>Calpurnii,</span> <span class='ocrx_word' id='word_1_107' title='bbox 1825 1840 1920 1903; x_wconf 90' lang='lat' dir='ltr'>cui</span> <span class='ocrx_word' id='word_1_108' title='bbox 1963 1840 2150 1905; x_wconf 91' lang='lat' dir='ltr'>multa</span> <span class='ocrx_word' id='word_1_109' title='bbox 2191 1851 2255 1904; x_wconf 88' lang='lat' dir='ltr'>et</span> 
     </span>
     <span class='ocr_line' id='line_1_15' title="bbox 192 1940 2247 2019; baseline 0 -14"><span class='ocrx_word' id='word_1_110' title='bbox 192 1942 430 2005; x_wconf 75' lang='lat' dir='ltr'>viventi</span> <span class='ocrx_word' id='word_1_111' title='bbox 480 1951 547 2005; x_wconf 89' lang='lat' dir='ltr'>et</span> <span class='ocrx_word' id='word_1_112' title='bbox 589 1950 827 2004; x_wconf 89' lang='lat' dir='ltr'>mortuo</span> <span class='ocrx_word' id='word_1_113' title='bbox 875 1941 1001 2004; x_wconf 83' lang='lat' dir='ltr'>sata</span> <span class='ocrx_word' id='word_1_114' title='bbox 1046 1940 1435 2019; x_wconf 86' lang='lat' dir='ltr'>inviderunt,</span> <span class='ocrx_word' id='word_1_115' title='bbox 1496 1941 1846 2006; x_wconf 83' lang='lat' dir='ltr'>memoriam</span> <span class='ocrx_word' id='word_1_116' title='bbox 1891 1953 2247 2008; x_wconf 87' lang='lat' dir='ltr'>renovaret.</span> 
     </span>
     <span class='ocr_line' id='line_1_16' title="bbox 196 2041 2253 2129; baseline 0 -22"><span class='ocrx_word' id='word_1_117' title='bbox 196 2041 281 2107; x_wconf 83' lang='lat' dir='ltr'>G.</span> <span class='ocrx_word' id='word_1_118' title='bbox 318 2041 521 2129; x_wconf 89' lang='lat' dir='ltr'>Sarpe</span> <span class='ocrx_word' id='word_1_119' title='bbox 554 2042 845 2127; x_wconf 87' lang='lat' dir='ltr'>(quaestt.</span> <span class='ocrx_word' id='word_1_120' title='bbox 882 2042 1087 2127; x_wconf 88' lang='lat' dir='ltr'>philol.</span> <span class='ocrx_word' id='word_1_121' title='bbox 1124 2065 1181 2107; x_wconf 92' lang='lat' dir='ltr'>c.</span> <span class='ocrx_word' id='word_1_122' title='bbox 1211 2042 1259 2110; x_wconf 81' lang='lat'>2</span> <span class='ocrx_word' id='word_1_123' title='bbox 1286 2043 1478 2128; x_wconf 82' lang='lat' dir='ltr'>sqq.),</span> <span class='ocrx_word' id='word_1_124' title='bbox 1524 2065 1658 2108; x_wconf 91' lang='lat' dir='ltr'>cum</span> <span class='ocrx_word' id='word_1_125' title='bbox 1703 2045 2051 2109; x_wconf 89' lang='lat' dir='ltr'>coniectura</span> <span class='ocrx_word' id='word_1_126' title='bbox 2081 2045 2253 2129; x_wconf 84' lang='lat' dir='ltr'>inge-</span> 
     </span>
     <span class='ocr_line' id='line_1_17' title="bbox 196 2143 2252 2233; baseline 0.002 -25"><span class='ocrx_word' id='word_1_127' title='bbox 196 2146 551 2210; x_wconf 85' lang='lat' dir='ltr'>niosissima</span> <span class='ocrx_word' id='word_1_128' title='bbox 582 2144 678 2228; x_wconf 90' lang='lat' dir='ltr'>(iu</span> <span class='ocrx_word' id='word_1_129' title='bbox 708 2165 881 2228; x_wconf 81' lang='lat' dir='ltr'>quam</span> <span class='ocrx_word' id='word_1_130' title='bbox 914 2145 1125 2210; x_wconf 87' lang='lat' dir='ltr'>incidit</span> <span class='ocrx_word' id='word_1_131' title='bbox 1156 2147 1337 2210; x_wconf 89' lang='lat' dir='ltr'>etiam</span> <span class='ocrx_word' id='word_1_132' title='bbox 1367 2143 1589 2231; x_wconf 84' lang='lat' dir='ltr'>Lange</span> <span class='ocrx_word' id='word_1_133' title='bbox 1618 2166 1813 2211; x_wconf 83' lang='lat' dir='ltr'>verm.</span> <span class='ocrx_word' id='word_1_134' title='bbox 1849 2143 2032 2211; x_wconf 89' lang='lat' dir='ltr'>Schr.</span> <span class='ocrx_word' id='word_1_135' title='bbox 2056 2167 2115 2233; x_wconf 92' lang='lat' dir='ltr'>p.</span> <span class='ocrx_word' id='word_1_136' title='bbox 2136 2146 2252 2227; x_wconf 80' lang='lat'>92)</span> 
     </span>
     <span class='ocr_line' id='line_1_18' title="bbox 196 2246 2248 2334; baseline -0 -22"><span class='ocrx_word' id='word_1_137' title='bbox 196 2259 258 2311; x_wconf 86' lang='lat' dir='ltr'>et</span> <span class='ocrx_word' id='word_1_138' title='bbox 287 2269 325 2312; x_wconf 82' lang='lat' dir='ltr'>a</span> <span class='ocrx_word' id='word_1_139' title='bbox 354 2248 563 2312; x_wconf 88' lang='lat' dir='ltr'>multis</span> <span class='ocrx_word' id='word_1_140' title='bbox 596 2247 843 2331; x_wconf 87' lang='lat' dir='ltr'>probata</span> <span class='ocrx_word' id='word_1_141' title='bbox 860 2248 1016 2333; x_wconf 90' lang='lat' dir='ltr'>apud</span> <span class='ocrx_word' id='word_1_142' title='bbox 1037 2246 1474 2329; x_wconf 75' lang='lat' dir='ltr'>Quintilianum</span> <span class='ocrx_word' id='word_1_143' title='bbox 1492 2246 1811 2334; x_wconf 81' lang='lat' dir='ltr'>(x‚1‚89)</span> <span class='ocrx_word' id='word_1_144' title='bbox 1835 2248 2210 2333; x_wconf 86' lang='lat' dir='ltr'>reposuisset</span> <span class='ocrx_word' id='word_1_145' title='bbox 2229 2272 2248 2311; x_wconf 73' lang='lat' dir='ltr'>z</span> 
     </span>
     <span class='ocr_line' id='line_1_19' title="bbox 198 2350 2246 2438; baseline -0 -22"><span class='ocrx_word' id='word_1_146' title='bbox 198 2350 249 2416; x_wconf 82' lang='lat' dir='ltr'><strong><em>S</em></strong></span> <span class='ocrx_word' id='word_1_147' title='bbox 264 2369 651 2415; x_wconf 69' lang='lat' dir='ltr'>errantem</span> <span class='ocrx_word' id='word_1_148' title='bbox 698 2353 1118 2414; x_wconf 77' lang='lat' dir='ltr'>consummari</span> <span class='ocrx_word' id='word_1_149' title='bbox 1153 2371 1321 2415; x_wconf 80' lang='lat' dir='ltr'>mors</span> <span class='ocrx_word' id='word_1_150' title='bbox 1360 2352 1697 2415; x_wconf 79' lang='lat' dir='ltr'>immatura</span> <span class='ocrx_word' id='word_1_151' title='bbox 1737 2373 1858 2416; x_wconf 83' lang='lat' dir='ltr'>non</span> <span class='ocrx_word' id='word_1_152' title='bbox 1892 2372 2095 2438; x_wconf 75' lang='lat' dir='ltr'>passa</span> <span class='ocrx_word' id='word_1_153' title='bbox 2129 2360 2246 2432; x_wconf 76' lang='lat' dir='ltr'>est,</span> 
     </span>
     <span class='ocr_line' id='line_1_20' title="bbox 188 2453 2256 2539; baseline 0.001 -22"><span class='ocrx_word' id='word_1_154' title='bbox 188 2456 472 2539; x_wconf 75' lang='lat' dir='ltr'>pum’lia</span> <span class='ocrx_word' id='word_1_155' title='bbox 519 2462 725 2516; x_wconf 76' lang='lat' dir='ltr'>tamen</span> <span class='ocrx_word' id='word_1_156' title='bbox 760 2454 897 2516; x_wconf 73' lang='lat' dir='ltr'>eius</span> <span class='ocrx_word' id='word_1_157' title='bbox 937 2473 1134 2538; x_wconf 83' lang='lat' dir='ltr'>opera</span> <span class='ocrx_word' id='word_1_158' title='bbox 1162 2462 1227 2516; x_wconf 80' lang='lat' dir='ltr'>ct</span> <span class='ocrx_word' id='word_1_159' title='bbox 1250 2455 1589 2517; x_wconf 62' lang='lat' dir='ltr'>mamimam</span> <span class='ocrx_word' id='word_1_160' title='bbox 1624 2454 1890 2519; x_wconf 77' lang='lat' dir='ltr'>indolem</span> <span class='ocrx_word' id='word_1_161' title='bbox 1921 2453 2256 2520; x_wconf 79' lang='lat' dir='ltr'>ostendunt</span> 
     </span>
     <span class='ocr_line' id='line_1_21' title="bbox 198 2553 2253 2644; baseline 0.001 -26"><span class='ocrx_word' id='word_1_162' title='bbox 198 2565 265 2618; x_wconf 79' lang='lat' dir='ltr'>et</span> <span class='ocrx_word' id='word_1_163' title='bbox 292 2553 753 2630; x_wconf 80' lang='lat' dir='ltr'>admirabilem,</span> <span class='ocrx_word' id='word_1_164' title='bbox 793 2558 1141 2640; x_wconf 78' lang='lat' dir='ltr'>praecipue</span> <span class='ocrx_word' id='word_1_165' title='bbox 1171 2556 1237 2617; x_wconf 83' lang='lat' dir='ltr'>in</span> <span class='ocrx_word' id='word_1_166' title='bbox 1267 2565 1475 2619; x_wconf 80' lang='lat' dir='ltr'>aetate</span> <span class='ocrx_word' id='word_1_167' title='bbox 1500 2557 1640 2633; x_wconf 79' lang='lat' dir='ltr'>illa,</span> <span class='ocrx_word' id='word_1_168' title='bbox 1687 2559 1851 2621; x_wconf 82' lang='lat' dir='ltr'>recti</span> <span class='ocrx_word' id='word_1_169' title='bbox 1864 2559 2124 2644; x_wconf 68' lang='lat' dir='ltr'>genet-225</span> <span class='ocrx_word' id='word_1_170' title='bbox 2148 2579 2253 2621; x_wconf 83' lang='lat' dir='ltr'>vo-</span> 
     </span>
     <span class='ocr_line' id='line_1_22' title="bbox 195 2655 2255 2745; baseline 0.001 -25"><span class='ocrx_word' id='word_1_171' title='bbox 195 2655 543 2733; x_wconf 69' lang='lat' dir='ltr'>lumtatem,</span> <span class='ocrx_word' id='word_1_172' title='bbox 601 2656 707 2721; x_wconf 89' lang='grc'><strong>11111</strong></span> <span class='ocrx_word' id='word_1_173' title='bbox 744 2658 927 2740; x_wconf 86' lang='lat' dir='ltr'>vulgo</span> <span class='ocrx_word' id='word_1_174' title='bbox 972 2657 1273 2722; x_wconf 70' lang='lat' dir='ltr'>Sed&#39;eum</span> <span class='ocrx_word' id='word_1_175' title='bbox 1333 2658 1592 2742; x_wconf 86' lang='lat' dir='ltr'>legitur,</span> <span class='ocrx_word' id='word_1_176' title='bbox 1650 2660 1806 2742; x_wconf 87' lang='lat' dir='ltr'>quod</span> <span class='ocrx_word' id='word_1_177' title='bbox 1853 2668 2064 2745; x_wconf 82' lang='lat' dir='ltr'>aperte</span> <span class='ocrx_word' id='word_1_178' title='bbox 2116 2680 2255 2724; x_wconf 87' lang='lat' dir='ltr'>cor·</span> 
     </span>
     <span class='ocr_line' id='line_1_23' title="bbox 192 2759 2249 2847; baseline 0 -23"><span class='ocrx_word' id='word_1_179' title='bbox 192 2771 436 2844; x_wconf 87' lang='lat' dir='ltr'>ruptum</span> <span class='ocrx_word' id='word_1_180' title='bbox 470 2769 606 2838; x_wconf 87' lang='lat' dir='ltr'>est,</span> <span class='ocrx_word' id='word_1_181' title='bbox 653 2760 1070 2842; x_wconf 87' lang='lat' dir='ltr'>quaestionem</span> <span class='ocrx_word' id='word_1_182' title='bbox 1100 2759 1401 2840; x_wconf 84' lang='lat' dir='ltr'>instituit,</span> <span class='ocrx_word' id='word_1_183' title='bbox 1450 2762 1734 2844; x_wconf 85' lang='lat' dir='ltr'>numquid</span> <span class='ocrx_word' id='word_1_184' title='bbox 1777 2762 1853 2826; x_wconf 90' lang='lat' dir='ltr'>de</span> <span class='ocrx_word' id='word_1_185' title='bbox 1901 2762 2015 2826; x_wconf 90' lang='lat' dir='ltr'>hoc</span> <span class='ocrx_word' id='word_1_186' title='bbox 2044 2771 2249 2847; x_wconf 82' lang='lat' dir='ltr'>poeta,</span> 
     </span>
     <span class='ocr_line' id='line_1_24' title="bbox 194 2858 2252 2947; baseline 0 -20"><span class='ocrx_word' id='word_1_187' title='bbox 194 2882 372 2945; x_wconf 83' lang='lat' dir='ltr'>quem</span> <span class='ocrx_word' id='word_1_188' title='bbox 419 2858 737 2927; x_wconf 84' lang='lat' dir='ltr'>Iuvenalis</span> <span class='ocrx_word' id='word_1_189' title='bbox 777 2882 1014 2946; x_wconf 86' lang='lat' dir='ltr'>quoque</span> <span class='ocrx_word' id='word_1_190' title='bbox 1052 2874 1484 2927; x_wconf 78' lang='lat' dir='ltr'>commemorat</span> <span class='ocrx_word' id='word_1_191' title='bbox 1512 2860 1691 2945; x_wconf 86' lang='lat' dir='ltr'>(Vll,</span> <span class='ocrx_word' id='word_1_192' title='bbox 1725 2862 1839 2944; x_wconf 85' lang='lat'>80)</span> <span class='ocrx_word' id='word_1_193' title='bbox 1862 2911 1881 2943; x_wconf 99' lang='lat'>,</span> <span class='ocrx_word' id='word_1_194' title='bbox 1928 2874 2252 2947; x_wconf 83' lang='lat' dir='ltr'>praeterea</span> 
     </span>
     <span class='ocr_line' id='line_1_25' title="bbox 191 2960 2252 3051; baseline 0 -24"><span class='ocrx_word' id='word_1_195' title='bbox 191 2963 533 3051; x_wconf 79' lang='lat' dir='ltr'>memoriae</span> <span class='ocrx_word' id='word_1_196' title='bbox 552 2964 835 3028; x_wconf 89' lang='lat' dir='ltr'>traditum</span> <span class='ocrx_word' id='word_1_197' title='bbox 852 2976 1038 3029; x_wconf 88' lang='lat' dir='ltr'>esset.</span> <span class='ocrx_word' id='word_1_198' title='bbox 1085 2960 1214 3029; x_wconf 92' lang='lat' dir='ltr'>Iam</span> <span class='ocrx_word' id='word_1_199' title='bbox 1244 2966 1414 3029; x_wconf 86' lang='lat' dir='ltr'>visus</span> <span class='ocrx_word' id='word_1_200' title='bbox 1445 2964 1561 3029; x_wconf 84' lang='lat' dir='ltr'>sihi</span> <span class='ocrx_word' id='word_1_201' title='bbox 1592 2975 1687 3029; x_wconf 86' lang='lat' dir='ltr'>est</span> <span class='ocrx_word' id='word_1_202' title='bbox 1715 2964 2051 3043; x_wconf 85' lang='lat' dir='ltr'>invenisse,</span> <span class='ocrx_word' id='word_1_203' title='bbox 2090 2966 2252 3030; x_wconf 90' lang='lat' dir='ltr'>eclo-</span> 
     </span>
     <span class='ocr_line' id='line_1_26' title="bbox 193 3063 2253 3151; baseline 0.001 -22"><span class='ocrx_word' id='word_1_204' title='bbox 193 3086 301 3149; x_wconf 81' lang='lat' dir='ltr'>gas</span> <span class='ocrx_word' id='word_1_205' title='bbox 335 3065 477 3130; x_wconf 87' lang='lat' dir='ltr'>illas</span> <span class='ocrx_word' id='word_1_206' title='bbox 498 3111 517 3143; x_wconf 99' lang='lat'>,</span> <span class='ocrx_word' id='word_1_207' title='bbox 565 3086 718 3149; x_wconf 87' lang='lat' dir='ltr'>quae</span> <span class='ocrx_word' id='word_1_208' title='bbox 749 3063 1061 3150; x_wconf 79' lang='lat' dir='ltr'>Calpurnii</span> <span class='ocrx_word' id='word_1_209' title='bbox 1093 3087 1312 3132; x_wconf 89' lang='lat' dir='ltr'>nomen</span> <span class='ocrx_word' id='word_1_210' title='bbox 1344 3086 1490 3151; x_wconf 89' lang='lat' dir='ltr'>prac</span> <span class='ocrx_word' id='word_1_211' title='bbox 1529 3087 1599 3132; x_wconf 86' lang='lat' dir='ltr'>se</span> <span class='ocrx_word' id='word_1_212' title='bbox 1645 3069 1885 3147; x_wconf 81' lang='lat' dir='ltr'>serunt,</span> <span class='ocrx_word' id='word_1_213' title='bbox 1933 3088 2089 3133; x_wconf 84' lang='lat' dir='ltr'>aevo</span> <span class='ocrx_word' id='word_1_214' title='bbox 2120 3067 2253 3132; x_wconf 91' lang='lat' dir='ltr'>Ne-</span> 
     </span>
     <span class='ocr_line' id='line_1_27' title="bbox 189 3167 2251 3254; baseline 0.001 -22"><span class='ocrx_word' id='word_1_215' title='bbox 189 3167 463 3232; x_wconf 86' lang='lat' dir='ltr'>roniano</span> <span class='ocrx_word' id='word_1_216' title='bbox 507 3169 764 3254; x_wconf 84' lang='lat' dir='ltr'>scriptas</span> <span class='ocrx_word' id='word_1_217' title='bbox 810 3188 990 3245; x_wconf 80' lang='lat' dir='ltr'>esse,</span> <span class='ocrx_word' id='word_1_218' title='bbox 1048 3178 1113 3232; x_wconf 88' lang='lat' dir='ltr'>et</span> <span class='ocrx_word' id='word_1_219' title='bbox 1164 3169 1584 3234; x_wconf 87' lang='lat' dir='ltr'>demonstrare</span> <span class='ocrx_word' id='word_1_220' title='bbox 1633 3181 1885 3235; x_wconf 88' lang='lat' dir='ltr'>conatus</span> <span class='ocrx_word' id='word_1_221' title='bbox 1929 3181 2025 3234; x_wconf 85' lang='lat' dir='ltr'>est</span> <span class='ocrx_word' id='word_1_222' title='bbox 2064 3169 2251 3235; x_wconf 88' lang='lat' dir='ltr'>certis</span> 
     </span>
     <span class='ocr_line' id='line_1_28' title="bbox 189 3268 2253 3358; baseline 0.001 -25"><span class='ocrx_word' id='word_1_223' title='bbox 189 3268 479 3349; x_wconf 82' lang='lat' dir='ltr'>indiciis,</span> <span class='ocrx_word' id='word_1_224' title='bbox 542 3269 794 3354; x_wconf 89' lang='lat' dir='ltr'>primam</span> <span class='ocrx_word' id='word_1_225' title='bbox 852 3269 1129 3354; x_wconf 84' lang='lat' dir='ltr'>eclogam</span> <span class='ocrx_word' id='word_1_226' title='bbox 1184 3272 1469 3356; x_wconf 84' lang='lat' dir='ltr'>scriptam</span> <span class='ocrx_word' id='word_1_227' title='bbox 1526 3290 1666 3337; x_wconf 88' lang='lat' dir='ltr'>esse</span> <span class='ocrx_word' id='word_1_228' title='bbox 1727 3293 1786 3336; x_wconf 90' lang='lat' dir='ltr'>a.</span> <span class='ocrx_word' id='word_1_229' title='bbox 1846 3295 1907 3358; x_wconf 91' lang='lat' dir='ltr'>p.</span> <span class='ocrx_word' id='word_1_230' title='bbox 1967 3268 2117 3336; x_wconf 91' lang='lat' dir='ltr'>Chr.</span> <span class='ocrx_word' id='word_1_231' title='bbox 2168 3270 2253 3335; x_wconf 85' lang='lat'>54</span> 
     </span>
     <span class='ocr_line' id='line_1_29' title="bbox 193 3370 2252 3457; baseline 0.001 -24"><span class='ocrx_word' id='word_1_232' title='bbox 193 3373 266 3452; x_wconf 84' lang='lat' dir='ltr'>(l.</span> <span class='ocrx_word' id='word_1_233' title='bbox 315 3371 364 3435; x_wconf 93' lang='lat' dir='ltr'>l.</span> <span class='ocrx_word' id='word_1_234' title='bbox 416 3393 475 3435; x_wconf 91' lang='lat' dir='ltr'>c.</span> <span class='ocrx_word' id='word_1_235' title='bbox 523 3370 635 3455; x_wconf 86' lang='lat'>3),</span> <span class='ocrx_word' id='word_1_236' title='bbox 693 3371 1004 3456; x_wconf 88' lang='lat' dir='ltr'>septimam</span> <span class='ocrx_word' id='word_1_237' title='bbox 1049 3393 1109 3436; x_wconf 88' lang='lat' dir='ltr'>a.</span> <span class='ocrx_word' id='word_1_238' title='bbox 1151 3371 1236 3437; x_wconf 84' lang='lat'>57</span> <span class='ocrx_word' id='word_1_239' title='bbox 1280 3374 1432 3453; x_wconf 83' lang='lat'>(1.1.</span> <span class='ocrx_word' id='word_1_240' title='bbox 1480 3396 1539 3439; x_wconf 86' lang='lat' dir='ltr'>c.</span> <span class='ocrx_word' id='word_1_241' title='bbox 1571 3372 1681 3457; x_wconf 86' lang='lat'>4),</span> <span class='ocrx_word' id='word_1_242' title='bbox 1750 3385 2021 3457; x_wconf 83' lang='lat' dir='ltr'>quartam</span> <span class='ocrx_word' id='word_1_243' title='bbox 2065 3394 2121 3437; x_wconf 83' lang='lat' dir='ltr'>a.</span> <span class='ocrx_word' id='word_1_244' title='bbox 2168 3370 2252 3437; x_wconf 84' lang='lat'>58</span> 
     </span>
     <span class='ocr_line' id='line_1_30' title="bbox 191 3470 2246 3562; baseline 0.005 -29"><span class='ocrx_word' id='word_1_245' title='bbox 191 3473 343 3553; x_wconf 85' lang='grc'><strong>(1.1.</strong></span> <span class='ocrx_word' id='word_1_246' title='bbox 379 3495 440 3537; x_wconf 91' lang='lat' dir='ltr'>c.</span> <span class='ocrx_word' id='word_1_247' title='bbox 475 3470 590 3556; x_wconf 85' lang='lat'>5),</span> <span class='ocrx_word' id='word_1_248' title='bbox 652 3484 930 3539; x_wconf 88' lang='lat' dir='ltr'>octavam</span> <span class='ocrx_word' id='word_1_249' title='bbox 985 3495 1107 3537; x_wconf 92' lang='lat' dir='ltr'>non</span> <span class='ocrx_word' id='word_1_250' title='bbox 1164 3475 1363 3540; x_wconf 79' lang='lat' dir='ltr'>videri</span> <span class='ocrx_word' id='word_1_251' title='bbox 1403 3478 1643 3560; x_wconf 90' lang='lat' dir='ltr'>quidem</span> <span class='ocrx_word' id='word_1_252' title='bbox 1690 3477 1958 3542; x_wconf 85' lang='lat' dir='ltr'>eiusdem</span> <span class='ocrx_word' id='word_1_253' title='bbox 2000 3488 2246 3562; x_wconf 88' lang='lat' dir='ltr'>poetae,</span> 
     </span>
     <span class='ocr_line' id='line_1_31' title="bbox 188 3573 2251 3661; baseline 0.002 -21"><span class='ocrx_word' id='word_1_254' title='bbox 188 3596 415 3641; x_wconf 78' lang='lat' dir='ltr'>verum</span> <span class='ocrx_word' id='word_1_255' title='bbox 443 3573 598 3639; x_wconf 87' lang='lat' dir='ltr'>nihil</span> <span class='ocrx_word' id='word_1_256' title='bbox 627 3595 805 3654; x_wconf 81' lang='lat' dir='ltr'>esse,</span> <span class='ocrx_word' id='word_1_257' title='bbox 851 3575 1011 3659; x_wconf 88' lang='lat' dir='ltr'>quod</span> <span class='ocrx_word' id='word_1_258' title='bbox 1047 3575 1371 3661; x_wconf 81' lang='lat' dir='ltr'>impediat,</span> <span class='ocrx_word' id='word_1_259' title='bbox 1421 3578 1736 3661; x_wconf 85' lang='lat' dir='ltr'>quominus</span> <span class='ocrx_word' id='word_1_260' title='bbox 1778 3577 2056 3644; x_wconf 85' lang='lat' dir='ltr'>Neronis</span> <span class='ocrx_word' id='word_1_261' title='bbox 2100 3589 2251 3644; x_wconf 86' lang='lat' dir='ltr'>tem-</span> 
     </span>
    </p>
   </div>
   <div class='ocr_carea' id='block_1_3' title="bbox 257 3797 2252 4211">
    <p class='ocr_par' dir='ltr' id='par_1_4' title="bbox 257 3797 2252 4211">
     <span class='ocr_line' id='line_1_32' title="bbox 259 3797 2252 3870; baseline 0.003 -22"><span class='ocrx_word' id='word_1_262' title='bbox 259 3797 417 3848; x_wconf 79' lang='lat' dir='ltr'>eodd.</span> <span class='ocrx_word' id='word_1_263' title='bbox 454 3797 709 3849; x_wconf 71' lang='lat' dir='ltr'>lectiones</span> <span class='ocrx_word' id='word_1_264' title='bbox 743 3799 1000 3863; x_wconf 72' lang='lat' dir='ltr'>suadent,</span> <span class='ocrx_word' id='word_1_265' title='bbox 1039 3807 1099 3851; x_wconf 85' lang='lat' dir='ltr'>ut</span> <span class='ocrx_word' id='word_1_266' title='bbox 1132 3800 1353 3852; x_wconf 67' lang='lat' dir='ltr'>Caesius</span> <span class='ocrx_word' id='word_1_267' title='bbox 1389 3815 1723 3868; x_wconf 77' lang='lat' dir='ltr'>reponamus,</span> <span class='ocrx_word' id='word_1_268' title='bbox 1762 3817 1856 3854; x_wconf 88' lang='lat' dir='ltr'>nec</span> <span class='ocrx_word' id='word_1_269' title='bbox 1890 3809 2057 3870; x_wconf 76' lang='lat' dir='ltr'>potest</span> <span class='ocrx_word' id='word_1_270' title='bbox 2086 3803 2252 3855; x_wconf 73' lang='lat' dir='ltr'>Gaius</span> 
     </span>
     <span class='ocr_line' id='line_1_33' title="bbox 260 3867 2251 3938; baseline 0.004 -21"><span class='ocrx_word' id='word_1_271' title='bbox 260 3867 406 3931; x_wconf 69' lang='lat' dir='ltr'>legi,</span> <span class='ocrx_word' id='word_1_272' title='bbox 458 3882 574 3918; x_wconf 82' lang='lat' dir='ltr'>cum</span> <span class='ocrx_word' id='word_1_273' title='bbox 620 3867 810 3918; x_wconf 71' lang='lat' dir='ltr'>omisso</span> <span class='ocrx_word' id='word_1_274' title='bbox 856 3867 1002 3920; x_wconf 77' lang='lat' dir='ltr'>Bassi</span> <span class='ocrx_word' id='word_1_275' title='bbox 1054 3871 1255 3920; x_wconf 84' lang='lat' dir='ltr'>nomine</span> <span class='ocrx_word' id='word_1_276' title='bbox 1317 3870 1425 3920; x_wconf 79' lang='lat' dir='ltr'>solo</span> <span class='ocrx_word' id='word_1_277' title='bbox 1482 3871 1811 3937; x_wconf 79' lang='lat' dir='ltr'>praenomine</span> <span class='ocrx_word' id='word_1_278' title='bbox 1862 3873 1951 3923; x_wconf 85' lang='lat' dir='ltr'>vix</span> <span class='ocrx_word' id='word_1_279' title='bbox 1999 3873 2251 3938; x_wconf 80' lang='lat' dir='ltr'>potuisset</span> 
     </span>
     <span class='ocr_line' id='line_1_34' title="bbox 257 3934 2250 4005; baseline 0.004 -20"><span class='ocrx_word' id='word_1_280' title='bbox 257 3936 497 3998; x_wconf 70' lang='lat' dir='ltr'>agnosci.</span> <span class='ocrx_word' id='word_1_281' title='bbox 559 3935 786 3988; x_wconf 84' lang='lat' dir='ltr'>Videtur</span> <span class='ocrx_word' id='word_1_282' title='bbox 833 3951 955 4001; x_wconf 70' lang='lat' dir='ltr'>ergo</span> <span class='ocrx_word' id='word_1_283' title='bbox 1004 3934 1201 3989; x_wconf 79' lang='lat' dir='ltr'>Gavius</span> <span class='ocrx_word' id='word_1_284' title='bbox 1236 3938 1462 4003; x_wconf 77' lang='lat' dir='ltr'>Bassus,</span> <span class='ocrx_word' id='word_1_285' title='bbox 1499 3940 1588 4005; x_wconf 89' lang='lat' dir='ltr'>qui</span> <span class='ocrx_word' id='word_1_286' title='bbox 1625 3940 1688 3991; x_wconf 87' lang='lat' dir='ltr'>de</span> <span class='ocrx_word' id='word_1_287' title='bbox 1723 3942 2055 4004; x_wconf 70' lang='lat' dir='ltr'>grammatica</span> <span class='ocrx_word' id='word_1_288' title='bbox 2093 3941 2250 3992; x_wconf 81' lang='lat' dir='ltr'>libros</span> 
     </span>
     <span class='ocr_line' id='line_1_35' title="bbox 260 4004 2249 4075; baseline 0.003 -21"><span class='ocrx_word' id='word_1_289' title='bbox 260 4004 402 4054; x_wconf 77' lang='lat' dir='ltr'>haud</span> <span class='ocrx_word' id='word_1_290' title='bbox 442 4004 563 4065; x_wconf 86' lang='lat' dir='ltr'>diu,</span> <span class='ocrx_word' id='word_1_291' title='bbox 603 4011 665 4054; x_wconf 87' lang='lat' dir='ltr'>ut</span> <span class='ocrx_word' id='word_1_292' title='bbox 698 4005 936 4069; x_wconf 81' lang='lat' dir='ltr'>videtur,</span> <span class='ocrx_word' id='word_1_293' title='bbox 976 4014 1098 4058; x_wconf 86' lang='lat' dir='ltr'>aute</span> <span class='ocrx_word' id='word_1_294' title='bbox 1134 4005 1512 4072; x_wconf 78' lang='lat' dir='ltr'>Quintilianum</span> <span class='ocrx_word' id='word_1_295' title='bbox 1538 4008 1778 4075; x_wconf 79' lang='lat' dir='ltr'>scripsit,</span> <span class='ocrx_word' id='word_1_296' title='bbox 1817 4024 1847 4059; x_wconf 89' lang='lat' dir='ltr'>a</span> <span class='ocrx_word' id='word_1_297' title='bbox 1873 4009 2017 4060; x_wconf 81' lang='lat' dir='ltr'>nobis</span> <span class='ocrx_word' id='word_1_298' title='bbox 2042 4010 2249 4072; x_wconf 69' lang='lat' dir='ltr'>agnosci</span> 
     </span>
     <span class='ocr_line' id='line_1_36' title="bbox 260 4071 2245 4144; baseline 0.003 -21"><span class='ocrx_word' id='word_1_299' title='bbox 260 4071 477 4124; x_wconf 76' lang='lat' dir='ltr'>debere.</span> <span class='ocrx_word' id='word_1_300' title='bbox 516 4072 623 4123; x_wconf 80' lang='lat' dir='ltr'>Hoc</span> <span class='ocrx_word' id='word_1_301' title='bbox 659 4080 832 4125; x_wconf 72' lang='lat' dir='ltr'>nutem</span> <span class='ocrx_word' id='word_1_302' title='bbox 868 4089 993 4125; x_wconf 79' lang='lat' dir='ltr'>saue</span> <span class='ocrx_word' id='word_1_303' title='bbox 1018 4076 1294 4142; x_wconf 79' lang='lat' dir='ltr'>permirum</span> <span class='ocrx_word' id='word_1_304' title='bbox 1319 4077 1443 4127; x_wconf 79' lang='lat' dir='ltr'>mihi</span> <span class='ocrx_word' id='word_1_305' title='bbox 1470 4079 1675 4141; x_wconf 84' lang='lat' dir='ltr'>accidit,</span> <span class='ocrx_word' id='word_1_306' title='bbox 1717 4093 1779 4127; x_wconf 88' lang='lat' dir='ltr'>ne</span> <span class='ocrx_word' id='word_1_307' title='bbox 1804 4078 1966 4129; x_wconf 81' lang='lat' dir='ltr'>dicam</span> <span class='ocrx_word' id='word_1_308' title='bbox 1991 4079 2245 4144; x_wconf 79' lang='lat' dir='ltr'>iniquum,</span> 
     </span>
     <span class='ocr_line' id='line_1_37' title="bbox 262 4141 2126 4211; baseline 0.003 -19"><span class='ocrx_word' id='word_1_309' title='bbox 262 4149 323 4193; x_wconf 80' lang='lat' dir='ltr'>ut</span> <span class='ocrx_word' id='word_1_310' title='bbox 358 4141 480 4194; x_wconf 73' lang='lat' dir='ltr'>dun</span> <span class='ocrx_word' id='word_1_311' title='bbox 514 4157 635 4195; x_wconf 69' lang='lat' dir='ltr'>mea</span> <span class='ocrx_word' id='word_1_312' title='bbox 668 4143 778 4209; x_wconf 71' lang='grc'><strong>111011</strong></span> <span class='ocrx_word' id='word_1_313' title='bbox 814 4143 992 4195; x_wconf 81' lang='lat' dir='ltr'>vineta</span> <span class='ocrx_word' id='word_1_314' title='bbox 1027 4145 1244 4197; x_wconf 82' lang='lat' dir='ltr'>caedere</span> <span class='ocrx_word' id='word_1_315' title='bbox 1279 4145 1429 4211; x_wconf 80' lang='lat' dir='ltr'>volo,</span> <span class='ocrx_word' id='word_1_316' title='bbox 1468 4145 1624 4197; x_wconf 84' lang='lat' dir='ltr'>alium</span> <span class='ocrx_word' id='word_1_317' title='bbox 1660 4145 1887 4198; x_wconf 72' lang='lat' dir='ltr'>rosum-e</span> <span class='ocrx_word' id='word_1_318' title='bbox 1925 4147 2126 4198; x_wconf 82' lang='lat' dir='ltr'>videar.</span> 
     </span>
    </p>
   </div>
  </div>
 </body>
</html>
