2764 4738
746 420 1008 483 scnol..
1040 421 1144 483 AD
1189 421 1361 484 SAT.
1396 421 1496 497 IV,
1531 426 1830 487 17—19.
2176 417 2303 486 313

443 596 545 655 17.
599 595 763 668 Quae
810 595 925 653 tibi
957 613 1179 653 summa
1221 594 1362 653 boni
1398 599 1536 654 est?
1590 591 1791 656 Adbuc
1834 593 1926 653 bic
1970 612 2159 654 sermo
2192 594 2300 653 So-

265 679 442 737 cratis
487 689 579 738 est
623 678 694 738 ad
738 679 1119 750 Alcibiadem,
1174 691 1233 739 et
1278 682 1530 758 quaerit,
1590 678 1721 759 quid
1778 699 2046 739 summum
2098 681 2302 739 bonum

266 766 552 824 aestimet.
618 765 821 843 Culpat
862 784 969 844 per
1010 766 1156 824 bunc
1204 766 1373 825 etiam
1406 785 1542 836 eos,
1586 767 1764 845 quiin
1797 766 2015 825 cultura
2045 766 2301 847 eorporis

266 847 498 909 student
527 861 585 909 et
615 851 896 928 ingenium
928 850 1256 929 negligunt,
1302 850 1450 929 quod
1484 848 1750 911 Horatius
1790 857 1812 890 ¹
1841 850 2013 910 dicit:

524 937 600 994 Si
626 936 768 995 bene
801 939 908 1013 qui
931 946 1173 1008 coenat,
1205 939 1359 995 vivit
1382 937 1562 1009 bene,
1599 939 1787 1008 lucet,
1821 954 2020 995 eamus

531 1023 656 1096 Quo
687 1023 864 1080 ducet
883 1023 1053 1099 gula.

264 1104 643 1165 Luxuriosum
686 1117 748 1165 et
788 1109 903 1164 otio
939 1104 1183 1165 deditum
1213 1108 1533 1186 interrogat
1562 1117 1947 1187 consequente
1977 1110 2307 1187 responsio-

266 1209 377 1261 ne,
439 1189 585 1271 quod
617 1212 883 1250 summum
917 1192 1117 1251 bonum
1148 1194 1203 1251 iu
1234 1212 1415 1251 coena
1462 1194 1699 1252 lautiore
1749 1203 1811 1251 et
1849 1193 1902 1250 in
1948 1193 2131 1253 nitore
2174 1215 2306 1253 cor-

267 1278 420 1353 poris
454 1276 657 1348 ducat,
689 1278 795 1336 boc
827 1287 918 1335 est
946 1277 1117 1335 nitido
1150 1278 1322 1347 cultu,
1354 1288 1415 1336 et
1444 1279 1732 1356 epularum
1764 1277 1979 1336 urbano
2011 1289 2303 1359 apparatu.

264 1361 327 1420 In
359 1382 468 1441 quo
498 1363 606 1423 fine
638 1363 859 1421 beatam
890 1366 1057 1421 vitam
1089 1365 1357 1441 reponis?
1397 1363 1591 1422 Potest
1621 1374 1680 1422 et
1706 1361 2142 1442 respondentem
2176 1385 2304 1425 eum

267 1447 490 1507 facere.
671 1450 856 1508 Uncta
896 1450 1110 1507 υἰωιὶςεε
1147 1448 1395 1527 patella.
1466 1447 1732 1507 Traditur
1783 1459 1970 1508 autem
2029 1449 2304 1510 Socrates

268 1532 348 1591 ita
391 1531 668 1592 Alcibiadi
699 1532 769 1592 ad
804 1553 995 1592 aurem
1027 1532 1268 1604 dixisse,
1320 1532 1421 1593 sed
1452 1544 1616 1612 turpe
1649 1553 1981 1612 responsum
2014 1547 2128 1595 est.
2190 1536 2305 1596 Ita-

268 1638 376 1698 que
410 1621 491 1678 sic
526 1617 931 1677 adaudiendum
964 1629 1092 1692 est,
1139 1639 1373 1698 nempe,
1425 1620 1648 1679 scilicet
1677 1639 1891 1678 summa
1918 1620 2053 1680 boni
2083 1632 2174 1680 est
2204 1622 2305 1681 tibi

267 1716 437 1763 uncta
466 1706 683 1763 vixisse
724 1705 952 1783 petella.

448 1794 544 1851 18.
590 1792 836 1868 Semper
880 1799 945 1848 et
985 1791 1220 1849 assiduo
1264 1798 1479 1848 curata
1524 1791 1781 1849 cuticula
1820 1790 1986 1861 sole,
2029 1789 2302 1851 subaudi:

267 1894 479 1933 summa
524 1876 653 1934 boni
699 1872 949 1935 esttibi.
1123 1876 1506 1942 ¹‘Cur-ata,
1555 1876 1940 1934 sciliceta
1984 1876 2307 1937 chroma-

266 1963 559 2020 tiariis.
651 1959 821 2019 Nam
889 1960 1418 2020 chromatiarii
1482 1958 1836 2019 dicuntur
1894 1962 2304 2036 colorarii,

151 2078 154 2079 ν
268 2047 385 2104 vel
429 2047 548 2127 qni
593 2056 751 2104 toto
795 2044 903 2104 die
948 2047 1014 2103 in
1060 2065 1286 2104 arena
1334 2055 1535 2113 sunt,
1575 2047 1695 2105 vel
1740 2047 1806 2104 in
1854 2047 2032 2105 sole.
2093 2049 2307 2107 Anti-

270 2133 391 2209 qui
440 2133 629 2191 enim
693 2131 1078 2209 ungebant
1120 2151 1198 2189 se
1241 2133 1432 2189 etin
1476 2130 1638 2191 sole
1680 2143 1923 2203 erant,
1966 2144 2042 2191 ut
2070 2130 2308 2194 oleum

266 2235 543 2296 corpus
585 2216 1012 2287 inhiberet,
1057 2227 1131 2274 ut
1172 2215 1559 2275 Iuvenalis
1592 2220 1652 2275 ²:

442 2304 733 2363 Nostra
805 2302 1019 2360 bibat
1091 2321 1405 2360 vernum
1477 2312 1899 2361 eontracta
1959 2304 2306 2364 cuticula

1855 2390 2084 2449 solem

439 2470 977 2552 Essugz'atqne
1027 2472 1346 2551 togam*

404 2579 506 2638 19.
555 2578 862 2655 Expecta,
909 2576 1156 2653 inspice,
1202 2586 1263 2632 ut
1291 2575 1555 2634 Lucanus
1588 2579 1645 2632 ³:

447 2663 642 2720 Omnis
675 2663 734 2720 in
765 2663 960 2720 lomba-
988 2660 1300 2740 spectabat
1323 2662 1531 2719 navita
1544 2662 1804 2742 fluctus.

268 2747 347 2807 Et
390 2745 498 2805 boc
545 2745 713 2806 dicit:
770 2747 1021 2827 Inspice,
1069 2747 1119 2805 si
1165 2766 1275 2803 non
1307 2764 1414 2817 ea,
1456 2764 1601 2825 quae
1633 2745 1805 2817 dicis,
1853 2745 2139 2826 quaelibet
2169 2766 2309 2809 anus

270 2831 638 2912 respondeat.

404 2938 479 2997 19
513 2954 639 3014 sqq.
684 2936 723 2994 I
747 2953 937 2993 nunc.-
978 2934 1368 2993 Dinomaches
1412 2953 1521 3011 ego
1564 2952 1728 3005 sum,
1777 2930 2102 2993 Alcibiades
2149 2934 2311 3015 quasi

270 3021 352 3080 ita
395 3018 744 3098 respondet3
791 3017 1018 3100 suffla,
1065 3020 1243 3098 inquit
1286 3028 1455 3096 poeta
1477 3022 1537 3089 ⁴,
1595 3017 1651 3077 id
1694 3029 1785 3078 est
1826 3018 2071 3077 extende
2116 3031 2206 3093 te,
2253 3031 2313 3080 et

267 3108 581 3165 intumesce
641 3103 961 3176 nobilitate,
1023 3104 1170 3184 quod
1230 3104 1443 3163 Cliniae
1499 3114 1560 3162 et
1602 3103 1978 3162 Dinomaches
2026 3104 2169 3164 filius
2210 3107 2312 3177 sis,

271 3211 504 3272 quorum
554 3188 880 3249 Alcibiades
941 3190 1085 3248 iilius
1142 3189 1401 3248 traditur.
1588 3190 2011 3261 Dinomaches,
2077 3188 2311 3249 subaudi

271 3277 443 3337 filins.
619 3277 760 3334 Sum
793 3277 1119 3346 candidus,
1160 3277 1340 3335 Esto.-
1376 3275 1509 3334 dum
1539 3294 1613 3333 ne
1644 3276 1901 3334 deterius
1931 3278 2138 3354 sapiat
2153 3297 2313 3356 pan-

270 3381 458 3422 nucea
502 3362 741 3420 Bam-215.
801 3360 863 3419 Id
908 3373 1033 3420 est:
1084 3359 1248 3419 Nunc
1294 3361 1496 3431 suffla,
1545 3370 1605 3419 et
1647 3362 1794 3419 iacta
1843 3370 1898 3419 te
1934 3359 2311 3421 Dinomaches

271 3466 407 3507 esse
437 3447 640 3518 filium3
699 3447 1027 3516 consentio,
1069 3457 1128 3506 te
1174 3457 1235 3504 ct
1273 3443 1501 3504 divitem
1534 3465 1667 3504 esse
1699 3457 1759 3504 et
1791 3446 2130 3518 formosum,
2183 3445 2311 3505 dum

274 3544 331 3592 te
362 3552 471 3591 non
506 3533 682 3591 minus
715 3532 991 3609 intelligat
1019 3532 1223 3591 Baucis
1271 3550 1599 3609 pannucea,
1642 3551 1787 3612 quae
1832 3533 2089 3610 quotiens
2121 3530 2314 3591 vendit

272 3637 565 3694 ocymum,
609 3638 718 3675 non
762 3618 887 3676 sine
935 3615 1307 3675 modulatione
1349 3617 1544 3686 vocis,
1590 3614 1647 3674 id
1680 3626 1805 3686 est,
1851 3615 2209 3687 adulatione,
2240 3614 2313 3678 ad

272 3714 529 3764 ementes
560 3703 782 3762 clamat.
911 3704 1128 3762 Baucis
1160 3720 1362 3762 nomen
1393 3701 1617 3773 fictum,
1651 3701 1832 3781 inopis
1863 3721 2024 3763 anus.
2156 3705 2313 3764 Pan-

280 3905 303 3957 ¹
346 3904 528 3956 Horat.
570 3919 683 3971 epp.
723 3903 764 3968 1,
802 3904 855 3968 6,
897 3904 961 3956 56
998 3919 1076 3972 aq.

274 3974 312 4029 2
344 3973 458 4025 Iuv.
496 3972 593 4035 Xl,
632 3974 732 4027 203
759 3988 840 4041 aq.

275 4043 311 4096 8
345 4042 473 4094 Luc.
514 4041 605 4106 111,
631 4041 683 4093 3.

276 4111 310 4166 4
345 4116 408 4164 ut
422 4116 593 4180 poeta
616 4111 701 4163 ed.
729 4127 844 4179 pr„
882 4127 1034 4180 quam
1069 4111 1121 4164 in
1158 4110 1256 4163 boe
1290 4110 1452 4163 schot.
1490 4111 1846 4165 constituendo
1881 4120 2091 4165 secutus
2130 4129 2264 4166 sum.
