2764 4738
485 419 676 460 cxxiv
1120 391 1855 457 PROLEGOMENA.

554 564 663 632 Vll,
699 566 817 621 2¹4.
858 564 1235 630 Cornutus,
1282 565 1416 632 qued
1461 562 1764 626 Allobroges
1813 561 2058 612 dicuntur
2105 557 2258 624 Rue,
2318 557 2464 610 Galli
2497 567 2534 623 ¹,

814 651 995 703 Cicero
1043 658 1212 703 antem
1258 648 1407 702 rufus
1450 655 1506 699 ct
1558 647 1810 699 candidus
1852 646 1989 712 ruit,
2039 646 2173 696 unde
2210 661 2239 696 a
2276 645 2539 711 qualitate

813 738 998 789 coloris
1047 737 1217 788 dietus
1267 743 1349 788 est
1396 735 1609 799 Cicero,
1658 746 1805 799 quem
1855 729 2022 782 Rufus
2074 729 2359 797 discipulus
2409 744 2541 779 suns

813 822 1034 873 vocabat
1057 821 1411 886 Allobrogem,
1449 821 1537 888 qui
1567 826 1744 886 postea
1778 832 1810 868 a
1845 817 2112 885 discipulis
2149 816 2261 867 suis
2295 814 2541 866 meritam

815 915 870 960 ct
903 908 1215 960 consimilem
1252 922 1434 974 passus
1467 912 1549 957 cst
1583 902 1965 956 contumeliam.

560 995 651 1060 lX,
690 994 776 1047 37.
829 992 932 1044 Hoc
986 992 1241 1045 Graecum
1291 998 1591 1059 corruptum
1635 995 1716 1041 cst
1759 1003 1861 1038 uno
1897 988 2055 1055 pede,
2104 1002 2256 1053 quem
2290 986 2546 1050 magister

818 1078 1092 1143 flii-cus,
1132 1084 1193 1129 nt
1228 1078 1572 1128 Cornutus
1606 1075 1768 1141 dicit,
1816 1073 1904 1125 din
1941 1073 2262 1138 exquisivit,
2300 1071 2547 1122 invenire

818 1179 912 1215 non
952 1164 1150 1229 potuit,
1188 1163 1277 1214 scd
1315 1164 1409 1213 boc
1445 1160 1733 1226 significat:
1772 1158 1963 1210 Dulces
1999 1171 2167 1210 mores
2202 1157 2308 1208 viri
2344 1156 2541 1208 mollis.

557 1248 666 1299 Non
705 1255 786 1299 est
821 1249 949 1315 apud
989 1247 1372 1299 Cornutum.

556 1332 698 1398 xlv,
736 1334 858 1387 241.
896 1332 1090 1385 Tamen
1127 1333 1483 1385 Cornutus
1532 1330 1691 1382 aliter
1725 1329 1852 1394 legit
1887 1336 1943 1381 et
1977 1330 2134 1381 dicitz
2185 1329 2430 1394 Quorum
2466 1343 2540 1378 sc.

819 1418 1166 1484 Graecorum,
1229 1418 1360 1486 qnod
1413 1418 1651 1483 superius
1699 1416 1937 1468 dixerat:
2003 1418 2058 1467 ss·
2112 1411 2344 1466 Graecia
2391 1427 2546 1477 vera,

815 1504 1023 1556 Tbebae
1059 1518 1275 1570 namque
1315 1511 1438 1555 snnt
1471 1502 1524 1553 in
1561 1501 1802 1554 Graecia.

562 1590 671 1642 Nou
710 1596 792 1641 cst
828 1590 960 1656 apud
1000 1589 1392 1639 Cornutum.
1756 1647 1765 1655 ·

557 1674 675 1740 XV,
713 1676 765 1726 ⁴.
804 1674 1157 1724 Cornutus
1208 1680 1381 1725 tamen
1429 1673 1506 1723 sic
1552 1672 1712 1737 legit:
1762 1672 1970 1737 Effigies
2017 1671 2204 1740 phitici
2249 1671 2396 1722 illius
2434 1687 2546 1722 scr-

816 1760 984 1826 pcntis
1022 1760 1150 1809 nitet
1189 1759 1239 1809 in
1278 1759 1449 1822 cir-co,
1500 1758 1591 1808 sed
1625 1764 1848 1808 metrum
1884 1773 1981 1807 non
2020 1763 2309 1823 pateretur.

555 1844 696 1911 Apud
735 1844 1038 1896 Coi-nutu
1060 1858 1103 1894 m
1142 1843 1269 1894 baec
1305 1843 1580 1906 leguntnrz
1624 1842 1918 1907 „Philicus
1950 1857 2097 1892 mons
2117 1848 2198 1893 est
2223 1843 2376 1893 iuxta
2410 1840 2551 1892 Tbe-

556 1927 647 1979 bas
679 1929 899 1996 Aegypti
933 1930 1196 1980 civitatem
1219 1967 1234 1994 ,
1274 1929 1324 1979 in
1353 1944 1453 1994 qua
1480 1927 1580 1979 fuit
1604 1934 1781 1978 statua
1803 1926 2088 1978 Memnonis
2111 1965 2126 1992 ,
2165 1927 2262 1978 lilii
2288 1928 2549 1991 Aurorae,

558 2014 693 2077 regis
716 2013 1013 2081 Aethiopiae
1032 2051 1046 2078 ‚
1085 2014 1159 2065 ita
1184 2022 1296 2065 arte
1321 2014 1537 2080 quadam
1563 2013 1859 2064 mechanica
1882 2012 2165 2080 composita
2183 2048 2198 2077 ‚
2237 2018 2299 2063 nt
2323 2011 2551 2063 bumana

557 2113 680 2149 voce
720 2113 887 2162 regem
924 2105 979 2149 et
1013 2099 1169 2149 solem
1201 2099 1481 2149 salutaret.
1520 2097 1706 2152 Postea
1745 2113 1836 2148 rex
1874 2098 2159 2167 Cambyses
2196 2099 2379 2148 volens
2416 2099 2553 2148 lianc

559 2199 666 2234 rem
703 2198 1011 2247 cognoscere
1047 2192 1242 2249 partem
1269 2192 1476 2235 statuae
1510 2182 1763 2249 abscidit,
1801 2191 1853 2234 et
1888 2185 1965 2234 sic
2002 2190 2182 2250 postea
2216 2183 2412 2249 solem,
2453 2199 2553 2234 non

558 2275 611 2320 ct
649 2282 816 2331 regem
853 2266 1149 2333 salutabat,
1187 2270 1320 2320 unde
1356 2276 1411 2320 et
1446 2269 1638 2320 dicitur
1672 2268 1899 2320 dimidio
1922 2268 2269 2320 Memnone.“

490 2368 824 2453 Apparebit
852 2389 936 2432 ex
965 2368 1127 2434 hisce
1158 2378 1218 2447 ²,
1254 2371 1512 2434 cundem
1545 2389 1684 2435 esse
1717 2366 2057 2434 Cornutum
2079 2416 2098 2448 ,
2135 2390 2312 2454 quem
2343 2371 2559 2434 laudat

489 2472 589 2534 ille
621 2468 1022 2534 Berueusium
1052 2472 1418 2536 scholiorum
1462 2483 1710 2551 auctor,
1762 2483 1826 2536 et
1866 2473 2036 2538 cuius
2068 2474 2557 2538 commentarius

495 2679 515 2731 1
560 2676 680 2729 lsid.
722 2676 877 2743 gloss.
936 2653 1308 2747 „Aliam-oga,
1348 2680 1568 2745 Gallus,
1606 2679 1840 2731 Βοῶνι

491 2764 525 2817 2
561 2763 759 2814 Adiit-io
811 2779 1001 2830 pauca,
1052 2780 1182 2831 quae
1229 2782 1292 2816 ex
1339 2766 1572 2818 Cornuto
1624 2766 1893 2833 excerpsi,
1953 2765 2005 2816 in
2059 2768 2175 2818 cod.
2230 2769 2386 2819 neu-n.
2454 2785 2555 2819 non

559 2840 856 2897 memorata,
931 2835 1131 2885 uoniam
1171 2837 1233 2885 ad
1271 2851 1376 2886 rem
1414 2834 1609 2900 aliquid
1639 2834 1810 2884 lacere
1842 2834 2122 2886 videntur:

695 2901 736 2966 1,
774 2903 859 2955 78.
974 2908 1197 2953 aete-vta
1236 2918 1398 2966 genus
1434 2911 1547 2953 erat
1583 2909 1768 2966 togae,
1821 2918 1920 2968 qna
1957 2904 2245 2956 utebantur
2281 2907 2429 2972 pueri
2467 2907 2562 2957 ad·

906 2970 1007 3021 linc
1044 2969 1137 3021 snb
1176 2972 1450 3038 disciplina
1488 2985 1650 3036 usqne
1689 2971 1754 3022 ad
1793 2972 2043 3023 decimum
2080 2974 2317 3041 quintum
2343 2990 2562 3039 annum,

905 3039 1090 3090 deinde
1118 3045 1284 3103 togam
1307 3040 1518 3091 virilem
1553 3039 1908 3106 accipiebant,
1947 3043 2083 3093 unde
2120 3045 2173 3093 in
2210 3041 2370 3094 vita
2405 3043 2562 3096 Scti

908 3107 1293 3159 Germanici
1334 3109 1556 3170 legiturz
1598 3107 1775 3159 Cessit
1793 3113 2089 3175 praetexta
2127 3116 2306 3176 togae.

559 3174 747 3225 Eadem
785 3190 813 3225 e
848 3176 959 3226 cod.
1001 3175 1209 3226 Mediol.
1251 3176 1316 3226 ad
1359 3175 1432 3241 Χ,
1471 3177 1537 3230 99
1574 3176 1788 3242 protulit
1820 3175 2030 3228 Fert-ar.
2070 3179 2133 3230 de
2172 3195 2228 3230 re
2262 3186 2400 3232 vest.
2431 3178 2497 3247 11,
2533 3183 2555 3233 l

562 3258 642 3309 ap.
683 3244 857 3295 Crem.
897 3260 946 3310 p.
987 3245 1086 3294 605
1114 3258 1191 3309 sq.

699 3311 788 3376 lV,
829 3312 912 3365 10.
953 3311 1099 3361 Sicut
1145 3313 1366 3376 legimns
1404 3314 1456 3363 in
1504 3313 1772 3378 historiis,
1824 3313 2080 3366 Romanos
2129 3314 2567 3386 Porphyram

909 3381 1130 3449 puellam
1175 3380 1447 3432 insedisse.

699 3447 786 3514 Vl,
822 3450 946 3504 267.
986 3449 1322 3512 Vegetius
1360 3450 1424 3500 de
1462 3465 1518 3500 re
1550 3449 1768 3500 militari
1805 3450 1931 3501 dicit
1955 3450 2050 3516 (Ἰ)
2077 3451 2342 3518 Sr'pltones
2381 3453 2566 3505 dicun·

910 3526 1001 3569 tut·
1036 3518 1260 3569 conchae
1287 3519 1325 3569 i.
1352 3533 1536 3582 magna
1561 3532 1690 3568 vasu
1708 3554 1723 3580 ‚
1761 3534 1874 3569 cnm
1908 3518 2097 3584 quibus
2123 3520 2370 3573 biberant
2396 3523 2411 3572 i
2451 3539 2566 3588 sae,

911 3588 994 3637 vel
1033 3587 1209 3638 tubae.
1272 3587 1380 3638 Non
1419 3587 1616 3648 solum,
1668 3587 1871 3651 inquit,
1914 3602 2010 3636 non
2049 3597 2375 3640 venerantur
2453 3594 2570 3643 udi·

911 3655 1090 3706 citiam
1113 3692 1131 3715 ‚
1177 3656 1266 3707 sed
1323 3662 1378 3705 et
1427 3669 1662 3722 quaeque
1698 3656 1870 3721 turpia
1907 3663 2069 3719 agunt
2103 3657 2155 3707 in
2195 3659 2387 3725 templo
2425 3662 2567 3726 eius,

916 3730 973 3773 ct
1008 3727 1228 3775 conchas
1269 3723 1354 3774 vel
1390 3726 1544 3775 tubas
1581 3725 1645 3773 ad
1682 3724 1795 3774 eius
1831 3726 2151 3790 suspendunt
2203 3728 2568 3782 simulacrum.

565 3788 692 3835 Cum
740 3787 828 3837 bis
872 3789 943 3840 ci.
999 3791 1082 3844 lo.
1132 3809 1160 3843 a
1207 3793 1440 3843 launna
1495 3791 1697 3858 „Svjfon
1745 3807 1774 3843 a
1821 3792 1974 3844 sibilo
2010 3794 2208 3845 dicitur
2243 3795 2282 3846 i.
2322 3812 2373 3847 e.
2413 3799 2569 3862 tuba,

567 3855 651 3903 vel
684 3856 862 3921 potius
899 3874 1089 3923 conca,
1127 3862 1238 3911 sive
1275 3877 1403 3924 vas,
1443 3862 1491 3912 in
1531 3876 1630 3926 quo
1665 3861 1962 3925 mingebant
1996 3889 2064 3900 —
2101 3862 2238 3914 inv.
2289 3866 2575 3932 Μεθω-

570 3939 669 3987 que
725 3922 854 3974 deae
905 3926 1081 3996 longis
1129 3930 1443 3996 siphonibus
1497 3929 1756 3995 implent,
1811 3931 1894 3981 vel
1940 3938 2112 3997 potest
2162 3932 2247 3984 bic
2299 3938 2470 3987 teneri
2518 3937 2573 3987 in

576 3995 785 4059 proprio
831 4009 1002 4049 sensu.
1079 3996 1204 4050 Nam
1252 3998 1543 4050 huiusmodi
1589 4012 1716 4048 vasa
1764 4000 2152 4065 suspendebant
2202 4003 2455 4055 mulieres
2508 4007 2575 4056 ad

580 4062 909 4117 simulacrum
947 4065 1237 4120 Pudicitiae
1273 4067 1523 4118 incientes
1558 4081 1786 4132 quaeque
1825 4070 1993 4135 turpia
2044 4069 2094 4120 in
2146 4072 2352 4138 templis
2389 4075 2574 4125 cius.“

89 4117 415 4399 Γ
