2764 4738
99 4095 403 4352 rx

501 408 699 454 Lxxvn
1147 386 1883 453 PROLEGOMENA.

502 558 737 644 prolata
780 557 1182 644 supplevisse.
1249 560 1527 623 Affirmat
1555 552 1822 645 speciem
1853 558 2184 624 carminum
2215 556 2332 624 hoc
2364 559 2558 624 doce·

503 680 613 739 re,
659 681 808 745 quae
850 684 973 725 non
1017 663 1240 746 impetu
1285 681 1399 725 nec
1442 662 1770 740 instinctu,
1816 682 1933 725 nec
1963 682 2084 725 uno
2116 680 2224 724 ore
2256 661 2548 727 fluerent.

505 760 771 828 Videtur
815 764 964 828 haec
1009 785 1159 828 sane
1204 762 1469 847 iniquior
1510 764 1816 839 narratio,
1865 784 2004 828 nam
2042 763 2325 850 permulti
2354 765 2556 849 poeti·

505 885 637 929 cam
670 866 1013 931 facultatem
1045 887 1166 929 non
1208 865 1558 929 abiudioant
1593 863 1839 929 Neroni
1881 866 1992 951 (cf.
2028 863 2316 949 Fulgent.
2347 865 2548 951 myth.

504 964 536 1029 1
562 988 623 1051 p.
656 967 741 1034 27
769 966 1079 1047 Munck.).
1143 965 1433 1031 Ceterum
1477 967 1753 1032 iuniores
1798 964 2009 1050 poetas
2053 988 2189 1030 eum
2222 967 2551 1050 collegisse

505 1081 710 1134 notum
760 1082 895 1150 est,
956 1091 1207 1155 quorum
1249 1068 1313 1132 in
1359 1089 1610 1133 numero
1656 1071 1904 1134 suerunt
1943 1067 2272 1149 Lucanus,
2326 1067 2551 1133 Nerva

504 1170 724 1257 (Mart.
760 1170 878 1250 IX,
910 1171 1019 1253 26,
1050 1172 1093 1238 9
1122 1171 1250 1255 sq.)
1274 1216 1292 1248 ‚
1340 1182 1405 1235 et
1449 1172 1579 1235 eius
1611 1170 1948 1256 exemplum
1979 1172 2252 1255 poeticae
2284 1172 2548 1236 studium

505 1275 658 1360 a'p'ud
708 1276 923 1338 multos
970 1295 1337 1360 provocasse
1385 1285 1859 1339 consentaneum
1914 1286 2042 1352 est,
2089 1285 2155 1338 ut
2196 1275 2269 1337 de
2306 1271 2547 1337 Seneca

505 1389 718 1441 narrat
763 1376 1018 1442 Tacitus
1064 1371 1276 1460 (XIV,
1311 1374 1452 1459 52).
1539 1375 1713 1440 Haud
1774 1398 1962 1462 pauca
2008 1377 2255 1441 diversa
2299 1378 2550 1461 generis

506 1478 774 1544 carmina
819 1480 1188 1566 composuit,
1235 1480 1401 1543 inter
1449 1499 1600 1562 quae
1646 1480 1894 1543 fuerunt
1937 1478 2113 1542 etiam
2146 1500 2331 1562 parva
2363 1499 2551 1562 quae—

506 1580 638 1644 dam
682 1582 908 1645 lasciva
956 1593 1018 1645 et
1057 1580 1286 1646 ludicra
1330 1582 1444 1665 (cf.
1486 1579 1653 1646 Plin.
1705 1602 1842 1666 epp.
1887 1580 1964 1660 V,
1998 1579 2062 1660 3,
2096 1579 2162 1645 6.
2197 1579 2384 1646 Mart.
2420 1582 2466 1644 l.
2500 1582 2544 1644 1.

506 1684 584 1746 cl.
625 1680 797 1760 VIII,
830 1681 937 1762 70,
968 1682 1066 1765 8).
1141 1684 1238 1747 Ad
1273 1705 1346 1748 ea
1376 1683 1598 1748 referri
1627 1704 1808 1768 posse
1836 1683 2081 1748 videtur
2122 1683 2276 1767 quod
2310 1681 2547 1747 Plinius

508 1784 653 1848 dicit
685 1781 1069 1866 (XXXVII,
1102 1785 1168 1865 3,
1206 1782 1360 1867 12).
1428 1784 1739 1849 Domitius
1778 1785 1958 1851 Nero
2001 1789 2067 1850 in
2111 1787 2339 1849 ceteris
2381 1788 2548 1848 vitae

503 1907 657 1950 suae
693 1889 1006 1973 portentis
1050 1888 1318 1974 capillos
1359 1906 1603 1973 quoque
1655 1889 1952 1974 coniugis
2002 1908 2158 1952 suae
2215 1887 2550 1972 Poppaeae

506 1990 571 2051 in
614 1989 732 2053 Ιιοο
773 2012 992 2054 nomen
1037 1990 1488 2074 adoptaverat,
1545 1988 1807 2075 quodam
1865 1990 2049 2054 etiam
2094 1992 2369 2053 carmine
2410 2010 2548 2052 suc-

508 2092 651 2154 eina
693 2091 1088 2177 appellando.
1139 2088 1551 2156 Lascivientis
1580 2091 1763 2155 animi
1796 2093 2035 2156 fuerunt
2066 2093 2244 2158 etiam
2277 2094 2549 2157 carmina

506 2193 836 2278 probrosa,
884 2195 1095 2278 quibus
1137 2191 1480 2258 Pollionem
1522 2191 1732 2275 (Suet.
1766 2192 1947 2259 Dom.
1984 2193 2094 2277 1),
2156 2206 2221 2258 et
2264 2192 2550 2276 Quintia-

507 2317 683 2375 num,
731 2297 966 2362 mollem
1012 2297 1208 2361 virum
1255 2294 1449 2380 (Tac.
1496 2295 1665 2358 Ann.
1711 2293 1861 2374 XV,
1898 2294 2010 2380 49)
2058 2297 2382 2383 proscidit,
2432 2318 2548 2380 quo

505 2398 775 2484 pertinet
830 2401 984 2483 quod
1043 2400 1291 2464 tradidit
1349 2396 1682 2464 Suetonius
1730 2398 1923 2483 (Ner.
1969 2399 2122 2482 24>=
2192 2400 2552 2485 Aurtgavit

504 2505 749 2587 quoque
779 2501 1194 2585 plnrzsariam
1212 2552 1234 2579 ,
1308 2504 1612 2590 Olympiis·
1671 2523 1814 2566 vet-o
1873 2504 2056 2565 etiam
2101 2501 2542 2588 decemiugem‚

508 2603 785 2688 quaml-is
838 2604 910 2667 id
964 2607 1160 2689 ipsum
1219 2609 1281 2669 in
1337 2627 1496 2692 rege
1537 2603 1920 2670 Mithridate
1963 2606 2236 2667 carmine
2279 2604 2549 2690 quodam

505 2724 619 2768 suo
661 2704 1183 2791 reprehendisset.
1247 2706 1554 2772 Permulta
1588 2708 1851 2771 carmina
1876 2754 1893 2785 ,
1941 2727 2093 2790 quae
2136 2707 2209 2770 ad
2256 2707 2550 2772 citharam

506 2808 748 2887 cecinit,
781 2808 910 2892 ipse
940 2808 1184 2873 videtur
1213 2811 1641 2894 composuisse.
1687 2808 1918 2872 Locum
1938 2807 2289 2872 Philostrati
2310 2810 2548 2893 (Apoll.

507 2908 708 2996 Tyan.
739 2908 858 2986 IV,
893 2908 1008 2993 39>
1057 2912 1434 2991 adscribam,
1483 2912 1581 2994 qui
1628 2912 1848 2990 docet,
1894 2921 2116 2994 quanto
2160 2921 2304 2975 tunc
2346 2912 2549 2975 studio

508 3011 776 3075 carmina
821 3013 953 3077 eius
997 3023 1245 3097 accepta
1275 3014 1420 3077 sint.
1481 3009 1634 3082 Ἐπὶ
1679 3012 1911 3099 κῶμον
1957 3018 2221 3101 ἔρχεται
2247 3009 2549 3098 μεθύων

505 3108 915 3200 ἅνθρωπος,
966 3107 1085 3182 οὐκ
1116 3109 1442 3201 α’γροικῶς
1470 3115 1593 3200 τῆς
1634 3116 1864 3204 φωνῆς
1907 3119 2082 3205 ἔχων
2108 3135 2124 3152 ·
2170 3110 2433 3204 περιῄει
2472 3113 2551 3183 δὲ

506 3209 643 3299 ἄρα
702 3212 917 3305 κύκλῳ
977 3214 1107 3303 τήν
1165 3213 1432 3304 Ῥώμην
1489 3216 1718 3307 ᾄδων
1779 3214 1879 3287 «ια’
1936 3218 2084 3285 τοῦ
2135 3216 2552 3301 Νέρωνος

504 3317 717 3406 μέλη
760 3320 873 3387 καὶ
930 3320 1468 3408 μεμισθωμένος
1523 3319 1745 3389 τοῦτο.
1803 3358 1890 3368 -
1946 3314 2552 3408 Ἀναβαλλόμενος

507 3415 629 3488 οὖν
690 3417 871 3498 ὅπως
927 3422 1155 3491 εἰώθει
1210 3423 1323 3490 καὶ
1378 3419 1645 3512 βραχύν
1702 3420 2062 3497 διεξελθών
2124 3417 2353 3508 ὕμνον
2422 3427 2552 3489 τοῦ

507 3522 873 3610 Νέρωνος,
918 3529 1122 3613 ἐπῆγε
1162 3523 1338 3611 μέλη
1379 3524 1464 3592 τοὶ
1509 3528 1645 3611 μὲν
1686 3528 1751 3601 ἐξ
1793 3521 2200 3613 Ὀρεστείας,
2245 3523 2330 3592 «ια’
2376 3523 2449 3593 δὲ
2478 3529 2550 3601 ἐξ

505 3617 930 3711 Ἀντιγόνης,
984 3625 1068 3693 τά
1129 3623 1201 3693 δ’
1237 3622 1503 3696 ὁπόθεν
1558 3628 1731 3714 γοῦν
1782 3629 1917 3695 τῶν
1967 3625 2551 3715 τραγῳδουμένων

510 3724 721 3816 αὐτῷ’
768 3732 882 3793 καὶ
909 3722 1084 3818 ῷὸοἶς
1113 3733 1465 3818 ἔκαμπτεν
1486 3781 1508 3810 ,
1554 3727 1814 3804 ὁπόσας
1844 3729 2091 3814 Νέρων
2121 3728 2375 3815 ἐλύγιζέ
2413 3740 2435 3772 ¹
2473 3754 2548 3796 τε

509 3829 620 3896 καὶ
664 3821 877 3903 κακῶς
918 3835 1271 3917 ἔστρεφεν·
1317 3828 1688 3919 α’ργότερον
1730 3831 1801 3899 δὲ
1847 3827 2305 3919 ἀκροωμένων
2350 3825 2388 3897 ὁ
2415 3836 2552 3918 μὲν

510 3921 917 4019 οἷσεβεῖσθαι
948 3933 1240 4019 Νέρωνα
1281 3928 1406 4000 ὑπ’
1437 3927 1981 4022 αὐτῶνζέφασκε,
2025 3934 2138 4002 καὶ
2179 3931 2554 4021 πολεμίους

516 4061 539 4141 i
581 4086 663 4140 cf.
703 4087 842 4141 Pers.
880 4059 922 4150 l,
962 4090 1056 4142 352
1096 4093 1280 4141 tenero
1316 4090 1641 4157 supplantat
1674 4091 1831 4144 verba
1860 4089 2072 4157 palato.
2121 4105 2124 4108 ·
2173 4122 2181 4132 ·

500 4435 673 4600 N
