2764 4738
565 417 691 487 282
1365 423 1536 484 SAT.
1566 423 1639 497 V,
1667 429 1710 486 4
1726 459 1813 470 -—-
1827 429 1888 487 8.

564 603 827 673 quantum
856 595 1013 666 scio,
1061 592 1266 654 tradita
1308 614 1420 654 nou
1450 604 1598 655 sunt.
1657 593 1898 654 Parthus
1925 591 2205 673 quomodo
2229 591 2438 653 dicatur
2463 594 2575 653 fen-

562 698 683 738 rum
725 679 798 737 ah
838 680 1066 757 inguine
1098 678 1309 739 ducere
1337 700 1447 739 non
1478 692 1571 740 est
1600 691 1843 739 eertum.
1893 677 1957 737 Si
1999 680 2248 737 vulnera
2279 679 2485 738 Partha·
2504 680 2578 736 ita

564 765 917 843 accipiuntur
957 776 1019 824 ut
1061 762 1208 844 apud
1257 765 1455 824 Horat.
1496 776 1605 824 sat.
1637 764 1708 836 ll,
1741 771 1798 836 1,
1834 769 1947 826 152
2015 763 2135 822 Aut
2172 764 2404 823 labentis
2441 783 2579 842 equo

564 848 837 909 describit
877 850 1113 909 vulnera
1157 850 1384 923 Parthi,
1428 848 1500 910 de
1537 851 1832 910 vulnerato
1854 894 1873 926 ‚
1920 847 2125 908 dicitur
2150 852 2201 909 is
2225 850 2301 909 ab
2327 851 2579 927 mgnt‘ne,

565 954 675 1014 quo
705 936 833 994 loco
862 936 1340 1014 periculosissimo
1368 937 1569 995 vulnus
1596 937 1848 1015 accepit,
1873 933 2121 1013 serrum
2156 936 2365 993 ducere
2401 953 2581 993 secum

564 1021 814 1079 trahere.
849 1024 1035 1101 Atque
1057 1021 1199 1080 haec
1221 1018 1568 1080 accederent
1594 1020 1664 1080 ad
1695 1031 1967 1080 moestam
2000 1018 2376 1097 tragoediam:
2404 1028 2585 1098 potest

562 1124 700 1164 vero
732 1105 820 1165 his
849 1125 933 1164 vs.
960 1105 1267 1184 descriptio
1303 1108 1582 1165 contineri
1598 1108 1771 1165 moris
1806 1107 1976 1164 armis
1994 1104 2185 1164 utendi
2214 1105 2432 1164 Parthis
2460 1124 2583 1184 pro-

565 1192 691 1269 prii.
723 1193 954 1250 Ducere
980 1210 1196 1261 ensem,
1229 1210 1559 1250 mueronem
1575 1202 1744 1262 cett.,
1775 1210 1862 1251 sc.
1885 1210 1918 1250 e
1938 1192 2160 1268 vagina,
2195 1192 2454 1250 usitatum
2481 1199 2587 1260 est,

566 1277 642 1335 cf.
674 1274 777 1335 Sil.
806 1276 871 1335 lt.
904 1276 1004 1345 IX,
1033 1280 1157 1339 314
1188 1277 1260 1335 el.
1290 1276 1443 1346 VIII,
1473 1280 1619 1339 340.
1652 1276 1865 1336 Seuec.
1899 1274 2042 1335 Oed.
2079 1279 2227 1337 935.
2258 1277 2417 1353 Virg.
2447 1275 2585 1334 Aen.

563 1361 693 1431 XII,
719 1365 880 1434 3783
916 1361 972 1420 h.
996 1361 1031 1420 l.
1047 1361 1291 1441 serrum
1317 1372 1480 1421 esset
1505 1361 1697 1421 Parthi
1733 1361 1972 1439 insignis
2002 1362 2230 1438 sagitta,
2262 1381 2419 1441 qua·
2445 1358 2589 1419 ducit

565 1466 600 1505 e
627 1446 912 1524 pharetra.
959 1444 1123 1519 Quod
1157 1447 1301 1505 haue
1329 1447 1406 1506 ab
1435 1449 1681 1524 inguine
1709 1446 1862 1505 ducit
1887 1456 1974 1517 (ut
1998 1449 2231 1505 Aeneas
2262 1445 2405 1526 apud
2430 1445 2585 1521 Vin-g.

565 1532 713 1591 Aen.
754 1531 830 1602 X,
873 1535 997 1593 788
1040 1552 1237 1592 ensem
1284 1533 1454 1610 eripit
1492 1552 1527 1591 a
1571 1533 1814 1605 femore)
1861 1529 1919 1589 id
1947 1530 2283 1590 Parthorum
2314 1530 2586 1609 singulare

566 1618 745 1676 fuisse
786 1614 1028 1676 videtur.
1081 1615 1223 1675 Nam
1256 1615 1601 1676 Graecorum
1633 1637 1754 1676 mos
1785 1618 1891 1678 fuit
1913 1616 2240 1696 pharetram
2270 1636 2345 1676 ex
2371 1616 2589 1674 humero

566 1713 832 1779 portare,
876 1712 936 1759 ut
976 1704 1031 1760 in
1074 1702 1215 1760 artis
1257 1704 1631 1761 monumentis
1668 1703 1867 1762 facere
1907 1701 2096 1761 solent
2119 1701 2360 1781 Apollo,
2396 1700 2592 1772 Diana,

567 1786 844 1846 Hercules
873 1786 1002 1858 alii3
1047 1798 1243 1846 contra
1273 1788 1510 1846 orientis
1540 1787 1765 1866 populi,
1806 1787 1856 1844 si
1885 1797 2047 1846 recte
2080 1787 2415 1857 observavi,
2456 1785 2592 1865 pha·

566 1881 774 1931 retram
800 1868 870 1929 ad
901 1871 1067 1930 imum
1094 1871 1238 1931 latus
1264 1870 1678 1949 dependentem
1710 1871 1940 1941 hahent,
1971 1890 2027 1929 e.
2044 1890 2106 1949 g.
2141 1871 2466 1931 Amazones
2494 1871 2590 1944 (cf.

563 1954 713 2015 Mus.
745 1953 937 2014 Pourt.
965 1966 1007 2015 t.
1039 1959 1147 2018 35.
1193 1955 1385 2016 Mieali
1409 1955 1567 2016 Mon.
1610 1968 1652 2015 t.
1685 1955 1750 2027 C,
1782 1960 1842 2017 4.
1877 1954 2049 2015 Gerh.
2083 1955 2317 2015 Auserl.
2348 1954 2592 2016 Vaseuh.

566 2052 610 2099 t.
652 2044 791 2103 102.
836 2040 1043 2100 Muller
1071 2061 1219 2100 mon.
1248 2054 1355 2101 art.
1387 2051 1508 2100 aut.
1536 2052 1577 2100 t.
1610 2046 1712 2110 31,
1750 2045 1930 2113 138),
1983 2040 2146 2099 Paris
2178 2044 2355 2114 (iuter
2385 2052 2593 2101 statuas

562 2124 932 2203 Aegineticas
952 2168 971 2197 ‚
1018 2124 1177 2185 unu.
1210 2126 1245 2187 Ι.
1278 2125 1319 2187 l.
1353 2136 1397 2185 t.
1426 2126 1556 2185 VIII
1582 2126 1672 2197 B.)
1706 2137 1767 2186 et
1798 2129 1893 2205 qui
1921 2127 1977 2185 iu
2002 2128 2238 2204 picturis
2269 2127 2595 2186 vasculariis

564 2220 869 2289 tamaepe
887 2222 1193 2271 occurrunt
1215 2213 1497 2289 sagittarii
1513 2212 1763 2291 Phrygio
1791 2213 1999 2271 vestitu
2024 2214 2209 2271 ornati
2229 2211 2395 2285 (Cab.
2414 2212 2596 2271 Pourt.

562 2306 609 2354 t.
645 2298 742 2357 12.
786 2295 959 2356 Gerh.
992 2296 1082 2355 l.l.
1103 2307 1142 2356 t.
1166 2300 1333 2367 138).
1402 2297 1542 2356 Tum
1573 2297 1764 2356 Parthi
1793 2295 2028 2356 vulnera
2048 2309 2179 2356 sunt
2202 2316 2351 2378 quae
2380 2298 2472 2357 ille
2506 2294 2599 2355 dat

564 2382 666 2454 (cf.
696 2381 859 2460 Virg.
892 2382 1038 2442 Aen.
1068 2384 1137 2451 Π,
1166 2387 1310 2446 436.
1358 2382 1528 2461 Prop.
1561 2384 1606 2454 Ι,
1633 2389 1689 2454 1,
1720 2386 1819 2445 13.
1866 2382 2027 2443 ovid.
2057 2383 2198 2442 Met.
2228 2384 2332 2455 1X,
2369 2388 2541 2456 583).

733 2487 791 2526 v.
821 2472 1050 2531 5—18.
1084 2469 1240 2528 Hanc
1266 2469 1678 2547 praefationem
1705 2488 1970 2527 exorsum
1999 2479 2224 2548 poetam
2248 2470 2602 2548 interrumpit

562 2551 726 2622 alius,
759 2572 944 2632 quem,
976 2554 1104 2634 quia
1132 2565 1333 2632 postea
1366 2553 1437 2612 ad
1472 2554 1779 2614 Cornutum
1806 2556 2159 2613 convertitur
2185 2556 2395 2628 oratio,
2423 2556 2600 2633 aptis·

562 2638 759 2696 simum
790 2636 1014 2698 videtur
1043 2639 1346 2698 Cornutum
1379 2649 1617 2717 putare,
1659 2651 1720 2699 et
1748 2638 1878 2719 quid
1910 2637 2132 2699 tandem
2161 2641 2270 2711 sit,
2311 2638 2463 2720 quod
2493 2652 2600 2698 tam

561 2721 760 2800 grandi
792 2723 945 2781 hiatu
968 2735 1166 2783 eontra
1192 2744 1348 2782 suum
1376 2744 1590 2783 morem
1616 2727 1936 2803 promittat,
1968 2745 2044 2784 ex
2077 2745 2149 2784 eo
2177 2727 2422 2804 quaerit.
2465 2726 2522 2785 Is
2546 2727 2601 2784 ia

559 2807 827 2885 imagine,
857 2828 1018 2888 quam
1036 2810 1545 2886 praebentuwra
1573 2811 1912 2888 εἰὶὑιςτιαε,
1934 2811 2250 2887 persistens
2283 2810 2386 2882 ait,
2417 2831 2600 2889 quan·

561 2903 657 2952 tas
683 2894 917 2952 robusti
937 2896 1193 2953 eae-mt‘m’
1212 2893 1371 2975 offas
1395 2898 1641 2972 inger-a
1691 2894 1832 2976 Offa
1859 2897 2007 2955 enim
2024 2937 2043 2964 ,
2076 2905 2136 2953 ut
2166 2895 2246 2954 ait
2269 2895 2428 2955 Fest.
2456 2916 2513 2955 s.
2545 2916 2597 2955 v.

554 2980 839 3057 penitam,
872 2978 943 3037 ab
974 2981 1216 3059 antiquis
1251 2980 1564 3039 vocabatur
1589 2980 1896 3040 abscissum
1924 2980 2077 3057 globi
2095 2981 2313 3057 forma,
2344 2991 2409 3040 ut
2436 3000 2598 3040 manu

558 3060 876 3141 glomerata
919 3064 1077 3142 puls3
1123 3075 1182 3123 et
1221 3063 1293 3123 de
1324 3066 1521 3124 avibus
1550 3064 1874 3142 saginandis
1900 3066 2246 3143 potissimum
2279 3077 2596 3145 usurpatur,

558 3148 638 3207 cf.
671 3148 860 3208 Varro
890 3148 959 3208 R.
982 3148 1049 3208 R.
1076 3149 1168 3221 111,
1198 3156 1257 3211 5.
1290 3150 1505 3210 Colum.
1532 3149 1683 3221 VIII,
1711 3154 1771 3212 3.
1815 3151 2131 3210 Robustum
2158 3149 2229 3210 de
2260 3152 2405 3210 cihis
2437 3170 2597 3211 usur-

559 3244 757 3313 patur,
789 3253 1028 3314 eumque
1059 3236 1370 3310 siguificat,
1413 3237 1505 3313 qui
1536 3236 1763 3295 multum
1794 3235 2112 3294 alimentum
2139 3237 2193 3295 in
2225 3255 2293 3295 se
2323 3238 2594 3307 continet,

558 3338 613 3376 v.
633 3318 783 3377 Cels.
804 3319 874 3390 ll,
899 3324 994 3392 18,
1010 3326 1068 3381 5.
1102 3319 1245 3379 Ptin.
1266 3320 1373 3380 XV
1377 3320 1474 3391 Ill,
1507 3326 1606 3391 17,
1636 3325 1755 3392 ⁴63
1801 3325 1904 3391 30,
1935 3325 2038 3382 72.
2093 3322 2386 3398 Inger-ere
2413 3332 2592 3381 autem

558 3402 630 3463 de
662 3405 828 3463 nimia
859 3405 986 3464 fere
1017 3409 1181 3482 copia
1211 3404 1545 3477 adhibetur,
1576 3407 1655 3464 cs.
1682 3406 1818 3464 Seu.
1833 3426 1961 3484 epp.
1979 3405 2107 3481 ΧΠ,
2129 3411 2226 3468 10.
2258 3406 2478 3477 XXIX,
2498 3412 2592 3469 15.

557 3488 678 3560 CV,
709 3493 769 3551 3.
803 3489 1005 3561 CXIV,
1034 3494 1140 3552 23.
1204 3493 1284 3550 Ut
1310 3510 1437 3568 par·
1473 3493 1562 3550 sit
1586 3502 1827 3550 centeno
1854 3501 2107 3567 gutture
2135 3493 2284 3564 niti,
2316 3502 2383 3551 ut
2410 3493 2481 3550 iis
2517 3494 2591 3551 uti

561 3572 1143 3604 ·············
1190 3576 1256 3643 ¹1,
1293 3581 1395 3646 14)
1442 3576 1707 3635 locuturi
1743 3577 2022 3635 Helieone
2062 3586 2140 3649 (v.
2168 3577 2320 3656 prol.
2350 3579 2453 3646 in.)
2496 3598 2592 3636 ne·

1229 3659 1246 3718 l
1278 3662 1358 3720 ait
1385 3657 1654 3721 Horatius
1701 3661 1797 3734 (Α.
1835 3661 1899 3720 Ρ.
1924 3665 2074 3734 230)
2111 3659 2293 3721 nubes
2325 3673 2388 3721 et
2412 3664 2592 3722 inuia

1235 3748 1525 3822 Thyestae
1553 3746 1779 3805 fabulae
1812 3748 2142 3806 notissimae
2170 3758 2303 3805 suut
2327 3758 2392 3807 et
2417 3768 2452 3807 a
2483 3759 2589 3807 tra·

1229 3832 1361 3890 [eeis
1381 3873 1401 3902 ,
1436 3851 1599 3911 quam
1650 3831 1912 3890 Romanis
1944 3851 2121 3910 saepe
2151 3842 2475 3905 tractatae,
2514 3834 2588 3892 cl'.

1229 3917 1367 3993 frag.
1415 3937 1471 3994 p.
1507 3921 1673 3979 1494
1701 3936 1789 3996 sq.
1854 3917 2158 3996 Utrumque
2203 3930 2588 3996 argumentum

1229 4000 1536 4061 :damatam
1566 4022 1700 4061 esse
1742 4004 1912 4060 docet
1950 4002 2144 4061 Iuveu.
2176 4002 2304 4073 VII,
2341 4009 2446 4066 12.
2480 4010 2585 4075 723

1229 4107 1321 4148 ero
1366 4087 1505 4160 (luv.
1551 4087 1702 4159 VIII,
1746 4090 1916 4159 228).
1982 4088 2157 4148 Terei
2198 4098 2258 4147 et
2302 4089 2584 4170 Thyestae
