2764 4738
710 428 975 493 scum..
1018 431 1126 492 Au
1174 431 1338 493 sA'r.
1382 433 1429 507 1,
1475 438 1612 496 5-
1638 438 1738 497 11.
1775 496 1780 501 ,
2111 429 2241 498 249

374 605 436 663 5.
492 601 750 679 Nugae!
826 601 953 661 Vim
1022 603 1195 664 hahet
1261 604 1741 683 reprehensionis.
1980 605 2240 665 Turbida

187 686 399 744 Roma.
456 685 547 743 Ab
577 704 720 766 aqna
751 688 1082 759 translati03
1128 690 1219 748 vel
1249 689 1397 769 qnod
1428 690 1611 748 multis
1642 689 1903 767 gentihus
1933 691 2239 769 repleatur.

376 774 436 833 6.
482 773 723 842 Elevet‚
758 772 925 831 altum
958 775 1133 833 faciat
1163 775 1439 833 laudando
1459 818 1475 846 ,
1517 776 1607 834 vel
1637 777 1877 834 incuset.
2050 779 2241 834 Acce-

191 856 309 915 des
331 898 348 927 ‚
429 858 785 915 assentiaris.
1010 862 1347 919 Examenve
1413 860 1732 939 improbum
1752 905 1769 932 ,
1834 856 2243 941 ἀλληγορικῶς

189 939 369 1012 dicit,
415 941 527 1000 hoc
557 952 678 1012 est,
724 961 834 1000 non
878 940 1088 1003 dehere
1134 948 1331 1026 quaeri
1370 945 1633 1004 iudicium
1679 947 1734 1004 in
1765 946 1982 1024 vulgari
2013 944 2240 1016 iudicio,

190 1046 327 1085 cum
375 1027 434 1084 in
478 1046 550 1086 co
599 1028 854 1107 aequitas
903 1048 1012 1087 non
1070 1032 1160 1089 sit.
1363 1037 1390 1068 ¹*
1431 1035 1772 1091 Examen
1826 1026 2066 1089 a'utem
2126 1040 2243 1089 est

189 1112 462 1191 lingua
498 1118 523 1152 ²
558 1113 678 1171 vel
737 1114 1013 1192 lignum
1053 1119 1110 1187 2,
1168 1114 1356 1196 quod
1418 1114 1721 1176 mediam
1766 1116 2050 1175 hastam
2088 1119 2116 1156 ⁸
2154 1113 2239 1174 ad

188 1198 544 1277 pondera
590 1196 1075 1279 adaequanda
1116 1198 1412 1261 tenet.*
2215 1196 2316 1255 s

375 1287 438 1344 7.
482 1286 511 1318 *
549 1285 967 1361 Castigare
1026 1296 1267 1345 autem
1326 1296 1447 1345 est
1489 1285 1737 1366 digito
1781 1287 2031 1346 libram
2077 1304 2242 1363 per-

190 1379 474 1427 cutere
505 1372 562 1439 ⁴,
607 1378 682 1427 ut
721 1379 1222 1449 temperetur,
1264 1382 1338 1430 et
1379 1391 1559 1450 prae
1600 1374 2026 1451 agitatione
2073 1379 2243 1449 post

189 1454 265 1512 in
314 1472 629 1534 aequum
667 1457 692 1494 ⁵
731 1458 1254 1535 conquiescat.
1351 1459 1683 1517 Trutina
1739 1478 1917 1517 vero
1977 1467 2092 1516 est
2142 1457 2242 1514 fo·

189 1558 473 1610 ra-men,
522 1541 727 1597 intra
772 1539 961 1619 quod
1006 1554 1125 1600 est
1157 1543 1464 1619 lingula,
1496 1541 1580 1602 de
1612 1563 1747 1623 qua
1780 1542 2240 1602 examinatio

189 1636 337 1683 cst.
370 1622 399 1650 ’
568 1625 695 1684 Nec
738 1634 798 1683 te
835 1630 1198 1704 quaesiveris
1228 1638 1441 1699 extra,
1491 1628 1546 1686 id
1580 1639 1702 1699 est,
1734 1628 1844 1687 noli
1878 1628 2137 1687 iudicium
2168 1624 2241 1684 de

190 1719 254 1769 te
287 1710 652 1769 extrinsecus
681 1730 1001 1790 quaerere,
1045 1732 1191 1793 quae
1232 1723 1323 1772 est
1354 1713 1604 1772 Chilonis
1639 1712 2074 1774 Lacedaemonii
2105 1731 2242 1771 sen·

191 1797 379 1855 tentia
410 1798 456 1852 ⁶.

374 1884 439 1941 8.
487 1881 641 1940 Nam
677 1882 890 1940 Romae
934 1884 1066 1960 quis
1109 1902 1225 1941 non
1243 1887 1274 1941 ?
1329 1882 1391 1943 In
1435 1883 1676 1962 populo,
1722 1885 1930 1964 inquit,
1975 1885 2099 1964 quis
2128 1903 2240 1942 non

194 1979 289 2026 est
320 1965 479 2025 rudis
511 1977 571 2026 et
598 1967 931 2045 imperitus?

375 2056 442 2114 9.
497 2053 658 2112 Tune
688 2072 815 2111 eum
855 2054 939 2111 ad
961 2054 1232 2111 canitiem
1255 2095 1272 2123 ,
1321 2073 1447 2112 cum
1477 2055 1596 2112 risu
1626 2053 2119 2133 pronunciandum.
2179 2052 2241 2115 Id

192 2150 327 2207 est,
389 2157 514 2196 eum
573 2136 642 2195 ad
685 2157 857 2196 senes
912 2140 1154 2216 respicio
1200 2149 1423 2216 poetas,
1624 2142 1708 2199 Et
1764 2151 2026 2199 nostrum
2082 2141 2247 2199 istud

193 2226 402 2282 vivere
440 2224 610 2282 triste
628 2267 648 2293 ,
684 2223 861 2300 ligura
892 2242 1105 2300 graeca
1136 2233 1226 2282 est
1257 2243 1358 2302 pro
1389 2235 1652 2283 nostram
1684 2227 1860 2284 vitam
1891 2228 2135 2285 tristem.

379 2312 477 2369 1⁰.
520 2307 785 2367 Nueibus
825 2310 1085 2381 retu-122³,
1138 2308 1280 2368 ludis
1323 2310 1631 2388 puerilibus
1679 2310 1949 2390 depositis
1986 2316 2027 2369 ⁷.

380 2399 477 2455 11.
532 2396 673 2452 Cum
712 2396 974 2472 sapimus
1012 2405 1288 2474 patruos.
1348 2396 1661 2475 Eleganter
1696 2407 1951 2476 patruos
1964 2441 1986 2469 ‚
2031 2395 2088 2456 id
2131 2407 2241 2469 est,

193 2500 324 2540 cum
357 2499 549 2538 veram
579 2482 944 2538 severitatem
977 2483 1242 2559 sapimus.
1305 2479 1500 2539 Patrui
1544 2483 1688 2541 enim
1722 2485 1909 2541 severi
1942 2484 2093 2541 eirca
2125 2484 2244 2541 fra-

194 2577 346 2624 trum
392 2564 555 2623 lilios.
656 2560 678 2583 ⁶
710 2566 843 2622 Sic
892 2567 1162 2624 Cicero
1198 2569 1259 2624 ⁸.-
1320 2567 1791 2644 obiurgavit
1854 2569 2238 2638 Coelium,

196 2661 286 2710 ut
324 2651 631 2728 quidam
669 2660 1005 2727 patruus
1043 2670 1337 2709 censor.
1363 2651 1393 2678 *
1480 2652 1744 2710 Horatius
1782 2658 1838 2711 ⁹:
1916 2685 1923 2690 ›

537 2737 845 2793 metuentis
866 2745 1126 2813 patruae
1169 2737 1419 2795 verbera
1452 2738 1711 2814 linguae.

202 2822 370 2880 Tunc
385 2863 407 2891 ‚
466 2829 605 2878 tune
618 2863 639 2890 ,
701 2821 985 2898 ignoscite
1008 2865 1025 2892 ,
1074 2824 1207 2880 nolo
1227 2866 1244 2893 ,
1313 2817 1605 2899 ἔκλειψις,
1655 2842 1736 2880 se.
1782 2819 1976 2881 dicere
2027 2822 2119 2881 vel
2165 2822 2243 2879 ri-

195 2906 367 2967 dere.
432 2905 591 2965 Tunc
635 2907 974 2986 praecipue:
1017 2907 1109 2966 vel
1140 2917 1231 2966 est
1260 2910 1618 2966 asseveratio
1649 2904 1813 2966 valde
1846 2905 2118 2980 dolentis,
2149 2918 2240 2966 utz

198 3094 226 3146 1
273 3090 484 3155 lingula
523 3089 733 3141 Fabric.
774 3089 941 3142 Orell.

196 3164 234 3217 2
272 3161 445 3210 linum
471 3159 736 3210 Schrevel.
769 3161 939 3223 filum
964 3160 1021 3212 C.
1050 3160 1231 3212 Barth.
1259 3162 1432 3213 Advv,
1458 3160 1581 3214 Mss.
1613 3161 1740 3224 cm,
1769 3163 1857 3215 21.

195 3231 231 3282 3
272 3235 542 3279 stateram
570 3228 629 3278 C.
663 3229 837 3279 Barth.
865 3230 902 3279 l.
931 3229 970 3280 l.

194 3301 232 3351 4
265 3312 591 3363 percurrere
621 3296 842 3348 Casanh.

200 3370 233 3420 6
265 3381 372 3434 per
402 3368 762 3430 agitationem
800 3371 928 3432 post
962 3369 1019 3416 in
1059 3381 1176 3432 aeq.
1210 3366 1291 3417 cd.
1325 3366 1493 3434 princ.
1534 3367 1593 3419 C.
1616 3367 1794 3420 Barth.
1826 3368 1865 3419 1.
1894 3368 1932 3419 1.
1961 3373 2094 3434 post
2129 3370 2246 3434 ogi-

275 3437 535 3485 tationem
559 3437 615 3483 in
643 3450 760 3500 aeq.
800 3436 916 3485 cod.
955 3433 1082 3486 Tur.

198 3507 233 3557 6
271 3503 463 3553 Γνῶθι
498 3500 743 3553 σεαυτόν.

200 3575 233 3628 ’1
273 3572 324 3621 ln
363 3571 476 3621 cod.
515 3569 636 3622 Par.
674 3572 811 3624 8272
850 3570 943 3622 hoc
980 3572 1138 3622 schol.
1177 3579 1290 3623 este
1330 3571 1529 3636 „Pueri
1568 3575 1857 3635 meritorii,
1896 3574 1950 3625 id
1989 3581 2070 3624 est
2104 3581 2245 3624 cata·

269 3641 409 3691 mimi
446 3640 507 3702 (l.
541 3641 834 3704 catamiti),
872 3641 1055 3706 quibus
1093 3641 1309 3692 licenter
1341 3643 1623 3693 utebantur
1656 3643 1891 3709 antiqui,
1941 3644 2244 3694 recedentes

271 3724 302 3760 ι
341 3710 482 3775 turpi
531 3709 745 3759 servitio
797 3725 954 3760 nuces
989 3710 1327 3775 spargebant,
1384 3718 1440 3761 ut
1478 3712 1866 3776 significarent,
1929 3726 1984 3762 sc
2021 3713 2244 3778 puerilia

270 3785 458 3898 canscta
493 3792 737 3845 spernere
775 3786 828 3828 et
863 3780 915 3829 in
955 3780 1115 3830 robur
1167 3779 1320 3830 virile
1355 3781 1604 3831 venire.“
1644 3808 1707 3818 —
1746 3781 1826 3832 Cf.
1866 3781 2057 3832 Catull.
2101 3779 2241 3846 LXI,

277 3847 299 3899 1
397 3863 420 3896 s
494 3882 509 3895 .

200 3915 237 3968 8
272 3916 382 3967 Cic.
423 3861 489 3981 :iq
511 3914 656 3965 Cael.
699 3914 782 3977 11,
821 3914 909 3975 25,
948 3913 1037 3964 uhi
1074 3914 1146 3964 ita
1181 3915 1403 3979 legitnrz
1442 3917 1578 3968 Fuit
1611 3921 1666 3967 in
1708 3918 1810 3967 liae
1845 3933 2008 3969 eausa
2038 3920 2245 3985 pertri-

269 3988 374 4034 stis
400 3983 619 4050 quidam
647 3989 917 4050 patruus,
965 3998 1178 4047 censor,
1218 3988 1514 4051 mog-ister,
1552 3987 1862 4053 obiurgavit
1888 3986 1963 4038 M.
2002 3987 2241 4040 Caelium

272 4057 418 4103 sieut
448 4057 714 4103 neminem
751 4067 990 4118 unquam
1022 4066 1245 4118 parens.

202 4123 235 4173 9
269 4120 395 4174 nor.
434 4136 595 4174 mn.
634 4120 720 4184 ιη,
761 4122 848 4185 12,
884 4123 919 4177 2
946 4135 1023 4187 sq.
