2764 4738
903 410 1069 472 SA‘r.
1102 412 1147 483 1,
1179 416 1259 474 58
1290 443 1380 492 -2
1408 416 1508 475 63.
2137 408 2222 474 93

231 577 415 651 nodos,
443 579 633 659 quihus
678 577 1016 640 derisionem
1062 583 1384 661 significare
1425 579 1702 641 solebant.
1749 580 1837 639 Cl'.
1885 579 2118 661 Grysar.
2163 585 2221 642 in

231 665 490 724 Welckeri
518 676 576 725 et
604 665 810 725 Naekii
841 666 988 725 Mus.
1019 667 1199 727 Rhen.
1224 667 1275 726 11
1304 688 1358 747 p.
1392 672 1493 729 42.
1524 664 1772 725 Eosdem
1817 680 2219 728 commemorat

229 753 306 829 qui
331 751 385 809 h.
416 750 451 809 Ι.
480 752 767 830 expressit
806 751 1182 832 Hieronymus
1229 760 1349 832 (ep.
1384 752 1463 812 1v
1494 749 1693 829 [XCV]
1724 761 1766 810 t.
1798 750 1897 822 lv,
1928 756 1968 813 2
1998 773 2057 831 p.
2094 758 2219 817 776

227 835 396 905 Bes.):
438 834 523 896 Ne
551 834 758 895 credas
790 835 1174 897 laudatoribus
1205 840 1336 909 tuis,
1368 839 1533 896 immo
1564 836 1890 895 irrisoribus
1921 856 2115 897 aurem
2145 857 2218 898 ne

230 919 440 980 libenter
477 919 900 994 accommodes,
961 924 1056 1002 qui
1114 942 1237 982 cum
1283 934 1341 982 te
1387 919 1798 982 adulationihus
1858 922 2106 983 foverint
2161 933 2225 983 et

229 1003 595 1084 quodammodo
640 1007 902 1085 impotem
946 1008 1149 1066 mentis
1194 1007 1523 1069 effecerint.
1566 1007 1616 1065 si
1647 1005 1832 1065 subito
1872 1009 2221 1085 respexeris,

228 1101 307 1148 ant
329 1094 674 1151 ciconiarum
705 1090 1099 1171 deprehendes
1144 1104 1275 1171 post
1302 1103 1361 1152 te
1394 1093 1548 1151 colla
1583 1094 1863 1163 curvari,
1906 1103 2004 1152 aut
2044 1112 2221 1152 manu

228 1176 499 1234 aem‘calas
516 1179 756 1254 agitari
765 1179 947 1248 asini,
969 1188 1066 1236 aut
1077 1180 1408 1237 aestuantis
1443 1179 1609 1236 canis
1630 1179 1916 1254 protendi
1936 1179 2218 1254 linguam.

225 1258 287 1318 Et
309 1258 372 1319 de
400 1263 622 1321 ciconia
647 1259 796 1321 idem
827 1262 906 1320 ait
935 1261 1105 1341 (prol.
1140 1264 1196 1321 in
1231 1261 1480 1341 Sophon.
1529 1272 1570 1320 t.
1603 1260 1681 1319 111
1711 1281 1769 1340 p.
1812 1265 1973 1324 1642
2017 1261 2221 1336 Ben.)=

224 1343 484 1424 Nunquam
515 1357 648 1426 post
675 1357 893 1425 tergum
924 1366 1111 1407 meum
1140 1367 1370 1407 manum
1402 1349 1791 1406 incurvarent
1825 1349 1885 1406 in
1919 1349 2219 1410 ciconiam.

226 1427 357 1490 Unde
397 1441 550 1510 patet
592 1430 799 1510 digitos
842 1433 923 1490 ita
965 1433 1236 1491 formatos
1281 1451 1416 1492 esse
1459 1443 1518 1493 et
1555 1433 1705 1491 inter
1733 1450 1798 1491 se
1840 1433 2104 1504 collisos,
2162 1443 2226 1492 ut

224 1525 436 1575 rostrum
466 1518 798 1596 crepitantis
826 1517 1081 1577 ciconiae
1112 1519 1485 1588 imitarentur,
1515 1515 1661 1576 uude
1692 1537 1747 1575 v.
1769 1520 1966 1594 pinsit
1991 1517 2222 1577 Persius

222 1602 397 1677 posuit.
440 1600 782 1661 Notissimus
827 1601 1106 1681 hodieque
1151 1600 1299 1681 apud
1340 1603 1512 1662 Italos
1556 1604 1611 1661 in
1657 1621 1759 1660 usu
1802 1612 1889 1661 est
1934 1602 2135 1675 (Jorio,
2168 1602 2224 1662 la

221 1687 410 1746 mimica
439 1685 590 1764 degli
622 1688 833 1745 antichi
874 1707 928 1765 p.
959 1690 1079 1749 301
1116 1686 1268 1768 sqq.)
1312 1698 1510 1764 gestus
1541 1688 1858 1759 irrisorius,
1889 1706 1998 1766 qua
2026 1707 2223 1747 manus

222 1771 421 1830 auribus
453 1771 718 1832 admotae
748 1772 1019 1831 celeriter
1045 1784 1358 1844 moventur,
1404 1783 1463 1830 ut
1501 1773 1706 1851 longae
1737 1773 2017 1831 asinorum
2050 1793 2222 1834 aures

219 1868 731 1934 repraesententur,
775 1876 913 1936 quas
944 1858 1116 1917 albas
1145 1867 1346 1928 vocat,
1387 1867 1449 1916 ut
1494 1856 1721 1916 Ovidius
1760 1856 1899 1916 Met.
1940 1857 2041 1929 XI,
2076 1863 2223 1931 174)

219 1937 364 2000 dicite
406 1942 604 2002 Delius
652 1961 821 2001 aures
870 1941 1102 2016 (Midae)
1158 1942 1305 2002 villis
1349 1942 1667 2001 albentibus
1710 1943 1923 2021 implet.
1994 1942 2082 2003 De
2125 1964 2220 2003 vv.

217 2027 422 2086 nobiliis
448 2030 683 2087 imitari
712 2029 789 2087 cf.
822 2026 893 2086 ad
921 2027 1064 2107 prol.
1095 2047 1150 2087 v.
1187 2034 1283 2090 11.
1336 2027 1602 2087 Ceterum
1649 2025 1719 2085 ad
1752 2027 1895 2086 hunc
1924 2047 2011 2086 VS.
2042 2037 2102 2088 et
2130 2047 2219 2107 sq.

215 2129 248 2169 e
271 2113 433 2172 verho
456 2114 651 2191 pinsit
681 2111 1049 2172 adhibendum
1099 2124 1189 2172 est
1220 2112 1435 2183 simile,
1479 2111 1628 2192 quod
1671 2112 1861 2172 verhis
1903 2114 2225 2172 accuratius

213 2197 561 2277 respondeat.
596 2198 825 2257 Tertius
855 2196 1096 2278 denique
1129 2196 1400 2256 irridendi
1430 2196 1625 2256 modus
1657 2207 1763 2267 est,
1794 2218 1903 2276 quo
1935 2198 2123 2276 lingua
2154 2217 2226 2258 ex

213 2301 302 2342 ore
328 2282 682 2353 extenditur,
731 2283 1005 2342 notissimi
1036 2280 1182 2363 apud
1212 2302 1410 2343 omnes
1440 2293 1644 2360 gentes
1674 2302 1843 2353 usus,
1887 2285 1942 2341 in
1985 2284 2227 2362 antiquis

208 2371 484 2447 gorgoniis
515 2369 935 2448 potissimimum
974 2369 1317 2428 celebratus.
1377 2367 1631 2447 Linguas
1661 2380 1845 2428 autem
1877 2379 2063 2427 tantas
2092 2387 2229 2430 esse

209 2450 352 2523 dicit,
381 2466 643 2534 quantum
674 2456 874 2513 sitiens
902 2453 1186 2533 protendit
1213 2455 1392 2524 cauis,
1422 2474 1583 2533 quam
1595 2456 1856 2531 Apulam
1883 2464 2070 2527 vocat,
2100 2454 2231 2534 quia

206 2537 401 2617 Apulia
429 2538 594 2598 arida
636 2550 727 2608 et,
774 2549 834 2597 ut
877 2542 956 2598 ait
987 2539 1251 2599 Horatius
1296 2539 1488 2618 (epod.
1522 2543 1581 2610 3,
1618 2544 1743 2611 16),
1785 2541 2085 2598 siticulosa
2117 2550 2228 2600 est.

210 2622 276 2682 Ut
302 2625 386 2684 bie
417 2625 651 2684 Persius
682 2627 859 2683 iunxit
887 2635 1088 2683 tantae
1113 2625 1374 2702 linguae,
1408 2634 1686 2701 quantum
1711 2625 1880 2682 sitiat
1905 2625 2067 2682 canis
2086 2667 2105 2692 ‚
2149 2625 2231 2684 ita

207 2707 462 2768 Lucanus
515 2711 583 2781 (Ι,
630 2714 754 2772 259
796 2716 981 2789 sqq.):
1057 2708 1160 2768 sed
1205 2719 1481 2788 quantum
1528 2727 1677 2768 rura
1735 2710 1913 2767 silent
1946 2743 2030 2753 —
2061 2719 2229 2768 tanta

209 2796 381 2871 quies.
431 2797 553 2854 Vos
582 2816 616 2852 υ
637 2796 934 2873 pam‘cius
961 2796 1246 2872 sanguis,
1293 2805 1352 2853 ut
1395 2793 1665 2854 Horatius
1698 2794 1792 2866 (A.
1828 2793 1889 2851 P.
1921 2797 2038 2855 291
2079 2801 2189 2873 sq.)
2209 2817 2227 2853 z

210 2881 319 2938 Vos
356 2900 390 2937 o
429 2881 746 2958 Pompilius
783 2880 1064 2957 sanguis,
1108 2898 1333 2938 carmen
1376 2877 1799 2957 reprehendite.
1890 2880 2096 2938 Sanna
2141 2889 2233 2937 est

205 2965 482 3023 irrisionis
526 2965 931 3024 acerbissimae
977 2966 1309 3044 expressio,
1370 2983 1516 3043 quae
1560 2965 1745 3023 vultus
1778 2961 2118 3022 distorsione
2149 2964 2230 3035 fit,

206 3068 433 3126 graece,
466 3060 526 3108 ut
541 3050 771 3128 glossae
804 3060 948 3109 vett.
984 3048 1207 3122 docent,
1237 3050 1475 3125 μῶκοςε
1505 3070 1708 3125 μωκος
1736 3046 1810 3107 δέ
1831 3045 1989 3106 ἐστιν
2015 3056 2099 3121 (ut
2129 3068 2233 3107 ex-

204 3135 372 3212 plicat
402 3134 597 3212 Simpl.
629 3133 699 3193 ad
733 3134 982 3213 Epictet.
1017 3139 1098 3196 22
1130 3155 1188 3214 p.
1228 3138 1348 3195 137
1395 3134 1465 3193 Η.
1474 3144 1494 3207 )
1547 3130 1578 3193 ὁ
1611 3128 2019 3215 μυκτηρισμός
2065 3133 2169 3192 καὶ
2198 3130 2233 3192 ὃ

208 3215 305 3278 διὰ
330 3215 607 3279 τοιούτου
641 3216 938 3297 σχήματος
965 3214 1322 3296 ευτελισμός.
1374 3218 1533 3291 Quae
1557 3237 1684 3278 cum
1704 3220 2048 3296 potissimum
2079 3219 2234 3278 nari-

205 3303 302 3363 bas
333 3302 704 3382 corrugandis
735 3306 866 3375 fiat,
912 3302 1048 3363 dicit
1078 3303 1307 3363 Persius
1355 3302 1454 3377 (V,
1498 3308 1636 3375 91).
1707 3303 1799 3363 lra
1843 3305 2021 3363 cadat
2060 3322 2230 3373 naso,

207 3408 539 3468 rugosaque
564 3407 772 3448 sanna.
834 3388 1034 3448 Solent
1060 3401 1246 3447 autem
1278 3389 1440 3448 simul
1472 3407 1663 3447 aerem
1695 3406 1823 3447 cum
1870 3390 2077 3466 impetu
2110 3389 2236 3447 foe-

206 3471 383 3555 doque
415 3476 654 3552 strepitu
687 3474 945 3545 sorbere,
975 3473 1121 3533 unde
1154 3473 1433 3533 Iuvenalis
1466 3472 1806 3546 (V1‚306)=
1864 3493 1972 3552 qua
2003 3473 2238 3533 sorbeat

207 3578 342 3619 aera
372 3578 582 3630 sanna,
630 3557 777 3638 quod
808 3560 1120 3618 illustratur
1160 3559 1378 3618 scholio
1409 3557 1619 3617 inedito
1661 3556 1810 3637 apud
1836 3557 1994 3617 Bast.
2040 3558 2234 3632 (lettre

207 3646 328 3704 erit.
362 3666 418 3724 p.
454 3648 595 3716 58)·
641 3645 991 3725 ριναυλοῦσι
1014 3639 1150 3717 ἦτοι
1179 3644 1667 3726 ρινοκτυποῦσιυ,
1698 3641 1888 3702 οἶονεῖ
1912 3637 1981 3703 τὸ
2005 3644 2239 3718 πνεῦμα

203 3726 324 3800 τοῖς
379 3725 642 3811 ῥώθωσι
698 3726 1074 3798 συνέλκοντες
1106 3723 1284 3788 ποιὸν
1328 3728 1477 3806 ήχον
1531 3725 1627 3786 ἐπι
1671 3724 2031 3806 καταγέλωτι
2086 3723 2237 3787 ἀπο-

205 3815 456 3874 τελοῦσι.
491 3814 656 3872 Talia
686 3832 827 3890 ergo
857 3832 928 3873 ne
959 3823 1090 3892 post
1105 3824 1323 3891 tergum
1352 3814 1489 3872 fiant
1505 3810 1810 3872 cavendum
1843 3821 1933 3872 est
1962 3811 2237 3894 patriciis,

208 3901 291 3976 qui
321 3910 625 3978 tantopere
656 3918 721 3957 se
754 3896 968 3957 laudari
999 3900 1246 3978 cupiunt.

369 4006 431 4044 v.
469 3988 654 4046 63-
669 3987 771 4046 68.
818 3983 1121 4043 Confirmat
1160 3984 1268 4043 hoc
1313 3981 1385 4043 de
1426 3982 1656 4043 mollitie
1700 3980 1940 4043 iucunda
1977 3981 2237 4043 iudicium

216 4064 430 4131 Seneca
476 4078 593 4148 (ep.
642 4068 844 4141 CXIV,
895 4074 970 4132 15
1014 4090 1071 4148 p.
1120 4073 1238 4133 167
1286 4067 1522 4141 Schw.),
1569 4069 1660 4127 uhi
1690 4066 1854 4140 dicit,
1900 4066 2240 4147 quorundam
