2764 4738
435 416 586 465 cuv
1082 392 1816 458 PnotncounNA.

439 566 664 650 digua3
708 584 923 631 verum
954 563 1107 629 baec
1129 610 1148 643 ‚
1193 586 1272 630 ne
1303 565 1680 630 ambitiosius
1713 564 1788 629 de
1818 562 1895 630 iis
1924 563 2213 629 statuisse
2241 564 2486 641 videar,

439 690 602 733 nunc
632 668 862 732 mittam
903 675 947 731 ¹.
997 664 1314 732 Sufficiunt
1342 667 1506 733 enim
1537 688 1690 751 quae
1721 668 1905 732 allata
1934 677 2114 742 suut,
2161 677 2230 731 ut
2270 666 2493 752 probe-

438 781 574 848 tur,
622 770 1039 835 commentarii
1080 791 1116 833 a
1158 767 1361 834 Probo
1409 769 1726 858 compositi
1773 769 2036 854 vestigia
2088 767 2269 833 etiam
2323 790 2490 834 nnnc

376 906 381 915 κ
437 894 619 960 posse
651 873 875 957 detegi.
939 870 1077 956 Qua
1106 873 1169 936 in
1200 895 1270 938 re
1301 874 1517 938 mirum
1538 921 1556 954 ,
1603 871 1757 957 quod
1789 871 1994 936 omnia
2024 871 2154 937 fere
2184 872 2262 935 ad
2294 873 2491 958 expli-

440 976 739 1041 cationem
797 975 1143 1041 historicam
1205 986 1523 1061 spectant,
1580 994 1755 1060 quam
1811 993 1847 1036 a
1897 970 2101 1037 Probo
2149 976 2488 1039 exercitam

437 1079 627 1143 fuisse
660 1098 783 1141 non
815 1079 992 1142 modo
1026 1099 1151 1141 non
1182 1077 1427 1142 tradidit
1462 1072 1792 1142 Suetonius
1812 1122 1832 1151 ,
1876 1076 1985 1141 sed
2032 1079 2227 1162 potius
2258 1097 2489 1160 negare

437 1180 617 1247 alicui
650 1180 949 1245 videatur.
1014 1177 1388 1263 Quamquam
1433 1179 1577 1243 illud
1623 1178 1955 1243 annotandi
1996 1180 2250 1244 officium
2280 1189 2492 1262 quate-

439 1302 553 1346 nus
599 1292 806 1366 pateat
850 1282 1084 1347 difficile
1130 1282 1292 1346 dictu
1337 1292 1456 1345 est.
1531 1275 1763 1344 Verum
1804 1281 1960 1361 hoc,
2008 1291 2076 1345 ut
2116 1282 2181 1344 in
2209 1301 2280 1345 re
2311 1278 2491 1345 dubia

439 1384 605 1453 nolui
650 1385 893 1463 celare,
954 1384 1038 1449 ita
1083 1387 1277 1450 donec
1337 1383 1604 1448 certiora
1660 1385 2033 1461 afferantur,
2097 1404 2224 1448 non
2279 1383 2490 1448 valere

440 1496 581 1570 puto
613 1488 688 1551 ad
720 1486 1085 1571 propositam
1116 1485 1485 1550 seutentiam
1515 1485 1987 1568 infringendam.

614 1585 841 1652 Verum
886 1588 1046 1652 aliud
1102 1588 1380 1671 quiddam
1428 1598 1641 1671 urget,
1706 1588 1884 1671 idque
1928 1598 2174 1671 aspectu
2214 1589 2488 1672 gravius.

439 1687 672 1754 Notum
717 1700 813 1753 est
853 1688 1018 1753 iuter
1062 1687 1198 1753 VV.
1246 1687 1434 1766 DD.‚
1496 1686 1573 1752 G.
1606 1687 1917 1755 Vallam
1946 1687 2178 1753 scholia
2207 1688 2491 1753 habuisse

440 1791 505 1855 in
535 1788 884 1856 Iuvenalem
907 1836 926 1869 ,
961 1812 1114 1874 quae
1142 1788 1398 1856 Probo
1432 1791 1672 1869 tribuit,
1706 1792 1791 1855 ita
1823 1791 1981 1855 enim
2013 1790 2077 1854 in
2111 1790 2490 1876 praefatione

440 1891 526 1958 ait
560 1900 621 1958 2:
671 1891 840 1958 Sane
884 1894 1187 1979 comperti
1224 1892 1381 1956 mihi
1412 1903 1566 1958 sunt
1604 1913 1805 1979 nuper
1847 1891 2045 1956 Probi
2084 1892 2499 1977 grammatici

440 1996 508 2061 in
563 1996 918 2061 Iuvenalem
977 1995 1442 2069 commentarii,
1509 2004 1808 2082 quantum
1877 1992 2082 2059 adhuc
2149 1993 2494 2058 audiverim

440 2098 609 2162 nulli
646 2097 767 2161 alii
804 2097 1087 2183 cogniti,
1147 2095 1263 2160 sed
1296 2099 1492 2160 marae
1537 2096 1860 2161 brevitatis
1878 2143 1899 2172 ‚
1961 2096 2242 2183 alioquin
2288 2104 2493 2159 tamen

432 2219 740 2287 perquam
788 2207 1177 2284 opportunos
1223 2198 1566 2284 aliquando
1610 2220 1679 2262 se
1718 2198 1900 2263 nobis
1944 2197 2299 2263 obtulerunt
2317 2245 2338 2275 ,
2385 2197 2496 2262 ob·

444 2300 738 2365 tulissent
761 2321 908 2365 vero
938 2321 1075 2363 sese
1103 2300 1311 2365 adhuc
1338 2302 1579 2387 magi-5,
1621 2301 1752 2365 nisi
1774 2299 1952 2364 nobis
1978 2301 2236 2386 singula
2262 2303 2496 2364 νιήιαπ·

446 2401 615 2467 1ibas
658 2401 890 2465 cadebis
930 2404 1181 2466 m'mium
1223 2405 1472 2469 cariosa
1517 2404 1840 2469 invidisset
1880 2413 2195 2480 vetustas,
2243 2413 2311 2467 et
2344 2405 2408 2465 si
2430 2404 2498 2465 ia

445 2525 654 2570 omnes
699 2502 892 2567 libros
949 2507 1302 2591 comparati
1354 2504 1706 2570 habeantur
1725 2553 1745 2581 ,
1804 2508 1921 2593 qui
1972 2508 2087 2571 viv
2130 2504 2311 2570 tertii
2345 2503 2505 2568 libri

443 2605 778 2671 secundam
836 2607 1116 2693 attigere
1171 2616 1479 2691 satyram.
1571 2605 1814 2693 Nempe
1873 2629 1999 2673 non
2059 2607 2314 2692 amplius
2371 2616 2492 2670 sat.

444 2704 622 2786 Vnt,
656 2706 780 2775 197
823 2709 883 2774 hi
931 2708 1346 2774 commentarii
1391 2709 1795 2787 exstiterunt,
1843 2721 1911 2774 ut
1938 2709 2023 2775 ibi
2051 2719 2259 2772 mouet
2288 2705 2493 2772 Valla.

442 2808 571 2875 Iam
629 2812 1040 2895 quaerendum
1100 2822 1230 2891 est,
1299 2832 1454 2895 quae
1513 2814 1672 2878 ratio
1732 2812 2072 2878 intercedat
2128 2811 2288 2874 inter
2343 2810 2500 2875 haec

445 2910 676 2979 scholia
718 2922 899 2997 atque
944 2936 1053 2992 ea,
1115 2934 1269 2998 quae
1333 2933 1368 2977 e
1429 2915 1566 2978 cod.
1613 2912 1955 2978 Pithoeano
1999 2924 2064 2978 et
2106 2908 2499 2995 Sangallensi

454 3016 622 3082 edita
664 3025 844 3095 suut,
907 3016 982 3079 de
1027 3036 1141 3098 qua
1171 3036 1240 3079 re
1271 3014 1522 3080 calidius
1562 3016 1853 3081 iudicavit
1897 3013 2189 3081 Osannus
2228 3014 2303 3096 (1.
2348 3015 2393 3079 1.
2437 3010 2501 3076 11

447 3139 505 3204 p.
555 3115 758 3198 279),
822 3139 938 3200 ego
981 3118 1252 3183 breviter
1297 3117 1615 3194 indicabo,
1679 3118 1817 3201 quid
1873 3119 1968 3180 rei
2013 3137 2150 3182 esse
2194 3116 2496 3192 videatur,

448 3219 589 3284 alibi
618 3221 955 3285 accuratius
988 3239 1115 3284 rem
1149 3230 1541 3284 tractaturus.
1604 3217 1898 3284 Omnibus
1944 3219 2128 3302 igitur
2155 3219 2308 3282 locis
2339 3239 2503 3282 eom-

448 3324 713 3408 parati8‚
761 3322 974 3405 quibus
1003 3320 1271 3387 Probum
1304 3323 1577 3387 nominat
1609 3320 1789 3387 Valla
1832 3323 2005 3401 (nam
2048 3322 2123 3386 iis
2170 3341 2329 3384 nuuc
2377 3341 2502 3383 non

449 3435 629 3505 utor,
678 3424 891 3507 quibus
938 3424 1120 3490 tacite
1167 3445 1303 3489 eum
1335 3444 1660 3510 usurpasse
1690 3423 2001 3504 videtur),
2048 3423 2298 3509 primum
2348 3421 2502 3487 haud

456 3613 476 3666 Ι
520 3611 603 3662 (ΞΓ.
643 3618 812 3662 tamen
847 3627 978 3678 qnae
1013 3612 1064 3662 iu
1103 3611 1315 3662 scholiis
1350 3613 1414 3663 ad
1442 3611 1483 3676 1,
1511 3612 1577 3666 72
1611 3611 1886 3674 leguntur:
1926 3609 2159 3675 Palilia,
2200 3625 2337 3676 qnae
2364 3626 2505 3660 nunc

520 3681 735 3731 Parilia
777 3684 1007 3731 mutatis
1056 3681 1262 3731 litteris
1313 3681 1542 3732 dicimus
1589 3686 1714 3732 cett.
1753 3695 1864 3730 cum
1901 3678 2054 3730 Probi
2091 3693 2212 3729 ann.
2252 3680 2316 3729 ad
2353 3679 2503 3742 Virg.

521 3748 707 3811 Georg.
748 3747 836 3808 ΙΙΙ,
879 3750 939 3801 1:
981 3749 1139 3799 Pales
1170 3750 1269 3800 dea
1308 3756 1392 3800 est
1423 3755 1743 3817 pastorum,
1803 3747 2057 3799 cnidiam
2081 3763 2298 3800 sacrum
2322 3748 2506 3812 appe-l-

522 3818 645 3868 iant
666 3817 880 3868 Parilia
896 3856 913 3880 ,
956 3822 1293 3884 transposita
1318 3819 1507 3871 littera
1522 3855 1543 3882 ,
1580 3833 1720 3885 quae
1742 3820 1796 3868 si
1827 3833 1925 3869 suo
1956 3817 2070 3868 loco
2096 3823 2235 3867 essct
2252 3853 2267 3879 ,
2303 3816 2504 3867 Palilia

529 3889 714 3951 potius
747 3886 1059 3937 dicerentur
1097 3893 1224 3936 cett.

453 3957 489 4009 2
524 3955 715 4018 Doleo,
763 3971 843 4006 mc
891 3969 988 4004 non
1045 3955 1270 4005 editione
1316 3953 1501 4006 Veliae
1548 3956 1743 4021 prima,
1808 3970 1938 4021 quae
1990 3953 2225 4005 venetiis
2271 3968 2320 4003 a.
2375 3954 2508 4005 ¹⁴86

528 4024 745 4087 prodiit,
783 4024 874 4074 sed
914 4029 1111 4073 tautum
1146 4021 1570 4084 Norimbergensi
1607 4024 1724 4088 (per
1754 4025 1814 4074 A.
1847 4021 2108 4085 Roberger
2143 4038 2190 4073 a.
2235 4021 2392 4086 14⁹7)
2428 4021 2508 4072 uti

65 4111 185 4337 μ
529 4094 771 4161 potuisse.
826 4090 903 4143 lta
943 4090 1141 4143 Pithoei
1179 4092 1404 4143 editione
1442 4091 1862 4157 {heidelbergensi
1899 4099 2099 4143 tautum
2137 4098 2275 4143 utor.

626 4463 749 4552 ’Ἃ
