2764 4738
716 438 982 503 scnol..
1025 439 1133 501 AD
1180 438 1344 502 SAT.
1389 438 1490 514 IV,
1534 442 1839 504 39—47.
2173 435 2300 505 317

426 615 531 680 39.
580 612 848 690 Quinque
872 613 1263 690 palaestritae
1295 614 1451 672 licet.
1499 609 1715 671 Sensus
1747 620 1875 670 est:
1921 609 2088 670 Licet
2116 609 2301 672 athle-

256 710 353 758 tae
399 708 496 757 aut
537 708 699 756 certe
750 709 1017 756 tonsores
1048 699 1286 776 capillos
1316 708 1446 755 tuos
1479 715 1707 775 semper
1736 696 2014 766 evellant,
2061 696 2185 756 lieri
2215 707 2303 755 ta-

253 803 381 843 men
413 803 523 841 non
555 792 781 860 potest,
812 794 874 842 ut
903 782 1085 842 evulsi
1114 803 1226 841 uon
1258 785 1459 842 iterum
1492 791 1786 852 crescant,
1836 778 2301 861 quemadmodum

255 869 378 928 filix
407 867 618 938 herha,
664 888 809 947 quae
853 869 1053 927 multas
1099 866 1324 942 radices
1355 870 1551 938 mittit3
1599 878 1659 927 et
1703 868 1838 926 licet
1866 878 2058 926 aratro
2086 867 2304 926 vellan-

255 964 382 1025 tur,
428 973 536 1012 non
568 963 757 1012 tamen
787 955 909 1012 eius
943 951 1166 1013 radices
1198 951 1448 1013 funditus
1494 954 1861 1031 extirpantur.
1923 952 1999 1010 Et
2038 952 2184 1011 bene
2224 953 2304 1010 ait

250 1040 611 1119 plantaria,
657 1058 996 1118 permanens
1043 1040 1098 1097 in
1129 1039 1496 1118 metaphora,
1540 1059 1642 1118 pro
1687 1058 1800 1118 quo
1854 1039 2117 1117 superius
2163 1036 2305 1096 dixit

259 1135 630 1184 runcantem.

432 1213 535 1271 40.
580 1210 909 1286 ΕΙιὶταεᾳησ
946 1218 1153 1280 nates,
1214 1206 1272 1267 id
1317 1217 1410 1267 est
1451 1208 1728 1289 psilothro
1785 1206 2102 1268 demollitas
2147 1206 2306 1269 lahe-

266 1295 487 1354 factent
528 1300 550 1333 ¹
579 1304 640 1354 et
669 1294 797 1373 pilis
831 1291 1070 1373 demptis
1102 1294 1411 1373 expoliant.

435 1400 540 1458 42.
593 1396 908 1454 Caedimus
950 1395 1125 1472 inque
1164 1397 1345 1454 vicem
1377 1396 1753 1476 praebemus,
1794 1391 2088 1474 Allcgoria
2131 1415 2167 1453 a
2213 1414 2306 1454 sa·

263 1482 545 1560 gittariis,
586 1482 678 1561 qui
709 1480 893 1538 aliena
926 1500 1095 1539 crura
1124 1483 1351 1558 sagittis
1385 1480 1630 1553 feriunt,
1672 1492 1734 1542 et
1761 1501 1865 1540 sua
1895 1477 2155 1541 ferienda
2184 1480 2308 1539 aliis

264 1567 574 1645 praehent3
624 1575 686 1624 et
729 1563 800 1623 ad
845 1567 1199 1644 superiorem
1244 1585 1473 1625 sensum
1504 1568 1785 1646 pertinet,
1833 1587 1941 1646 quo
1972 1564 2141 1624 dixit:
2188 1568 2314 1625 Sed

256 1653 651 1732 praecedenti
671 1660 982 1731 spectatur
1009 1653 1263 1710 mantica
1295 1663 1484 1732 tergo.
1530 1652 1613 1711 lta
1638 1662 1699 1712 et
1728 1671 1833 1711 nos
1850 1654 2017 1711 vitam
2042 1652 2309 1729 obiurga-

265 1758 390 1797 mus
435 1738 705 1807 aliorum,
750 1746 812 1796 et
853 1734 948 1794 alii
994 1746 1276 1809 nostram,
1322 1748 1381 1797 et
1425 1738 1533 1799 hoc
1564 1737 1819 1797 omnihus
1851 1755 2142 1797 commune
2174 1755 2309 1797 esse

268 1821 438 1895 dicit,
484 1819 633 1901 quod
674 1822 730 1880 in
770 1823 952 1880 vicem
997 1842 1102 1879 nos
1134 1841 1433 1902 carpamus
1488 1825 1642 1885 inter
1680 1843 1783 1883 nos
1829 1833 1999 1901 atque
2031 1822 2174 1881 alios
2215 1841 2311 1881 re·

267 1908 666 1988 prehendimus
698 1917 759 1965 et
787 1905 1273 1986 reprehendimur.

438 2014 542 2072 43.
591 2010 833 2068 Vivitur
874 2010 982 2068 ltoc
1014 2020 1236 2089 pacto.-
1293 2010 1384 2070 sic
1435 2010 1701 2069 novimus
1722 2054 1741 2083 ‚
1807 2020 1871 2070 ut
1922 2010 2210 2089 culpemus
2252 2018 2313 2069 et

268 2096 579 2176 culpemur.

435 2186 540 2243 44.
586 2181 703 2238 Ilia
733 2178 942 2239 subter
970 2200 1205 2240 caecum
1235 2178 1448 2238 vulnus
1478 2180 1678 2239 habes.
1743 2179 1890 2242 *De
1935 2178 2189 2261 gladia
2209 2190 2311 2239 to-

267 2266 476 2326 rihus
539 2276 890 2337 tractum,
958 2268 1079 2345 qui
1152 2276 1470 2344 accepto
1538 2266 1858 2326 vulnere
1894 2272 1920 2305 2
1963 2267 2308 2325 inaurato

264 2351 520 2413 balteo
566 2350 901 2430 tegunt.*
966 2351 1050 2411 Ita
1095 2360 1155 2411 et
1195 2372 1299 2410 nos
1347 2351 1485 2411 vitia
1529 2362 1727 2421 nostra
1779 2353 1964 2432 aliquo
2022 2351 2312 2430 dignitatis

265 2439 548 2498 velamine
589 2440 680 2496 vel
724 2448 1022 2516 praetextu
1054 2435 1367 2495 divitiarum
1400 2437 1670 2496 celamus.
1841 2440 1966 2497 Sed
2014 2441 2137 2497 lato
2184 2437 2311 2497 bal-

271 2534 402 2583 teus
444 2543 612 2583 auro.
675 2522 794 2582 Hoc
841 2533 963 2581 est:
1009 2522 1290 2582 Nobilitas
1335 2522 1488 2581 celat
1533 2524 1699 2581 vitia=
1743 2522 1836 2581 vel
1878 2534 1938 2583 et
1980 2523 2088 2583 hoc
2131 2521 2312 2582 videri

271 2619 496 2689 potest,
553 2605 699 2688 quod
757 2628 952 2667 omnes
996 2608 1238 2678 habent,
1307 2604 1456 2686 quod
1516 2608 1820 2666 occultent.
1858 2603 2316 2687 Ἀλληγορικῶς

270 2696 562 2773 expressit
592 2692 937 2753 intellectum
967 2692 1360 2771 gladiatorum.
1425 2690 1567 2750 Nam
1601 2704 1660 2751 et
1689 2712 1790 2751 uos
1821 2692 2013 2752 habitu
2044 2704 2103 2752 et
2132 2691 2314 2770 digni·

269 2792 388 2840 tate
420 2780 661 2857 tegimus
693 2780 839 2838 mala
868 2790 1097 2849 nostra,
1130 2797 1253 2837 cnm
1284 2778 1390 2855 ipsi
1420 2778 1506 2837 eis
1538 2779 1935 2836 assentiamur.

441 2887 545 2944 45.
596 2884 674 2942 Ut
708 2882 891 2941 mavis
934 2882 1011 2939 da
1055 2880 1260 2939 verba.
1312 2878 1418 2952 Qui
1464 2879 1661 2939 vulnus
1694 2881 1948 2959 accepit,
1979 2878 2315 2952 dissimulat,

270 2980 332 3028 et
360 2968 595 3026 aliorum
623 2969 778 3026 visus
809 2965 901 3025 vel
933 2966 1287 3045 suspiciones
1315 2962 1517 3036 illudit,
1548 2976 1837 3024 caeterum
1867 2967 2065 3025 nervis
2080 3009 2102 3037 ‚
2136 2964 2192 3022 id
2224 2975 2316 3024 est

270 3053 481 3113 viribus
514 3054 630 3111 suis
649 3095 667 3124 ,
699 3053 878 3111 verba
909 3071 1023 3110 non
1045 3060 1251 3131 potest
1275 3053 1426 3111 dare
1443 3094 1462 3123 ‚
1496 3048 1552 3129 id
1595 3061 1715 3122 est,
1746 3071 1855 3110 non
1886 3061 2079 3131 potest
2109 3049 2312 3110 fallere

273 3140 678 3199 conscientiam
717 3157 896 3196 suam.

441 3243 547 3304 46.
591 3241 919 3317 Egregium
963 3259 1095 3299 cum
1139 3258 1227 3297 me
1273 3239 1518 3298 vicinia.
1580 3236 1777 3298 Verba
1808 3236 1955 3297 illius
1988 3238 2199 3316 culpati
2228 3238 2315 3297 in·

267 3327 618 3404 terrogantis
663 3336 929 3405 poetam:
993 3325 1055 3384 Si
1099 3323 1278 3383 honus
1324 3334 1386 3383 et
1431 3323 1702 3383 honestus
1734 3323 1902 3401 vulgo
1932 3321 2161 3395 videar,
2206 3343 2315 3382 non

273 3410 523 3482 credam,
554 3421 652 3470 aut
683 3409 889 3470 iudicio
914 3410 1102 3489 populi
1132 3409 1296 3468 fidem
1326 3429 1436 3467 non
1469 3408 1752 3468 habeam?
1782 3420 1878 3468 aut
1908 3410 1957 3468 si
1987 3409 2119 3468 honi
2148 3408 2318 3487 vulgo

273 3495 543 3568 dicimur,
575 3495 706 3576 quid
739 3493 808 3555 ad
840 3514 957 3555 rem
979 3538 997 3566 ‚
1027 3497 1077 3553 si
1109 3496 1234 3553 sine
1266 3496 1486 3553 ratione
1519 3495 1791 3553 vivimus?

446 3603 551 3660 47.
602 3599 740 3656 Viso
779 3598 839 3656 si
864 3598 1063 3675 palles
1106 3597 1384 3676 improbe.
1457 3593 1519 3654 Si
1565 3594 1799 3675 cupidus
1846 3614 1910 3655 es
1959 3605 2019 3654 et
2062 3591 2134 3653 ad
2179 3614 2317 3653 con—

279 3695 536 3763 spectum
566 3684 844 3763 pecuniae
876 3682 1181 3760 pallescis,
1225 3682 1275 3740 si
1320 3678 1687 3753 libidinosus,
1734 3692 1795 3739 et
1822 3681 2013 3758 gravis
2046 3679 2317 3740 debitori-

273 3768 788 3914 lpffingpteperator,
848 3785 1203 3847 supervacuo
1261 3784 1434 3825 aures
1497 3777 1628 3826 tuae
1689 3765 2026 3826 laudantium
2084 3766 2318 3826 vocibus

278 4057 305 4110 1
347 4056 435 4109 ΕΙ.
474 4057 590 4109 cod.
627 4058 783 4110 Beru.
827 4054 1251 4120 „Labcsactsnt‚
1289 4052 1606 4107 hesleil'cu.“

280 4128 315 4182 2
348 4131 571 4195 accepta
606 4127 829 4179 vulnera
863 4123 1037 4176 Erem.
