2764 4738
531 407 662 474 238
1092 412 1166 474 A.
1211 412 1458 475 PERSII
1503 412 1774 475 FLACCI
1815 413 2024 476 VITA.

535 593 851 663 coeperunt
873 590 912 643 ¹.
1001 582 1273 646 Decessit
1340 595 1528 646 autem
1602 586 1738 645 vitio
1810 584 2084 647 stomachi
2157 604 2306 645 anno
2376 588 2594 646 aetatis

532 669 704 730 XXX
737 675 781 729 2.

709 752 824 813 Sed
858 774 988 814 mox
1018 764 1079 813 ut
1121 774 1155 812 a
1198 754 1395 815 schola
1436 757 1836 836 magistrisque
1863 760 1890 795 ³
1916 753 2148 815 divertit
2167 759 2215 827 ⁴,
2247 756 2405 816 lecto
2437 757 2591 816 libro

533 841 734 901 Lucilii
767 838 986 899 decimo
1015 840 1386 900 vehementer
1415 844 1622 900 satiras
1653 860 1996 921 componere
2025 842 2267 900 instituit
2306 848 2366 912 ⁵,
2416 844 2591 902 cuius

537 927 664 985 libri
711 926 921 985 initium
967 927 1213 985 imitatus
1251 937 1378 994 est,
1428 925 1536 986 sibi
1577 929 1792 1006 primo,
1835 947 1967 985 mox
1997 926 2252 985 omnibus
2284 925 2592 987 detractu·

534 1032 633 1071 rus
655 1016 683 1051 ⁶
711 1030 836 1069 eum
880 1021 1036 1068 tanta
1079 1013 1386 1070 recentium
1428 1023 1720 1091 poetarum
1764 1022 1826 1073 et
1852 1022 2140 1071 oratorum
2170 1013 2587 1085 insectatione,

534 1109 596 1156 ut
650 1098 818 1155 etiam
877 1092 1167 1156 Neronem
1228 1098 1540 1175 principem
1600 1097 1748 1156 illius
1804 1098 2075 1175 temporis
2110 1102 2133 1136 ⁷
2189 1099 2512 1177 culpaverit
2537 1103 2586 1157 ⁸.

537 1182 707 1241 Cuius
737 1201 940 1241 versus
972 1182 1025 1238 in
1055 1180 1342 1240 Neronem
1375 1202 1498 1241 cum
1532 1184 1606 1241 ita
1638 1202 1702 1241 se
1732 1183 1973 1241 haberet
2007 1188 2069 1240 ⁹:

947 1264 1249 1326 Auriculas
1281 1269 1428 1326 asini
1458 1266 1611 1326 Mida
1640 1288 1747 1327 rex
1777 1269 1949 1326 habet
1981 1274 2069 1338 ¹⁰,

535 1355 590 1412 in
650 1372 776 1413 eum
816 1358 868 1391 ¹¹
925 1349 1146 1410 modum
1205 1372 1239 1410 a
1301 1352 1548 1411 Cornuto
1608 1356 1732 1433 ipse
1779 1363 1990 1412 tantum
2035 1350 2205 1411 modo
2249 1363 2340 1413 est
2382 1373 2589 1416 emen-

536 1436 701 1498 datus
744 1444 828 1496 ¹²:

946 1518 1251 1581 Auriculas
1282 1525 1428 1583 asini
1460 1525 1585 1603 quis
1616 1544 1725 1582 non
1755 1523 1971 1583 habet?

536 1629 606 1668 ne
636 1609 745 1669 hoc
774 1606 934 1668 Nero
959 1611 1013 1647 ¹³
1041 1607 1098 1666 iu
1129 1626 1195 1667 se
1227 1605 1432 1669 dictum
1457 1613 1510 1649 ¹⁴
1538 1609 1937 1670 arbitraretur.

669 1913 895 1966 Eandem
941 1916 1101 1965 vitam
1149 1914 1244 1964 hoc
1277 1912 1428 1964 modo
1463 1912 1515 1961 in
1552 1927 1660 1963 rem
1698 1928 1843 1963 sunm
1878 1915 2035 1965 vertit
2073 1916 2154 1977 is,
2206 1917 2292 1981 qni
2328 1930 2589 1966 commen·

737 1985 928 2035 tarium
966 1984 1271 2049 conseripsit
1306 1984 1355 2031 in
1395 1980 1560 2031 Persii
1596 1982 1820 2042 satiras,
1877 1984 1963 2048 qui
2003 1984 2199 2047 legitur
2235 1985 2286 2034 in
2324 1988 2441 2035 cod.
2482 2001 2585 2037 ns.

738 2053 865 2105 bibl.
903 2052 1150 2104 Laurent.
1190 2051 1258 2117 pl.
1299 2047 1575 2113 xxxva,
1612 2051 1728 2101 eod.
1764 2052 1853 2114 20,
1890 2052 1952 2102 de
1987 2069 2085 2118 quo
2122 2069 2178 2103 v.
2205 2053 2436 2122 prolegg.

702 2207 763 2266 1n
795 2209 1072 2285 principio
1102 2206 1267 2266 huius
1300 2204 1426 2265 libri
1457 2215 1589 2263 octo
1620 2215 1750 2263 sunt
1780 2205 2037 2266 videnda.
2073 2207 2097 2267 1
2124 2205 2199 2267 de
2230 2210 2349 2285 vita
2378 2219 2586 2268 aucto-

532 2295 630 2352 τίς.
687 2292 736 2351 II
766 2292 836 2352 de
869 2312 1041 2352 causa
1074 2294 1325 2373 suscepti
1357 2292 1576 2369 operis·
1642 2290 1715 2349 111
1758 2311 1903 2369 quae
1946 2294 2184 2353 materia
2225 2296 2439 2373 operis.
2500 2296 2583 2354 lv

530 2398 676 2458 quae
718 2381 952 2438 intentio
999 2380 1266 2438 auetoriS.
1326 2377 1382 2436 V
1427 2395 1571 2456 quae
1617 2378 1848 2437 utilitas.
1912 2378 1991 2438 VI
2020 2383 2109 2439 eui
2142 2383 2293 2459 parti
2324 2382 2582 2459 philoso-

531 2464 698 2543 phiae
745 2465 1100 2527 subiiciatur.
1182 2462 1288 2524 VII
1333 2464 1459 2543 quis
1506 2461 1632 2521 libri
1671 2462 1883 2524 titulus.
1940 2465 2071 2525 VIII
2101 2468 2228 2545 quis
2259 2465 2461 2526 modus
2493 2468 2581 2527 Ie·

529 2547 720 2626 gendi.

567 2735 592 2787 1
615 2735 885 2800 fecerunt
914 2735 1001 2785 vel
1031 2739 1323 2801 coeperunt
1365 2734 1471 2787 Pl.
1505 2735 1559 2790 2.
1614 2749 1700 2785 vv.
1751 2733 2128 2800 edin—coep.
2165 2749 2333 2802 supra
2368 2744 2486 2803 post
2521 2753 2576 2786 v.

599 2802 856 2853 edendum
891 2804 1188 2855 collocanda
1217 2811 1535 2854 censuerunt
1569 2803 1730 2853 Breit.
1771 2801 1906 2853 Oud-

563 2871 709 2926 211⁸
757 2872 936 2934 eodd.‚
998 2873 1129 2938 quod
1194 2871 1379 2923 fulsum
1442 2873 1793 2923 demonstrant
1846 2870 2112 2922 consulum
2164 2871 2370 2922 uomina
2424 2888 2580 2939 snpra

598 2941 783 3006 posita.
822 2940 1028 2992 ΧΧΙΙΧ
1059 2940 1205 2991 Reiz.

562 3008 594 3059 3
629 3009 778 3060 scola
814 3014 873 3059 et
902 3013 1190 3074 magistris
1226 3009 1327 3061 1²1.
1362 3010 1417 3063 2.
1492 3024 1525 3058 α
1559 3009 1723 3058 scolis
1758 3012 1815 3058 et
1844 3023 1991 3074 mag.
2030 3007 2146 3058 Me.

561 3078 597 3128 4
631 3077 933 3128 diverterat
968 3077 1003 3128 P
1038 3079 1086 3129 1.
1118 3078 1171 3133 2.
1244 3078 1559 3129 deverterat
1593 3077 1713 3131 M2.

565 3148 596 3196 5
627 3149 879 3197 instituit
915 3146 974 3197 L.
1007 3146 1120 3198 Mt.
1155 3146 1242 3197 W.
1317 3146 1534 3197 studuit
1567 3145 1684 3199 Mt.
1717 3145 1755 3197 P
1776 3145 1822 3196 l.
1853 3146 1905 3196 2.
1946 3144 2081 3196 ond.
2115 3144 2154 3196 l.
2187 3144 2338 3198 Suet.
2356 3163 2577 3211 mm.

591 3215 693 3265 212
736 3214 1010 3278 „Libellos
1046 3217 1354 3282 ineptiarum
1392 3230 1696 3279 componere
1744 3214 2040 3264 instituit.“

562 3283 593 3335 6
630 3282 977 3335 detracturus
1013 3282 1074 3334 L.
1114 3284 1202 3335 W.
1279 3283 1657 3335 detracturum
1695 3284 1777 3334 ed.
1819 3299 1895 3349 pr.
1969 3282 2253 3333 detractus
2290 3282 2415 3338 Μ2.
2492 3286 2577 3336 de·

598 3356 795 3402 tractis
830 3351 934 3403 Pl.
984 3352 1305 3403 detrectatis
1327 3351 1444 3405 Mt.
1480 3352 1583 3406 1²2.
1635 3352 2039 3403 detrectatur-m
2075 3350 2202 3402 Vin.
2242 3351 2380 3403 oud.
2423 3352 2574 3406 Reiz.

560 3420 589 3472 7
622 3437 714 3487 pr.
754 3420 833 3472 iu.
873 3426 979 3472 tem
1022 3459 1035 3472 .
1078 3423 1195 3472 add.
1240 3422 1392 3471 codd.
1431 3437 1531 3472 om.
1569 3419 1708 3471 Pith.
1748 3420 1877 3472 Oud.
1918 3418 2067 3470 Reiz.

560 3488 594 3540 8
629 3490 898 3555 inculpav.
1019 3491 1066 3542 1.
1245 3490 1276 3540 9
1314 3491 1573 3540 haberent
1608 3489 1658 3541 M
1688 3490 1734 3542 1.
1774 3488 1813 3539 P
1841 3489 1889 3540 1.
2070 3489 2133 3540 ¹0
2170 3488 2365 3540 habuit
2397 3489 2453 3542 Μ
2480 3492 2534 3546 2.

531 3555 583 3607 11
631 3573 748 3608 eam
786 3558 928 3609 codd.
1005 3559 1143 3609 hunc
1177 3557 1296 3609 Vin.
1339 3557 1475 3609 Pitb.
1517 3558 1634 3609 rell.

527 3626 593 3679 12
629 3626 706 3678 lta
743 3626 843 3677 Pl.
876 3627 928 3679 2.
971 3643 1071 3679 em.
1105 3632 1191 3676 est
1222 3632 1361 3677 tant.
1394 3642 1468 3677 m.
1491 3626 1580 3679 W.
1619 3630 1734 3692 ipso
1760 3624 1958 3677 hut.
2000 3629 2215 3676 tantum
2234 3641 2308 3676 m.
2331 3623 2569 3677 om.M2.

594 3697 712 3759 ipso
759 3694 998 3745 noudum
1036 3701 1251 3746 mortuo
1279 3695 1457 3746 em.C.
1498 3696 1675 3746 Barth.
1716 3695 1882 3744 Advv.
1924 3692 2018 3754 xl,
2056 3694 2144 3745 21.
2184 3692 2335 3743 Reiz.
2411 3694 2575 3745 Malui

594 3764 819 3813 retinere
844 3767 975 3829 quod
1001 3772 1178 3830 aperte
1206 3774 1499 3831 corruptum
1525 3772 1623 3824 est,
1662 3764 1822 3814 donee
1845 3769 1988 3813 certa
2021 3763 2225 3813 ratione
2244 3766 2569 3815 emendetur.

532 3832 591 3882 ¹3
629 3847 754 3882 vero
791 3831 894 3886 1³2.
945 3849 1069 3885 vero
1105 3833 1252 3885 Nero
1289 3832 1399 3886 1²1.
1436 3832 1583 3884 Nero
1619 3848 1720 3883 om.
1758 3832 1817 3882 B.
1867 3847 1931 3881 ne
1963 3833 2063 3882 hoe
2097 3835 2224 3896 qais
2259 3832 2344 3882 ed.
2381 3848 2465 3897 pr.

528 3900 590 3952 14
628 3899 850 3951 ductum
887 3899 1001 3953 M1.
1074 3901 1315 3953 Ceterum
1365 3903 1493 3952 haec
1542 3916 1630 3951 vv.
1672 3899 1775 3950 Sed
1806 3926 1875 3938 —-
1909 3901 2286 3952 arbitraretur
2323 3909 2441 3966 post
2480 3916 2567 3952 vv·

593 3971 646 4018 in
687 3969 1086 4036 philosophiam
1146 3976 1230 4021 est
1276 3969 1575 4021 collocanda
1629 3976 1944 4020 censuerunt
1977 3967 2138 4018 Breit.
2178 3968 2342 4018 Bonh.
2394 3968 2530 4020 oud.
2552 4004 2576 4029 ,

594 4039 917 4104 transposuit
962 4037 1109 4091 Reiz.
1182 4039 1497 4107 interpolata
1531 4054 1561 4090 n
1599 4041 1797 4090 seriore
1839 4053 1992 4089 manu
2026 4037 2177 4088 multi
2214 4038 2572 4102 crediderunt,

592 4106 657 4157 οἳ.
703 4107 934 4175 prolegg.
