2764 4738
790 448 1534 515 PROLEGOMENA.
2070 474 2179 514 xxi

130 621 269 705 «pia
296 622 373 686 de
400 621 514 685 hac
544 621 701 685 mira
731 622 935 705 operis
965 620 1365 706 inscriptione
1397 621 1769 686 censendum
1813 621 1935 700 sit,
1985 632 2174 706 patet.

135 720 207 788 Si
251 734 594 809 corruptum
651 723 889 788 titulum
935 724 1261 801 mittimus,
1321 723 1598 789 indicare
1638 723 1925 788 videntur
1961 724 2178 803 verba,

133 824 388 891 Caecilii
414 826 829 892 testimonium
858 827 1103 892 allatum
1136 845 1275 891 esse
1304 848 1342 891 a
1373 823 1690 904 Cornuto,
1747 826 1925 910 idque
1955 828 2182 892 sactum

132 948 277 994 esse
304 930 368 992 in
397 949 585 1014 opere
614 930 1005 1013 grammatico
1037 939 1514 995 consentaneum
1546 940 1644 995 est
1679 938 1723 990 ¹.
1773 927 2183 994 Cassiodorus

130 1032 193 1096 in
227 1033 338 1112 iis,
386 1052 539 1117 quae
572 1032 648 1095 de
680 1032 1105 1117 orthographia
1137 1032 1421 1116 collegit,
1467 1033 1660 1118 primo
1702 1031 1840 1097 loco
1876 1029 2044 1095 dedit
2071 1049 2183 1094 ex-

133 1146 343 1219 cerpta
385 1156 469 1199 ex
524 1134 861 1219 Agnaeo
921 1131 1275 1199 Cornuto
1323 1135 1409 1199 de
1454 1134 2015 1201 enuntiatione
2059 1133 2184 1197 vel

136 1237 718 1322 orthographia
761 1258 822 1321 p.
854 1233 1022 1301 2281
1054 1258 1188 1321 sqq.
1248 1234 1342 1300 lbi
1386 1238 1707 1321 legendum
1751 1256 1889 1302 esse
1916 1235 2184 1299 Annaeo

136 1340 335 1403 statim
365 1349 657 1424 apparet,
703 1348 765 1402 ct
793 1338 1035 1403 videtur
1064 1347 1280 1404 noster
1306 1337 1741 1424 intelligendus
1783 1358 1945 1403 esse.
2004 1334 2184 1402 Posi·

138 1451 229 1507 tus
261 1443 429 1506 enim
462 1451 560 1506 est
587 1441 780 1525 primo
809 1440 945 1509 loco
986 1451 1130 1507 ante
1177 1438 1424 1506 Velium
1463 1438 1784 1525 Longum,
1834 1441 1990 1525 quod
2031 1439 2185 1505 anti-

137 1565 308 1629 quum
339 1542 802 1629 grammaticum
847 1544 1122 1609 indicare
1163 1545 1432 1608 videtur.
1501 1539 1693 1627 quue
1748 1543 1989 1608 firmant
2032 1563 2185 1625 quae

138 1668 217 1711 ex
252 1646 388 1711 eius
431 1646 594 1710 libro
642 1645 820 1709 affert
867 1643 1314 1725 Cassiodorus,
1365 1666 1726 1730 quamquam
1785 1663 1860 1709 ea
1902 1664 2076 1709 suum
2121 1642 2186 1707 iu

139 1770 301 1812 usum
336 1746 754 1832 disposuisse,
806 1747 1194 1826 decurtasse,
1245 1751 1509 1813 fortasse
1556 1747 1736 1810 etiam
1781 1745 2187 1831 interpolasse

141 1850 483 1916 censendus
528 1849 670 1914 erit.
729 1846 803 1912 In
847 1849 922 1914 iis
969 1851 1343 1935 antiquiores
1387 1850 1718 1935 scriptores
1751 1860 1813 1913 et
1842 1847 2188 1914 Varronem

139 1954 510 2037 potissimum
525 1951 797 2037 respicit.
836 1950 1042 2017 Semel
1066 1954 1287 2019 dicitur
1315 1951 1425 2017 Lu
1443 1953 1567 2018 cio
1597 1951 1753 2016 idem
1783 1951 1979 2017 videri
2009 1961 2189 2033 atque

142 2057 291 2139 quod
352 2056 486 2140 ipse
546 2055 726 2117 modo
789 2057 1134 2141 praecepit,
1195 2056 1296 2140 qui
1348 2051 1581 2119 Lucius
1634 2064 1879 2137 putatur
1921 2072 2059 2117 esse
2102 2048 2185 2115 L.

143 2154 610 2222 Caesellius
652 2151 1009 2235 Vindex,
1056 2178 1137 2222 ex
1180 2157 1350 2223 cuius
1390 2155 1630 2241 scriptis
1660 2165 1871 2240 postea
1902 2165 2193 2240 excerpta

142 2261 493 2325 referuntur
519 2257 635 2344 (cf.
673 2256 923 2339 Osann,
970 2255 1170 2323 Beitr.
1204 2255 1266 2322 11
1295 2281 1355 2346 p.
1392 2256 1519 2323 329
1549 2261 1700 2342 sq.).
1766 2255 1946 2341 Quod
1987 2257 2040 2321 si
2085 2277 2193 2321 ve-

146 2436 169 2487 1
204 2430 500 2485 Videndum
537 2439 709 2483 nmen
745 2447 811 2482 an
846 2431 1009 2484 maior
1036 2431 1120 2484 hic
1151 2432 1319 2484 lateat
1336 2432 1650 2499 corruptela.
1693 2432 1857 2497 Quam
1881 2428 2069 2481 tollant
2092 2429 2195 2481 sor-

206 2510 352 2554 tasse
404 2502 704 2566 acutiores,
759 2517 853 2566 ego
899 2501 1021 2568 quid
1067 2502 1195 2553 mihi
1247 2504 1299 2553 in
1350 2509 1573 2554 mentem
1608 2501 1813 2552 venerit
1847 2500 2075 2551 modeste
2111 2499 2195 2550 hic

207 2569 469 2624 iadieabo.
517 2568 599 2620 Ex
621 2569 797 2622 verbis
820 2571 1210 2622 tab’castarum
1242 2571 1531 2622 mutatione
1571 2570 1704 2621 haud
1740 2567 1972 2621 violenta
2007 2567 2195 2620 efficias

210 2641 686 2702 tabernariarum,
724 2645 776 2690 et
815 2640 867 2690 in
902 2655 990 2689 vv.
1021 2643 1211 2706 patris
1246 2643 1339 2690 mi
1374 2640 1506 2692 latet
1540 2637 1763 2690 fortasse
1799 2638 1987 2688 titulus
2024 2637 2196 2688 taber-

211 2708 426 2768 nariae.
477 2707 657 2774 quales
691 2715 812 2758 suut
846 2723 1067 2772 socrus,
1115 2713 1448 2773 matertera,
1504 2709 1838 2768 consobrini,
1882 2710 2189 2773 privignus,

211 2792 431 2830 sorores
480 2783 607 2827 cett.
668 2774 842 2843 Neque
889 2777 1023 2829 euim
1058 2778 1184 2828 mihi
1220 2777 1536 2843 persuadebo
1573 2776 1777 2829 laudari
1824 2783 1942 2844 apte
1979 2775 2194 2826 Cornuti

215 2847 404 2897 librum
442 2844 736 2897 fabularum
772 2844 876 2896 vel.
916 2847 1030 2896 sim.
1072 2846 1238 2913 patris
1273 2847 1376 2898 sui.
1416 2846 1633 2898 Cornuti
1661 2845 1820 2897 verbu
1845 2844 2060 2910 exempli
2085 2844 2196 2893 loco

217 2932 245 2968 a
282 2915 528 2967 charisio
564 2913 740 2966 all'erri
777 2914 878 2966 iam
910 2914 1170 2979 vidimus,
1207 2922 1262 2966 ct
1295 2930 1411 2967 cum
1445 2915 1629 2967 Plauto
1661 2915 1986 2980 caecilioque
2025 2913 2199 2977 (cuius

217 2985 380 3035 verba
416 2984 635 3050 periisse
660 2982 916 3034 censenda
942 2991 1116 3034 essent
1135 3022 1150 3051 ,
1186 2992 1247 3033 ut
1272 2984 1550 3036 Plautinae
1575 2983 1781 3035 fabulae
1809 2982 1997 3034 titulus
2023 2981 2200 3048 periit)

219 3062 336 3121 apte
372 3059 763 3119 componeretur
796 3051 1113 3104 tabernaria.
1152 3052 1474 3105 Tabernuria
1509 3068 1668 3113 vero,
1707 3066 1807 3118 qua
1837 3050 2088 3102 Romanos
2114 3051 2201 3101 ho-

220 3124 384 3174 nines
419 3137 692 3187 moresque
728 3128 1142 3188 repraesentatos
1176 3137 1291 3174 esse
1339 3129 1515 3173 notum
1563 3128 1643 3172 est
1687 3120 1779 3186 (οῖ.
1815 3119 2095 3171 Neukirch.
2137 3119 2199 3170 de

221 3192 326 3243 fab.
364 3197 472 3254 tog.
516 3207 567 3257 p.
606 3190 673 3242 38
697 3192 838 3257 sqq.)
889 3191 1058 3240 nescio
1105 3205 1171 3241 an
1221 3192 1403 3242 deceat
1450 3197 1833 3258 praeceptorem
1869 3189 2068 3249 Persii,
2115 3190 2200 3255 qui

223 3267 539 3328 praetextam
577 3259 878 3326 composuit.
915 3256 1092 3326 Neque
1129 3260 1272 3320 iure,
1321 3267 1382 3312 ut
1414 3267 1567 3327 puto,
1620 3259 1830 3310 obiiciat
1877 3260 2022 3324 quis,
2078 3274 2203 3309 eun-

222 3330 335 3382 aen
371 3329 507 3379 haud
545 3327 701 3378 facile
736 3329 1080 3394 composuisse
1117 3329 1414 3394 tragoedias
1451 3336 1603 3396 atque
1653 3327 2015 3386 tabernarias,
2069 3328 2201 3393 quod

226 3398 307 3449 bis
351 3398 670 3464 temporibus
721 3397 1026 3464 praesertim
1081 3398 1133 3448 in
1183 3398 1517 3463 grammatico
1564 3414 1662 3449 non
1697 3398 1901 3448 mirum.
1966 3395 2201 3447 Omnium

225 3467 428 3518 minine
463 3466 720 3517 offendere
756 3465 1171 3518 tabernariarum
1209 3467 1398 3519 librum
1468 3481 1617 3525 osse,
1657 3466 1844 3516 docent
1870 3464 2103 3531 exempla
2136 3465 2201 3517 ad

227 3542 324 3587 sat.
362 3535 403 3598 1,
444 3535 507 3587 76
559 3550 607 3601 p.
649 3535 735 3597 98,
789 3535 973 3602 quibus
1024 3537 1141 3588 addi
1188 3543 1355 3603 potest
1445 3551 1525 3586 ae.
1582 3534 1707 3586 dial.
1756 3536 1808 3597 3,
1862 3534 1948 3586 ubi
1997 3535 2202 3601 saepius

226 3604 444 3656 Haterni
492 3604 761 3668 tragoedia
809 3612 1027 3655 vocatur
1075 3606 1228 3657 liber.
1302 3605 1407 3656 Hoc
1452 3605 1615 3670 igitur
1650 3610 1952 3670 argumento
1989 3604 2066 3654 uti
2104 3620 2202 3654 nou

229 3674 399 3725 debuit
435 3671 664 3724 Grauert
710 3672 820 3732 (iib.
862 3673 914 3724 d.
954 3671 1150 3724 Metrik
1186 3675 1276 3725 des
1315 3672 1459 3725 Ram.
1497 3672 1650 3741 Epik.
1692 3690 1736 3739 p.
1781 3672 1928 3737 278).
1991 3672 2204 3724 Scilicet

230 3750 486 3810 postqua-
512 3742 825 3807 legebantur
847 3743 1021 3810 potius
1055 3759 1207 3810 quan
1239 3744 1528 3808 agebantur
1562 3743 1799 3805 fabulae,
1838 3742 2087 3794 librorum
2116 3758 2204 3793 uo-

231 3814 361 3864 niae
397 3819 512 3879 apte
549 3811 891 3864 vocabantur.
940 3811 1130 3865 Eodem
1168 3815 1314 3863 modo
1352 3814 1614 3864 orationes
1650 3813 1701 3863 in
1739 3811 1998 3878 publicum
2036 3813 2203 3863 editas

229 3881 383 3933 libros
430 3883 682 3933 nominari
737 3888 878 3932 recte
926 3881 1239 3946 significavit
1286 3881 1618 3934 weichertus
1674 3880 1856 3947 (poctt.
1914 3881 2032 3931 lntt.
2085 3881 2200 3932 rell.

234 3969 277 4019 p.
307 3951 448 4016 112).
509 3951 759 4003 Ceterum
808 3950 1135 4002 coniecturae
1181 3966 1209 4003 a
1252 3965 1331 4002 nne
1368 3951 1658 4017 propositae
1696 3951 1874 4000 deesse
1910 3950 2052 4001 illam
2092 3966 2206 4016 per-

230 4021 468 4071 suadendi
508 4021 612 4072 vim
635 4055 650 4082 ‚
690 4034 839 4086 quam
878 4020 928 4070 in
967 4021 1279 4071 coniecturis
1302 4020 1622 4086 potissimum
1654 4020 2036 4078 desideramus,
2075 4019 2203 4070 bene

231 4090 418 4209 ειῐίο,
455 4088 805 4159 pronunciavi
841 4095 1010 4140 tamen
1031 4126 1047 4152 ,
1086 4090 1131 4139 si
1158 4089 1292 4141 sorte
1326 4089 1446 4141 aliis
1481 4103 1658 4142 verum
1694 4088 1989 4141 inveniendi
2028 4103 2202 4138 ansam

294 4167 383 4211 ret.
