2764 4738
521 399 647 467 198
1194 402 1362 464 SAT.
1395 404 1471 477 V,
1506 406 1722 468 110-
1743 406 1883 466 116.

513 573 1161 652 Ignoscent—amici.“
1205 574 1278 633 V.
1305 594 1463 653 supr.
1499 595 1553 635 v.
1586 577 1689 636 23.
1733 576 1860 634 Iam
1889 592 2047 632 nunc
2070 575 2403 652 astringas,
2436 575 2563 632 iem

511 679 669 719 nunc
706 661 1006 737 granaria
1035 661 1203 719 laxes
1223 701 1243 731 ,
1276 657 1425 739 quod
1453 659 1758 739 simplicius
1790 658 2014 719 Seneca
2048 665 2202 737 (epp.
2221 659 2426 728 XCIV,
2440 662 2559 730 23)

514 744 682 805 dicit:
740 743 926 817 „Puta
970 747 1117 804 enim
1163 748 1455 805 avaritiam
1487 746 1831 813 relaxatam,
1877 755 2008 822 puta
2049 743 2374 803 adstrictam
2418 763 2564 802 esse

513 831 859 890 luxuriam.“
903 829 1098 890 Verba
1130 828 1202 892 de
1230 831 1409 889 frenis
1434 833 1637 890 usitata
1670 832 1771 903 (cf.
1800 828 1995 889 Sidou.
2026 830 2219 909 Apoll.
2247 848 2375 911 epp.
2403 828 2562 900 VIII,

515 919 553 978 6
578 936 632 994 p.
647 920 774 979 496
806 914 975 975 Sata:
1019 915 1131 975 Vel
1162 916 1389 975 silentio
1419 936 1510 975 me
1541 916 1664 975 lora
1693 917 1924 986 laxare,
1955 915 2048 974 vel
2072 916 2358 994 stringere
2389 916 2563 974 frena

510 1003 771 1079 garritui)
805 999 1073 1060 audacius
1105 999 1176 1060 ad
1200 1003 1499 1079 granaria
1531 1002 1844 1072 transtulit,
1876 1019 2020 1080 quae
2047 1020 2303 1078 magnam
2331 1001 2562 1079 copiam

512 1088 831 1164 significant
875 1087 999 1159 (Vl,
1029 1091 1158 1160 25).
1218 1087 1519 1146 Pecuniam
1566 1089 1644 1147 ita
1689 1087 2035 1157 contemnis,
2080 1096 2144 1144 ut
2182 1106 2461 1145 nummum
2501 1087 2563 1143 in

510 1182 665 1233 terra
710 1173 991 1232 iacentem
1032 1175 1157 1232 sine
1198 1171 1505 1251 cupiditate
1547 1191 1674 1231 eum
1715 1169 1950 1231 tollendi
1995 1173 2312 1249 praeterire
2342 1172 2563 1252 possis.

509 1256 727 1317 Eodem
757 1258 1017 1338 exemplo
1048 1259 1222 1318 utitur
1252 1259 1514 1318 Horatius
1548 1264 1700 1337 (epp.
1733 1256 1777 1328 1,
1814 1261 1912 1328 16,
1945 1260 2025 1319 63
2053 1264 2241 1336 sqq.):
2303 1257 2461 1329 „Qui
2494 1256 2563 1314 li-

509 1344 702 1403 berior
742 1346 816 1402 sit
856 1364 1098 1415 avarus,
1143 1344 1203 1404 In
1249 1344 1428 1402 triviis
1473 1344 1640 1401 lixum
1683 1363 1806 1402 cum
1849 1363 1914 1402 se
1957 1341 2198 1402 demittit
2241 1343 2313 1402 ob
2342 1361 2563 1413 assem,

508 1428 637 1489 Non
654 1427 884 1490 video.“
929 1430 1156 1490 Fortius
1188 1431 1356 1489 etiam
1389 1429 1555 1488 homo
1585 1427 1658 1489 de
1688 1429 1854 1508 plebe
1885 1427 2030 1506 apud
2062 1427 2386 1488 Petronium
2422 1432 2560 1502 (43)

508 1514 580 1576 de
613 1535 818 1575 avaro·
865 1517 1147 1589 „Paratus
1193 1517 1299 1575 fuit
1337 1512 1702 1595 quadrantem
1733 1513 1807 1574 de
1839 1526 2099 1574 stercore
2129 1513 2416 1574 mordicus
2450 1513 2566 1573 tol-

508 1602 695 1661 lere.“
747 1603 946 1674 Gluto,
979 1601 1231 1680 gulosus,
1262 1601 1339 1660 cf.
1373 1600 1560 1661 Gloss.
1598 1599 1796 1679 Steph.
1828 1621 1882 1678 p.
1921 1603 2075 1661 105:
2115 1601 2314 1678 gluto,
2345 1589 2568 1678 λιμβός

509 1687 580 1747 cl.
611 1687 822 1747 Larch.
856 1687 924 1746 ad
960 1687 1155 1747 Orion.
1192 1699 1370 1765 etym.
1407 1707 1463 1764 p.
1494 1689 1600 1748 95.
1658 1688 1924 1745 Salwam
1962 1686 2210 1744 sorbere
2253 1685 2468 1744 dicitur
2509 1688 2562 1743 is

509 1774 601 1852 qui
633 1770 854 1831 ardenti
886 1775 1137 1851 appetitu
1167 1774 1471 1842 incitatur,
1516 1768 1663 1831 unde
1695 1771 1925 1829 salivam
1957 1791 2189 1830 movere
2223 1771 2389 1845 (Seu.
2425 1791 2559 1850 epp.

507 1857 773 1930 LXXIX,
808 1861 906 1930 6),
938 1857 1008 1917 ad
1039 1858 1266 1924 salivam
1300 1858 1496 1917 faeere
1531 1855 1783 1930 (Petron.
1815 1860 1958 1929 48);
2003 1857 2084 1915 cf.
2120 1855 2220 1927 Vl,
2252 1861 2356 1919 24.
2390 1858 2564 1916 Mer·-

509 1945 757 2004 curialis
785 1955 1023 2003 vocatur
1052 1962 1123 2002 ea
1153 1943 1361 2014 saliva,
1410 1943 1540 2022 quia
1570 1963 1679 2000 non
1711 1941 1960 2000 ciborum
1980 1983 1998 2013 ,
2030 1939 2131 2000 sed
2165 1942 2306 2000 lucri
2334 1940 2563 2020 cupidi-

508 2040 625 2088 tate
657 2039 932 2101 movetur,
965 2029 1106 2088 lucri
1136 2039 1322 2088 autem
1353 2026 1496 2087 deus
1527 2039 1618 2087 est
1644 2026 1961 2086 Mercurius
1994 2025 2087 2099 (ad
2118 2026 2189 2097 11,
2220 2031 2351 2099 44).
2389 2026 2562 2086 Simi-

508 2115 640 2173 liter
667 2114 1036 2174 Mercuriales
1065 2126 1341 2174 vocantur
1370 2115 1462 2193 qui
1496 2113 1653 2172 lucro
1682 2113 1881 2171 intenti
1911 2123 2271 2184 mercantur,
2303 2113 2386 2174 cf.
2417 2113 2557 2172 Hor.

507 2211 618 2260 sat.
670 2198 740 2271 11,
787 2204 845 2270 3,
893 2204 975 2261 25
1018 2200 1099 2259 ib.
1152 2197 1376 2260 Heindl'.
1449 2201 1612 2257 Haec
1648 2216 1776 2256 mea
1814 2208 1989 2269 sunt,
2035 2216 2108 2257 ex
2139 2198 2382 2257 formula
2415 2201 2559 2258 iuris

510 2286 697 2364 (Virg.
730 2286 854 2345 Ecl.
885 2286 986 2356 IX,
1017 2291 1077 2347 4.
1113 2283 1371 2345 Brisson.
1405 2282 1475 2342 de
1510 2284 1673 2342 form.
1708 2282 1783 2354 V,
1818 2287 1920 2355 19)
1952 2303 2081 2341 cum
2124 2302 2263 2341 vere
2294 2286 2556 2355 dher-125,

508 2381 630 2431 esto
673 2373 939 2450 liberque
969 2392 1043 2431 ac
1070 2374 1342 2449 sapiens,
1396 2371 1525 2451 qnia
1556 2367 1860 2430 secundum
1892 2371 2105 2429 stoicos
2136 2369 2292 2428 solus
2321 2373 2558 2449 sapiens

508 2457 654 2516 liber
683 2469 806 2529 est,
848 2458 1230 2530 praetoribus
1262 2455 1479 2517 dextris
1514 2462 1590 2528 (v.
1619 2458 1726 2527 43)
1759 2465 1824 2513 et
1861 2456 2001 2514 Iove
2031 2456 2244 2513 dextro
2292 2455 2391 2527 (ΙΙ,
2432 2461 2558 2527 11),

510 2543 600 2622 qui
634 2543 953 2614 liberator,
1004 2539 1347 2623 ἐλευθέριος
1373 2541 1685 2600 vocabatur
1717 2540 1880 2612 (Tae.
1910 2541 2061 2599 Anu.
2090 2539 2223 2611 XV,
2253 2544 2358 2602 64.
2398 2541 2558 2612 XVI,

510 2631 612 2691 34.
661 2626 851 2686 Schol.
882 2628 997 2687 Iuv.
1027 2627 1101 2699 V,
1134 2631 1237 2689 36.
1284 2626 1392 2685 Dio
1426 2625 1584 2684 Cass.
1616 2623 1793 2697 LXII,
1823 2629 1953 2696 26).
2021 2627 2165 2684 Cum
2195 2623 2411 2704 saeris
2455 2647 2560 2686 no-

506 2723 671 2773 strae
685 2712 974 2792 sarthae,
1009 2711 1260 2772 eiusdem
1292 2713 1555 2790 generis3
1588 2711 1796 2770 locutio
1827 2711 2223 2789 proverbialis.
2284 2711 2368 2771 Ita
2415 2712 2560 2771 Cas-

506 2800 622 2858 sius
665 2798 988 2857 Parmensis
1032 2797 1104 2857 de
1147 2797 1406 2875 Augusto
1439 2795 1612 2855 dixit:
1658 2794 1961 2868 „Materna
1995 2796 2094 2853 tibi
2129 2797 2310 2855 farina
2355 2809 2453 2855 est
2482 2817 2557 2857 ex

507 2882 842 2943 crudissimo
871 2884 1103 2943 Ariciae
1134 2884 1414 2963 pistrino“
1461 2880 1645 2955 (Suet.
1679 2880 1828 2959 Aug.
1857 2886 1954 2955 4),
1987 2902 2314 2961 quamquam
2347 2883 2400 2940 is
2434 2886 2557 2962 qui-

505 2966 633 3029 dem
670 2970 724 3028 ei
766 2988 946 3046 genus
994 2989 1027 3027 a
1072 2970 1281 3047 pistore
1313 2965 1604 3027 oriundum
1637 2966 1986 3045 exprobrare
2019 2967 2193 3026 voluit
2240 2968 2345 3039 (cf.
2384 2967 2557 3028 Wei-

505 3055 689 3114 chert.
723 3050 792 3112 de
825 3053 1026 3113 Cassio
1058 3053 1246 3113 Parm.
1281 3073 1336 3132 p.
1368 3057 1494 3116 283
1514 3057 1686 3134 sqq..)
1730 3052 2078 3111 Pellae‘culam
2116 3062 2369 3111 veterem
2404 3057 2553 3113 reti-

506 3159 644 3211 nes,
694 3149 946 3198 naturam
988 3149 1138 3198 tuam
1171 3159 1280 3196 non
1314 3140 1571 3209 mutasti,
1619 3135 1768 3218 quod
1794 3135 1869 3197 de
1901 3139 2162 3215 anguium
2195 3140 2418 3196 exuviis
2450 3157 2552 3199 ex-

507 3225 707 3304 plicari
737 3235 947 3303 potest.
1016 3224 1259 3282 Casaub.
1294 3224 1651 3301 proverbium
1682 3222 1958 3281 Graecum
1991 3223 2157 3281 affert
2186 3218 2297 3295 τὴν
2325 3218 2554 3304 ἄνδρα·

504 3306 752 3382 ποδώδη
795 3307 970 3391 τρίχα
1009 3303 1165 3387 ἔχειν
1222 3308 1395 3380 (Plat.
1439 3309 1567 3366 Ale.
1597 3308 1621 3366 Ι
1658 3327 1712 3385 p.
1752 3312 1870 3370 120
1898 3306 1965 3366 Β.
2013 3306 2236 3367 Ruhuk.
2286 3307 2358 3366 ad
2405 3309 2549 3368 Tim.

504 3416 561 3475 p.
592 3399 696 3457 36.
733 3394 974 3472 Diogen.
1006 3413 1165 3472 prov.
1195 3393 1237 3465 1,
1273 3398 1400 3465 73)
1464 3394 1808 3472 Quocunque
1852 3389 2017 3452 modo
2063 3393 2415 3472 explicetur,
2456 3397 2550 3452 vix

505 3478 766 3540 videatur
795 3491 925 3558 apte
957 3482 1231 3559 positum,
1273 3500 1397 3538 eum
1430 3499 1560 3537 mox
1590 3490 1860 3557 sequatur
1881 3476 2099 3555 fronte
2125 3478 2390 3556 polttus,
2441 3499 2548 3558 qua

504 3567 916 3644 significatione
961 3565 1059 3636 lV,
1112 3571 1186 3627 14
1233 3562 1372 3623 dixit
1409 3565 1572 3643 pelle
1614 3565 1897 3635 decorus,
1947 3562 2104 3642 quod
2148 3575 2329 3621 ortum
2374 3575 2472 3622 est
2510 3583 2544 3623 e

505 3651 685 3711 Persii
718 3649 904 3711 studio
936 3649 1159 3710 diversa
1191 3652 1410 3709 ratione
1441 3649 1589 3708 idem
1620 3647 2001 3727 exprimendi,
2047 3669 2156 3728 quo
2187 3649 2247 3707 fit
2279 3659 2338 3706 ut
2369 3651 2546 3709 inter·

506 3735 632 3796 dum
663 3737 968 3815 coniungat
998 3757 1142 3816 quae
1174 3756 1282 3795 non
1314 3736 1452 3795 satis
1485 3735 1630 3795 bene
1662 3736 1812 3793 inter
1841 3754 1905 3793 se
1950 3734 2245 3813 quadrant.
2347 3735 2544 3793 Frons

506 3822 577 3882 de
620 3833 861 3882 externo
906 3822 1097 3881 habitu
1140 3842 1210 3881 ao
1252 3822 1448 3899 specie
1491 3822 1749 3900 ponitur,
1798 3821 1980 3878 auimo
2025 3831 2085 3878 ct
2115 3820 2283 3878 menti
2315 3821 2544 3897 opposi-

505 3910 612 3980 tis,
659 3908 734 3967 cf.
787 3906 922 3966 Sen.
970 3928 1129 3967 cons.
1178 3904 1246 3965 ad
1293 3907 1455 3965 Helv.
1489 3912 1559 3968 5:
1608 3903 1842 3976 „luania
1871 3937 1954 3948 -—
1986 3906 2172 3964 iuveni
2218 3906 2366 3963 intra
2407 3903 2542 3963 nihil

505 3993 769 4053 habentia
800 3994 975 4052 fronti
1006 4012 1144 4052 suae
1176 3992 1421 4051 simile.“
1466 3991 1587 4051 Cic.
1610 3990 1681 4050 ad
1714 3990 1905 4062 fam.1,
1927 3994 1986 4061 9,
2023 3996 2133 4052 17:
2180 3988 2396 4069 „quue
2429 4009 2537 4048 non

505 4080 681 4139 solum
713 4080 901 4139 fronte
932 4091 1101 4159 atque
1134 4078 1316 4149 vultu,
1365 4076 1563 4157 quibus
1609 4077 1886 4136 simulatio
1917 4077 2184 4136 facillime
2217 4076 2538 4141 sustinetur,

290 4310 767 4621 *⁸*-
