2764 4738
557 388 681 457 192
1262 335 1430 454 sii.
1463 392 1537 465 v,
1579 396 1659 457 69
1691 426 1772 441 -
1807 397 1908 456 ⁷⁶.

559 565 691 624 ierit
720 570 806 638 (ut
835 559 961 623 dies
992 559 1140 623 diem
1170 562 1377 637 trudit,
1407 566 1585 643 intpp.
1617 563 1847 624 Petron.
1877 568 2019 632 45),
2062 573 2127 622 et
2153 582 2389 643 semper
2425 566 2616 642 paul·

559 653 675 710 lum
720 651 842 709 erit
877 650 1077 720 ultra,
1132 670 1426 730 quousque
1485 653 1876 728 processeris,
1919 669 2147 729 semper
2191 650 2442 708 futurum
2494 651 2615 709 erit

555 736 653 795 tibi
686 755 851 805 crae,
882 735 958 793 cs.
993 733 1107 793 loa.
1141 734 1441 832 Chrysost.
1459 755 1544 795 or.
1571 734 1798 794 XIXad
1828 755 1960 814 pop.
1989 733 2255 794 Antiocb.
2287 756 2322 793 a
2353 734 2612 793 Casaub.

559 820 852 880 laudatus:
883 815 1002 892 Μή
1032 839 1137 896 μοι
1162 816 1326 898 λέγε,
1360 816 1452 880 ὅτι
1476 816 1629 879 κατὰ
1656 816 1899 901 μικρὸν,
1923 818 2081 923 μηδὲ
2111 818 2195 889 εἰς
2230 815 2341 893 τὴν
2384 814 2615 902 αὔριον

558 902 817 984 ἁναβάλλ
824 925 929 974 ου,
961 927 999 977 η
1042 899 1160 986 γὰρ
1186 900 1404 985 αὔριον
1432 901 1716 964 οὐδέποτε
1743 907 2031 982 λαμβανει
2052 901 2238 973 τέλος.
2290 904 2435 963 Hinc
2466 924 2612 963 seu·

555 993 786 1050 tentiam
819 990 1106 1048 illustrat
1093 990 1334 1067 imagine
1361 1000 1562 1061 rotae,
1593 1009 1736 1069 quae
1765 991 2019 1072 quamvis
2049 989 2352 1049 celerrime
2386 1001 2609 1090 currat,

558 1095 833 1155 nunquam
897 1075 1170 1146 alteram,
1226 1094 1370 1154 quae
1423 1071 1481 1134 in
1528 1074 1726 1134 eodem
1773 1095 1942 1134 curru
1986 1076 2141 1153 prior
2184 1086 2309 1145 est,
2367 1075 2609 1154 assequi

559 1171 781 1241 potest.
814 1161 888 1218 ita
922 1161 1005 1231 is,
1036 1160 1128 1240 qui
1158 1179 1386 1238 semper
1415 1161 1470 1220 iu
1501 1162 1804 1219 crastinum
1835 1159 1981 1220 diem
2014 1159 2271 1238 profert,
2318 1180 2610 1239 nunquam

559 1245 693 1306 illud
725 1265 885 1316 cras,
918 1243 1109 1325 quod
1096 1266 1149 1303 ιιι
1182 1264 1283 1303 ore
1315 1245 1519 1315 babet,
1551 1247 1892 1325 assequitur.
1973 1245 2272 1316 Canthus,
2319 1244 2469 1324 quod
2501 1265 2612 1303 vo·

559 1332 816 1392 cabulum
847 1330 1145 1389 barbarum
1176 1342 1342 1389 vocat
1373 1330 1745 1403 Quintilianus
1778 1331 1845 1402 (Ι,
1878 1335 1939 1400 5,
1970 1334 2033 1400 8)
2078 1332 2305 1409 proprie
2345 1331 2609 1390 ferreum

560 1417 754 1476 orbem
819 1415 1132 1494 significat,
1188 1435 1299 1496 quo
1342 1427 1468 1474 rota
1515 1414 1894 1475 circumdatur
1938 1415 2186 1488 (Graeca
2227 1411 2607 1494 ἐπίσσωτρα,

562 1500 755 1561 Schol.
788 1501 947 1559 nom.
978 1500 1042 1559 ΙΙ.
1074 1521 1126 1572 ε,
1161 1505 1306 1562 724.
1340 1499 1498 1559 Suid.
1529 1500 1717 1580 Etym.
1733 1521 1782 1559 3.
1799 1522 1858 1560 v.
1894 1497 2292 1581 ἐπίσσωτοα),
2322 1500 2400 1559 cf.
2428 1499 2608 1558 Prob.

558 1586 627 1646 ad
658 1586 821 1664 Virg.
856 1585 1066 1663 Georg.
1102 1586 1143 1656 Ι,
1179 1590 1324 1648 163.
1362 1584 1618 1645 Diomed.
1650 1585 1725 1645 Ill
1754 1607 1811 1664 p.
1827 1591 1973 1648 474.
2006 1585 2077 1644 cl.
2091 1585 2397 1663 Angustia.
2419 1586 2608 1664 princ.

560 1672 692 1731 dial.
725 1682 766 1730 t.
798 1670 822 1730 1
851 1691 906 1750 p.
937 1674 1062 1733 818
1095 1671 1235 1730 Beu.
1281 1670 1527 1730 Martial.
1572 1670 1729 1744 xlv,
1775 1675 1878 1742 68,
1924 1671 2014 1729 bic
2059 1690 2163 1748 pro
2194 1682 2321 1729 rota
2354 1672 2606 1749 ponitur.

563 1756 762 1817 Rotam
807 1758 980 1834 igitur
1021 1757 1272 1835 quamvis
1317 1776 1496 1836 prope
1542 1766 1600 1815 te
1645 1766 1706 1816 et
1749 1756 1852 1815 sub
1884 1776 1994 1815 uno
2026 1753 2340 1835 eodemque
2374 1766 2607 1815 temone

558 1861 692 1902 sese
736 1851 1047 1900 vertentem
1091 1842 1301 1901 frustra
1348 1841 1702 1914 sectaberis,
1757 1862 1882 1901 cum
1937 1843 2224 1919 posterior
2268 1851 2397 1899 rota
2440 1852 2502 1900 et
2547 1838 2607 1900 in

560 1947 669 1988 axe
702 1924 952 1987 secundo
978 1946 1208 1997 σοι-ηε,
1240 1927 1332 1986 ubi
1363 1928 1502 1986 satis
1533 1925 1808 1987 audacter
1832 1945 2080 2008 persona
2110 1947 2235 1986 cum
2265 1937 2433 1997 rota,
2463 1946 2606 2006 qua-

561 2033 685 2072 cum
717 2022 1102 2090 comparatur,
1133 2012 1362 2071 coaluit.

503 2124 532 2162 t
732 2119 785 2156 v.
819 2100 1091 2160 73—90.
1134 2098 1441 2157 Libertate
1469 2117 1614 2177 opus
1645 2106 1773 2169 est,
1820 2094 1925 2156 sed
1954 2116 2128 2169 vera,
2158 2117 2269 2155 non
2302 2115 2403 2168 ea,
2435 2117 2604 2177 quam

560 2185 646 2242 ius
674 2182 838 2243 civile
870 2181 996 2253 dat,
1028 2193 1088 2241 ut
1119 2180 1342 2243 Seneca
1373 2185 1454 2240 ait
1482 2183 1756 2264 (quaestt.
1787 2193 1903 2242 nat.
1932 2182 2008 2242 111
2037 2184 2221 2262 praef.
2239 2204 2296 2261 p.
2313 2186 2397 2244 89
2414 2182 2604 2261 Bip.)=

560 2269 759 2338 „Haec
778 2287 873 2326 res
891 2268 1069 2327 efficit
1083 2288 1192 2326 non
1217 2269 1389 2328 eiuro
1412 2268 1704 2341 Quiritium
1722 2267 1978 2340 liberum,
2009 2266 2111 2326 sed
2129 2270 2306 2328 eiuro
2338 2278 2602 2326 naturae.

559 2354 736 2415 Liber
764 2363 950 2412 autem
982 2364 1093 2425 est,
1124 2353 1215 2433 qui
1246 2355 1579 2415 servitutem
1610 2353 1807 2432 effugit
1837 2355 1987 2413 sui.“
2016 2355 2149 2413 Non
2169 2355 2308 2424 luae,
2344 2363 2434 2425 ut,
2468 2374 2604 2434 qua,

561 2441 748 2521 (quasi
780 2437 988 2498 dixerit
1017 2440 1127 2511 ila,
1162 2446 1248 2512 ut)
1280 2441 1608 2499 scabiosum
1622 2438 1743 2519 sar
1775 2442 2066 2499 tesserula
2093 2442 2364 2518 posside!
2383 2483 2402 2510 ,
2438 2442 2604 2517 quis·

560 2545 711 2605 que,
759 2526 1074 2606 quicunque
1109 2522 1203 2598 (ad
1233 2524 1331 2597 lv,
1362 2530 1470 2597 28)
1502 2526 1746 2584 Publius
1783 2527 2033 2584 emeruit
2075 2526 2310 2585 Velina.
2378 2524 2485 2597 Qui
2533 2525 2602 2584 li-

557 2612 834 2671 bertatem
868 2621 1066 2669 nactus
1098 2621 1260 2682 erat,
1303 2613 1586 2682 emerunt
1636 2611 1683 2669 is
1724 2629 2065 2689 praenomen
2097 2610 2423 2688 accipiebat
2450 2630 2507 2668 ι.
2538 2630 2598 2671 c.

557 2696 761 2756 Publii
785 2702 865 2768 (v.
901 2699 1040 2767 79),
1072 2706 1132 2754 et
1159 2696 1329 2754 tribui
1359 2694 1826 2768 adscribebaturt,
1892 2697 2159 2754 Velinum
2191 2696 2439 2774 exempli
2471 2696 2603 2755 loco

556 2782 755 2852 affert,
786 2791 847 2839 ut
877 2780 1071 2840 Horat.
1104 2799 1231 2859 epp.
1266 2781 1307 2852 Ι,
1342 2784 1401 2853 6,
1436 2785 1536 2843 52.
1596 2780 1685 2839 Cis
1685 2780 1822 2839 ibus
1866 2791 2051 2839 autem
2081 2781 2462 2860 pauperibus,
2508 2783 2601 2860 qui

558 2868 666 2927 hoc
706 2866 983 2925 beneficio
1025 2885 1060 2925 a
1104 2877 1370 2943 praetore
1418 2863 1569 2944 digni
1617 2865 2034 2936 indicabantur,
2084 2877 2312 2926 tessera
2358 2865 2604 2926 dabatur

559 2952 750 3026 (Suet.
784 2951 933 3030 Aug.
965 2956 1068 3013 40.
1101 2950 1222 3012 lux.
1257 2951 1386 3024 Vll,
1422 2955 1561 3013 174.
1605 2951 1871 3011 Thomas.
1904 2950 1975 3012 de
2004 2960 2145 3010 tess..
2180 2952 2345 3030 hosp.
2377 2972 2431 3011 c.
2471 2955 2598 3029 16).

556 3058 666 3118 qua
710 3037 930 3115 prolata
970 3037 1145 3096 certis
1190 3034 1388 3095 diebus
1417 3035 1788 3116 frumentum
1828 3037 2184 3114 accipiebant
2215 3037 2317 3108 (cf.
2351 3037 2595 3095 Casaub.

556 3121 628 3182 ad
675 3121 835 3181 Suet.
868 3121 905 3180 1.
939 3121 975 3180 l.
1021 3121 1179 3200 Lips.
1227 3122 1437 3181 Electt.
1468 3120 1511 3191 Ι,
1543 3126 1603 3184 8.
1664 3122 1912 3180 Walter.
1959 3121 2024 3181 R.
2068 3120 2494 3200 Rechtsgescb.
2543 3142 2596 3200 p.

555 3214 682 3270 247
713 3214 867 3288 sq.),
909 3208 1098 3286 itaque
1145 3208 1403 3287 permulti
1450 3225 1625 3284 saepe
1657 3207 2222 3277 manumittebantur,
2262 3218 2325 3266 nt
2354 3207 2465 3266 boc
2496 3207 2596 3266 be-

556 3293 758 3353 neficio
789 3294 1131 3360 fruerentur,
1162 3292 1328 3352 Dion.
1360 3292 1486 3351 Hal.
1518 3293 1614 3364 lv,
1645 3296 1747 3354 24.
1779 3292 1889 3351 Dio
1922 3293 1985 3351 C.
2018 3291 2293 3364 XXXIX,
2315 3295 2426 3353 24.
2479 3292 2596 3351 Hoc

558 3379 928 3450 frumentum,
975 3375 1123 3457 quod
1169 3379 1293 3438 sine
1339 3376 1662 3437 discrimine
1708 3397 1920 3436 morum
1960 3379 2108 3437 inter
2150 3379 2308 3437 cives
2337 3374 2596 3437 distribui

556 3474 715 3523 notat
748 3463 969 3523 Seneca
1005 3460 1220 3535 (benef.
1251 3463 1515 3536 1V,28),
1543 3463 1872 3523 scabiosum
1894 3461 2017 3542 sar
2050 3462 2373 3521 contemtia
2407 3473 2595 3532 vocat,

557 3559 618 3608 ut
648 3548 791 3628 apud
825 3548 1015 3608 luveu.
1047 3548 1089 3606 l.
1126 3548 1162 3607 Ι.
1193 3548 1318 3607 vilis
1350 3549 1613 3607 frumenti
1643 3559 1870 3607 tessera
1900 3548 2121 3607 dicitur.
2173 3549 2313 3606 Heu
2355 3550 2596 3607 steriles

558 3636 693 3694 veri
720 3635 820 3709 (cf.
851 3633 1003 3693 Veli.
1035 3632 1079 3703 1,
1114 3638 1211 3704 28,
1234 3637 1271 3694 3
1304 3633 1612 3692 liberalium
1645 3632 1952 3692 studiorum
1984 3632 2236 3693 steriles.
2285 3632 2432 3692 Tac.
2465 3633 2595 3692 bist.

559 3720 604 3792 Ι,
636 3723 734 3793 3),
780 3719 987 3797 quibus
1031 3738 1147 3778 nna
1178 3721 1407 3797 vertigo
1429 3717 1603 3798 facit
1633 3720 1955 3794 Quiritem,
2006 3720 2165 3777 cuius
2195 3738 2251 3776 v.
2286 3718 2596 3798 singularis

556 3822 850 3879 numerus,
897 3823 1225 3885 quamquam
1272 3823 1347 3864 ex
1368 3802 1604 3863 decreto
1647 3805 2139 3882 grammaticorum
2183 3804 2317 3882 poni
2348 3824 2464 3862 non
2494 3803 2608 3864 dem

555 3890 747 3960 bebat,
777 3900 963 3948 tamen
995 3888 1146 3948 baud
1174 3891 1371 3969 paucis
1402 3888 1545 3948 locis
1576 3889 1805 3967 legitur,
1835 3909 1889 3947 v.
1909 3886 2141 3948 Lflbker
2168 3885 2241 3948 ad
2254 3887 2397 3947 Hor.
2421 3909 2595 3949 carm.

556 3974 600 4047 l,
632 3981 694 4047 7,
724 3978 784 4036 3.
844 3973 1116 4046 Quiritem
1146 3995 1286 4034 vero
1318 3971 1460 4034 facit
1488 3976 1739 4052 vertigo,
1782 3974 1914 4054 quia
1944 3975 2308 4033 manumissio
2339 3994 2451 4054 per
2478 3976 2599 4034 vin·

556 4060 796 4133 dictam,
842 4077 986 4140 quae
1026 4060 1117 4121 bic
1145 4060 1529 4141 significatur,
1569 4060 1792 4140 plenum
1838 4061 1924 4120 ius
1955 4060 2205 4121 civitatis
2236 4055 2448 4130 dabat,
2491 4080 2598 4120 non

416 4320 737 4555 ‘N
