2764 4738
501 397 623 464 124
1211 397 1378 461 SAT.
1411 400 1481 471 11,
1513 405 1592 463 19
1632 431 1716 446 —
1745 403 1855 463 28.

497 572 763 642 haereas,
795 589 937 631 neve
982 589 1227 650 quaeras
1268 572 1507 631 alterum
1553 571 1647 650 qui
1691 569 1894 630 melior
1922 568 1997 626 sit
2036 577 2191 626 tutor
2220 578 2319 626 aut
2347 564 2539 636 iudex,

498 676 623 715 nam
651 657 741 715 vir
769 655 948 715 bouus
978 667 1105 727 est,
1150 658 1240 716 cui
1285 665 1409 717 toto
1450 667 1509 716 te
1552 667 1762 735 tuaque
1808 653 2159 713 committere
2204 655 2414 731 possis.
2460 652 2541 711 Et

497 742 606 801 boc
634 760 857 822 quoquc
891 742 1107 801 ironice
1123 740 1335 801 dictum
1364 752 1475 812 est,
1506 742 1822 821 quasivero
1852 739 1960 798 bac
1993 735 2064 798 de
2094 757 2272 797 causa
2302 737 2543 797 baereat

497 846 724 898 avarus,
756 846 941 906 neque
988 829 1171 907 potius
1217 826 1385 898 ideo,
1430 825 1577 907 quod
1607 827 1830 885 omnino
1863 823 2123 883 fallacem
2171 823 2319 882 banc
2349 822 2541 902 dispu-

496 914 765 971 tationem
795 911 1097 971 detrectet.
1131 912 1245 972 Cnr
1270 931 1411 971 vero
1444 911 1586 971 Staii
1617 930 1839 982 nomen,
1871 907 2018 989 quod
2032 907 2180 968 haud
2205 909 2540 988 infrequens

498 998 726 1057 fnissel.
747 999 801 1056 in
834 1016 964 1056 ann.
996 1000 1121 1057 crit.
1152 997 1193 1058 l.
1227 995 1668 1057 demonstratum
1684 1006 1796 1067 est,
1827 995 2071 1073 elegerit
2088 1005 2281 1073 pocta,
2312 995 2533 1063 nescio,

496 1102 604 1141 nec
634 1083 806 1154 scire,
835 1093 990 1162 puto,
1022 1084 1241 1143 attinet.
1283 1085 1444 1143 Iovis
1477 1102 1680 1141 aurem
1711 1081 2012 1159 impellens·
2030 1124 2051 1152 ‚
2083 1090 2147 1138 ut
2188 1078 2354 1158 Virg.
2383 1078 2535 1139 Aen.

496 1167 906 1247 Xn‚6160q.:
950 1166 1377 1248 „Arrectasque
1409 1168 1623 1247 impulit
1640 1185 1811 1226 aures
1827 1165 2103 1226 confusae
2122 1184 2296 1224 sonus
2312 1162 2536 1234 urbis,“

497 1252 577 1313 cf.
611 1251 823 1330 Georg.
856 1251 955 1323 lv,
985 1257 1131 1316 349.
1160 1254 1318 1312 Proh
1345 1255 1654 1332 Iuppiter!
1681 1252 2018 1312 exclamatio
2049 1247 2394 1328 indignantis
2427 1260 2539 1320 est,

498 1358 551 1396 v.
584 1334 745 1396 Ovid.
789 1338 929 1396 Met.
967 1338 1116 1410 XIII,
1163 1344 1222 1408 5,
1262 1349 1323 1398 ut
1368 1339 1513 1398 bone
1554 1338 1862 1415 Iuppiter!
1940 1337 2189 1394 maxime
2227 1337 2540 1413 Iuppiter!

498 1420 662 1494 (Hor.
698 1421 817 1481 Sat.
850 1422 894 1494 1,
925 1426 986 1494 2,
1021 1428 1100 1485 17
1146 1429 1277 1503 sq.).
1337 1424 1553 1482 Facete
1598 1425 1770 1500 igitur
1812 1422 2067 1500 Iuppiter
2095 1440 2236 1499 prae
2278 1418 2537 1497 indigna-

497 1509 651 1566 tione
711 1519 771 1566 et
814 1509 937 1585 ipse
983 1510 1176 1566 Iovem
1218 1510 1479 1567 clamare
1522 1506 1728 1566 dicitnr
1775 1513 1858 1578 (ut
1910 1503 2096 1565 divum
2142 1505 2539 1584 bominumque

417 1605 420 1608 ·
498 1589 660 1650 fidem
693 1592 938 1651 clamare
969 1590 1114 1671 apud
1147 1592 1326 1651 Plaut.
1342 1592 1531 1652 Aulul.
1564 1592 1633 1664 11,
1664 1595 1725 1662 4,
1756 1595 1888 1662 20).
1927 1624 2008 1637 -—
2042 1587 2342 1659 Credisne,
2376 1592 2541 1668 igno-

495 1678 647 1734 visse
677 1673 863 1745 deum,
894 1679 1022 1755 quia
1051 1677 1224 1736 arbor
1252 1679 1440 1755 potins
1468 1678 1664 1736 insons
1696 1673 1926 1736 fulmine
1959 1678 2283 1735 dhe-utitur
2296 1673 2535 1748 (Se-nec.

497 1771 742 1840 quaestt.
779 1773 891 1819 nat.
925 1761 993 1832 11,
1024 1765 1128 1824 4⁰.
1160 1761 1393 1821 Lucrct.
1426 1761 1526 1833 Vl,
1559 1765 1731 1834 337),
1774 1780 1940 1840 quam
1985 1772 2044 1819 tu
2085 1779 2211 1819 cum
2243 1761 2354 1818 tuis
2385 1766 2540 1832 (cum

489 1847 662 1923 prole
693 1847 970 1924 domoque
1013 1848 1093 1904 ait
1122 1847 1313 1906 Iuven.
1354 1845 1507 1916 XIII,
1551 1850 1677 1908 206
1718 1845 2005 1905 oraculum
2049 1845 2404 1903 notissimum
2446 1863 2543 1904 re-

498 1931 766 2008 spiciens,
797 1931 891 1989 ubi
919 1931 1122 1989 πᾶσαν
1151 1926 1341 1990 ὀλέσει
1363 1926 1574 2008 γενεὴν
1604 1929 1709 1989 καὶ
1733 1925 1903 1989 οἶκον
1933 1927 2192 2000 ἅπαντα,
2225 1950 2280 1988 v.
2312 1932 2542 2008 intpp.).

505 2012 724 2091 Suffm·
763 2026 932 2075 vocat
974 2016 1219 2088 fulmen,
1262 2018 1427 2096 qnia,
1475 2026 1535 2074 ut
1577 2017 1657 2074 ait
1686 2015 1897 2074 Plinius
1929 2015 2024 2086 (n.
2055 2014 2127 2074 N.
2159 2014 2409 2086 XXXV,
2445 2019 2547 2085 15,

498 2103 624 2170 5⁰),
656 2098 884 2160 fulmina
915 2112 975 2160 et
1005 2099 1228 2178 fulgura
1256 2119 1481 2181 quoqne
1512 2101 1746 2160 sulfuris
1777 2097 2011 2160 odorem
2045 2099 2290 2171 babent,
2336 2111 2402 2159 et
2443 2100 2541 2158 lux

494 2184 618 2260 ipsa
649 2203 843 2244 eorum
875 2185 1128 2244 sulfurea
1159 2195 1251 2244 est
1282 2187 1382 2258 (cf.
1405 2184 1874 2265 Senec.qnaestt.
1894 2195 2034 2244 natt.
2065 2184 2134 2257 11,
2169 2189 2272 2247 53.
2304 2184 2544 2244 Lucret.

496 2266 599 2339 vl,
627 2272 772 2332 219.
804 2269 968 2349 Virg.
997 2268 1146 2329 Aen.
1190 2270 1261 2342 11,
1293 2274 1445 2347 698)
1467 2313 1484 2341 ‚
1523 2289 1760 2329 sacrum
1789 2280 1997 2343 autem,
2030 2268 2177 2350 quod
2209 2290 2244 2329 a
2276 2268 2386 2328 diis
2417 2271 2547 2329 mit·

496 2355 650 2425 titur,
680 2366 741 2413 ut
769 2355 1094 2415 Ammianus
1139 2354 1505 2415 Marcellinus
1538 2355 1782 2430 (XXIII,
1834 2360 1938 2429 13)
1972 2356 2182 2415 fulmen
2217 2358 2417 2434 ignem
2446 2374 2547 2415 sa-

495 2458 657 2497 crum
686 2452 873 2498 vocat.
935 2439 996 2499 Si
1041 2442 1165 2519 quis
1212 2442 1442 2500 fulmine
1485 2460 1693 2501 caesus
1736 2452 1897 2512 erat,
1944 2444 1992 2500 is
2034 2461 2109 2501 ex
2151 2444 2547 2521 antiquissima

494 2522 712 2583 Numae
757 2525 886 2601 lege
932 2523 1101 2604 (apud
1148 2525 1306 2586 Fest.
1350 2546 1402 2585 s.
1437 2548 1495 2585 v.
1530 2532 1747 2600 oscum)
1794 2524 1998 2586 eodem
2046 2527 2176 2586 loco
2205 2526 2550 2586 humabatur

496 2607 794 2680 (Artemid.
827 2610 897 2679 11,
930 2615 989 2672 8.
1024 2610 1163 2669 Plin.
1196 2610 1268 2671 fl.
1302 2610 1379 2670 Ν.
1417 2610 1486 2682 11,
1518 2616 1621 2679 54,
1654 2616 1782 2685 55),
1815 2612 2091 2692 reliquiae
2136 2622 2326 2671 autem
2359 2612 2551 2691 fulgu-

495 2694 573 2750 ris
604 2693 1016 2772 colligebantur
1045 2705 1104 2753 et
1134 2693 1522 2755 condebantur
1553 2695 1772 2769 (Iuven.
1805 2697 1905 2768 Vl,
1938 2702 2127 2769 587),
2158 2697 2321 2756 locus
2353 2699 2552 2776 sepie-

494 2776 659 2836 batur
687 2790 747 2837 et
776 2779 1042 2839 bidental
1078 2780 1421 2851 vocabatur,
1468 2782 1599 2859 quia
1629 2799 1768 2840 oves
1782 2780 2042 2841 bidentes
2075 2782 2555 2841 sacrificabantur

496 2860 687 2932 (Serv.
719 2863 788 2922 ad
833 2864 996 2941 Virg.
1041 2863 1190 2923 Aen.
1238 2865 1337 2936 lv,
1385 2870 1485 2927 57.
1532 2866 1633 2936 Vl,
1679 2869 1787 2928 39.
1836 2866 1996 2926 Fest.
2041 2887 2089 2925 s.
2131 2887 2189 2926 v.
2237 2868 2554 2940 bidental).

496 2945 583 3005 Cl'.
615 2947 840 3018 Muller,
886 2948 1115 3009 Etrusk.
1162 2949 1211 3008 u
1253 2970 1310 3028 p.
1348 2955 1424 3012 12
1470 2970 1593 3030 sqq.
1640 2950 1933 3030 θοι-ωας,
1992 2951 2123 3011 Rel.
2174 2949 2233 3012 d.
2284 2951 2455 3012 Rom.
2502 2952 2553 3012 11

493 3051 549 3109 p.
584 3036 664 3093 12
696 3053 779 3112 sq.
826 3033 969 3106 Quia
1000 3034 1146 3094 baec
1187 3037 1373 3093 omnia
1418 3054 1495 3094 ex
1524 3035 1894 3095 Etruscorum
1939 3035 2239 3116 disciplina
2270 3037 2345 3096 ab
2376 3038 2554 3097 baru-

493 3117 744 3260 sleicffillll
776 3119 1003 3260 lielffint,
1027 3120 1921 3267 kErIgemzazefimztiiinellgtrtlrsfzo
1967 3141 2102 3181 usus
2148 3134 2242 3182 est
2275 3122 2554 3266 genius,

493 3219 526 3258 c
555 3242 571 3258 .
741 3221 826 3274 er,
933 3222 1027 3261 rus
1067 3245 1083 3261 .
1219 3246 1235 3262 .
1403 3249 1417 3264 .
1585 3247 1601 3264 .
1720 3247 1737 3264 .
1835 3226 1854 3264 ι
1896 3227 2042 3278 rae,
2089 3218 2242 3267 teste
2331 3227 2551 3267 arrone

496 3282 585 3357 (L.
617 3284 686 3345 L.
731 3287 807 3357 V,
850 3290 993 3359 79),
1040 3298 1101 3347 et
1143 3225 1345 3348 Suel-vio
1394 3287 1489 3360 (ad
1533 3226 1698 3369 θὴς.
1742 3289 1892 3351 Αοιι.
1936 3292 2036 3363 vl,
2086 3296 2232 3356 599.
2277 3293 2358 3365 X,
2405 3296 2555 3356 176.

495 3366 706 3448 Georg.
737 3372 782 3444 1,
818 3375 984 3443 120),
1016 3373 1224 3433 iecoris
1256 3376 1597 3434 eminentiae
1629 3386 1790 3446 sunt,
1823 3388 1883 3437 et
1911 3378 1966 3436 in
1997 3379 2273 3456 auspiciis
2316 3381 2559 3457 capien-

494 3449 580 3511 dis
611 3474 858 3516 summae
888 3460 1278 3527 auctoritatis,
1320 3457 1467 3520 unde
1499 3462 1556 3518 in
1587 3461 1885 3520 sacrificiis
1917 3482 2026 3523 eae
2056 3464 2418 3541 potissimum
2451 3484 2560 3523 no-

495 3538 806 3614 minantur,
847 3542 924 3601 cf.
953 3563 1013 3601 v.
1047 3547 1156 3605 45.
1230 3545 1446 3615 Triste,
1481 3554 1545 3605 ut
1575 3544 1844 3604 Horatius
1879 3547 1976 3620 (A.
2012 3547 2075 3606 P.
2108 3553 2289 3622 471),
2320 3552 2559 3609 evitan-

496 3621 741 3702 dumque
770 3636 940 3687 vocat
968 3624 1250 3697 bidental,
1294 3631 1425 3708 quia
1457 3630 1589 3688 talia
1621 3630 1749 3690 loca
1768 3673 1785 3701 ‚
1833 3642 1895 3690 ut
1924 3634 2005 3690 ait
2032 3633 2367 3693 Ammianus
2398 3634 2559 3693 Mar-

494 3705 729 3769 cellinus
775 3712 1018 3785 (XXIII,
1079 3718 1141 3785 5)
1189 3734 1297 3773 nec
1327 3716 1535 3774 intueri
1576 3736 1685 3775 nec
1715 3716 1929 3776 calcari
1960 3714 2177 3778 debere
2234 3719 2559 3798 fulgurales

493 3788 620 3849 libri
650 3794 939 3856 iubebant.
989 3796 1275 3858 Audacius
1319 3811 1509 3858 autem
1556 3804 1734 3880 ipsum
1767 3801 2048 3861 hominem
2088 3803 2348 3863 bidental
2381 3825 2560 3865 voca-

494 3874 592 3944 vit,
622 3879 769 3955 quod
801 3882 873 3941 de
906 3882 1032 3940 loco
1062 3886 1322 3964 usurpari
1354 3885 1523 3956 solet,
1555 3887 1648 3945 ubi
1678 3886 1804 3945 talis
1835 3887 2096 3946 humatus
2128 3900 2243 3949 est.
2312 3892 2560 3949 Vellere

370 4003 390 4027 ,
493 3957 732 4022 barbam
765 3969 864 4039 (cl'.
899 3965 968 4025 ad
993 3967 1035 4037 1,
1075 3973 1215 4039 133)
1242 3970 1517 4048 praebet,
1553 3973 1735 4031 simile
1768 3983 1859 4031 est
1891 3993 1957 4031 os
1974 3976 2351 4033 contumeliis
2369 3995 2559 4054 prae-

492 4041 628 4100 om-
656 4048 808 4117 (mv.
844 4053 940 4126 ιν,
973 4057 1074 4125 35,
1113 4058 1210 4116 ιο.
1260 4055 1401 4115 Tae.
1448 4054 1591 4116 nist.
1626 4057 1720 4128 ιιι,
1751 4061 1855 4130 31,
1901 4059 1980 4118 cr.
2013 4058 2256 4120 Terent.
2292 4058 2554 4140 Adelph.
