2764 4738
483 444 616 515 292
974 445 1375 510 scneL.·An
1409 446 1581 511 ΕΔΤ.
1620 448 1692 524 11,
1734 451 2038 515 69—73.

485 629 550 683 et
577 640 690 679 non
718 618 907 679 usuris
938 621 1389 680 consecrantur?
1415 618 1615 700 quibua
1646 615 1755 679 diis
1785 630 1897 680 tam
1926 628 2057 679 sunt
2084 637 2225 697 opes
2256 637 2537 698 superva-

488 725 668 778 cuae,
712 724 875 786 quam
905 704 1123 765 Veneri
1153 724 1375 784 puppae
1416 711 1474 778 ¹,
1521 724 1659 786 quas
1700 702 1957 786 virgines
1988 704 2265 765 nubentes
2297 703 2533 764 donant.

488 789 944 850 ¹*solebant*
1015 791 1162 850 enim
1232 788 1621 869 *virginea
1698 802 2090 871 antequam
2156 790 2538 850 nuberent

492 873 854 956 quaedam
907 876 1390 954 virginitatis
1449 894 1628 934 suae
1693 874 1885 936 dona
1931 875 2211 935 Veneri
2269 893 2536 935 conae·

488 980 736 1021 crare.
813 960 964 1020 Hoc
1005 970 1080 1020 et
1129 960 1373 1020 Varro
1432 960 1802 1020 scribit.*
1885 959 1948 1020 Si
1994 960 2278 1031 homines,
2330 961 2531 1040 inquit,
2636 1000 2651 1023 -

488 1046 612 1107 anri
644 1044 951 1125 cupiditate
982 1046 1232 1124 corrupti
1262 1042 1398 1105 vitia
1428 1048 1739 1119 incurrunt,
1768 1056 1829 1106 ut
1848 1051 1875 1086 2
1898 1043 2027 1127 quid
2059 1065 2253 1105 aurum
2284 1047 2533 1125 superis,

493 1131 692 1213 quihus
715 1131 912 1191 colent
940 1130 1086 1190 haee
1115 1131 1250 1189 vitia
1280 1129 1626 1209 displicere?

659 1220 765 1279 70.
813 1217 1037 1295 Nempe
1080 1217 1190 1275 hoe
1231 1214 1309 1274 ibi
1353 1217 1497 1275 facit
1526 1236 1756 1289 aurum,
1802 1213 1949 1296 quod
1980 1234 2201 1295 puppae
2231 1215 2288 1274 in
2318 1214 2531 1293 templo

487 1302 761 1363 Veneris.
823 1301 900 1360 Et
941 1321 1066 1361 cum
1098 1301 1204 1360 hoc
1248 1301 1466 1360 faciunt
1507 1301 1794 1375 homines,
1839 1311 2076 1361 naturae
2106 1302 2243 1360 vitio
2275 1320 2530 1360 corrum-

487 1398 727 1469 puntur3
784 1406 979 1447 verum
1021 1407 1123 1447 vos
1167 1386 1500 1466 pontifices,
1540 1385 1746 1461 dicite,
1805 1387 1862 1447 in
1894 1386 2118 1467 templis
2159 1406 2355 1446 aurum
2397 1384 2530 1467 quid

488 1473 667 1535 facit?

663 1560 766 1620 ⁷1.
813 1557 963 1633 Qm’n
1012 1557 1215 1617 damus
1261 1558 1327 1616 id
1364 1558 1622 1636 superis.
1676 1557 1987 1630 Feramus,
2028 1556 2244 1637 inquit,
2285 1553 2356 1614 ad
2383 1566 2531 1615 tem-

489 1642 638 1722 plum
678 1641 858 1714 dona,
903 1642 1305 1702 conscientiam
1348 1642 1591 1716 honam,
1634 1654 1695 1702 et
1736 1644 1820 1703 sic
1861 1643 1995 1715 fiet,
2036 1653 2101 1702 ut
2136 1653 2349 1701 tantum
2379 1641 2531 1700 mola

488 1728 646 1788 salsa
699 1727 927 1788 litantes
983 1726 1286 1788 exaudiant
1344 1725 1419 1787 dii
1437 1770 1455 1799 ,
1496 1725 1660 1809 ‘quod
1713 1740 1905 1807 potest
1947 1738 2009 1789 et
2059 1746 2315 1807 pauper3
2378 1724 2527 1805 quod

486 1832 669 1892 genus
701 1812 967 1873 sacrificii
994 1833 1107 1873 non
1135 1812 1511 1894 locupletibus
1540 1824 1786 1889 tantum,
1832 1812 1935 1875 sed
1980 1814 2222 1873 maxime
2261 1813 2529 1892 pauperi-

489 1898 596 1959 hus
628 1898 800 1958 facile
834 1909 943 1958 est.

660 1986 762 2048 ⁷2.
809 1980 924 2044 Per
949 1984 1248 2043 Messalae
1276 1994 1464 2043 autem
1486 1986 1878 2064 propaginem
1916 2002 2018 2043 eos
2045 1983 2168 2042 vult
2196 1980 2527 2055 ostendere,

487 2069 581 2149 qui
612 2088 722 2127 non
752 2088 893 2148 pura
923 2070 1275 2129 conscientia
1303 2068 1410 2128 diis
1442 2070 1782 2130 sacrificant.
1829 2069 1934 2129 Hic
1964 2079 2153 2129 autem
2187 2066 2215 2099 ¹*
2234 2068 2330 2127 Co
2348 2078 2529 2127 ttam

486 2154 973 2214 Messalinum
1033 2152 1256 2228 dicit,
1313 2155 1434 2234 qui
1500 2162 1647 2214 tam
1715 2156 2045 2214 vitiosos
2118 2153 2383 2214 oculos
2453 2155 2529 2213 in

488 2249 890 2299 senectute
935 2239 1232 2312 hahuit,
1287 2249 1366 2299 ut
1408 2239 1819 2319 palpebrae
1865 2240 2028 2300 eius
2076 2241 2143 2298 iu
2189 2239 2529 2299 exterio-

487 2343 636 2385 rem
678 2334 950 2405 partem
989 2329 1549 2386 verterentur!¹
1616 2325 1746 2386 Fuit
1787 2327 1931 2386 enim
1977 2335 2038 2387 et
2082 2325 2268 2385 multis
2300 2321 2528 2384 deditus

484 2411 661 2471 vitiis.
747 2411 918 2471 *nie
976 2411 1061 2471 ah
1104 2409 1420 2472 Aurelio
1463 2410 1684 2472 Cotta
1728 2410 2168 2492 adoptatus,
2221 2409 2526 2469 Marcus

345 2566 355 2576 .
483 2493 848 2557 Aurelius
892 2496 1246 2556 Maximus
1288 2496 1741 2570 vocabatur,
1798 2498 2168 2576 originem
2210 2495 2528 2556 trahens

486 2581 576 2640 ab
617 2579 942 2642 Aurelio
976 2586 1003 2622 ³
1027 2581 1393 2655 Messala,
1451 2583 1572 2662 qui
1617 2584 1919 2663 septies
1951 2587 1983 2622 ⁴
2023 2583 2160 2641 fuit
2217 2581 2524 2655 consul,

486 2667 611 2747 qui
683 2686 834 2726 cum
908 2686 943 2727 a
1016 2666 1313 2748 quodam
1388 2665 1604 2727 Gallo
1670 2666 1754 2727 ad
1823 2666 2388 2727 monomachiam
2447 2667 2528 2726 in

486 2751 789 2833 praelio
831 2762 1283 2826 vocaretur,
1331 2771 1610 2813 corvus
1658 2772 1887 2832 super
1942 2752 2232 2832 galeam
2278 2747 2354 2812 in
2405 2769 2527 2811 ca-

484 2837 644 2918 pite
705 2838 875 2897 eius
928 2835 1162 2910 sedit,
1217 2848 1288 2898 et
1338 2839 1547 2899 victo
1592 2837 1810 2899 hoste
1856 2838 2224 2898 Corvinus
2267 2836 2528 2918 appel-

483 2924 680 2983 latus
725 2922 911 2984 est.*

654 3011 757 3072 ⁷3.
823 3008 1212 3086 Compou’tum
1272 3010 1365 3068 ius
1382 3052 1402 3082 ‚
1466 3007 1760 3069 honestam
1818 3008 2218 3087 cogitationem
2236 3049 2255 3080 ,
2313 3016 2375 3067 et
2431 3007 2526 3066 ius

486 3094 857 3174 compositum
896 3095 953 3152 in
999 3094 1182 3152 animo
1197 3134 1216 3164 ,
1262 3104 1323 3153 et
1362 3105 1622 3154 secretas
1664 3095 2044 3173 cogitationes
2074 3102 2135 3153 et
2158 3102 2386 3153 sancus
2401 3133 2420 3164 ,
2462 3102 2530 3152 et

486 3179 708 3239 honesti
740 3180 1135 3250 tenacitatem,
1165 3188 1229 3237 ut
1257 3180 1379 3238 erui
1412 3199 1521 3238 non
1552 3181 1754 3258 possit.
1808 3176 1994 3239 Animi
2023 3179 2259 3238 virtutes
2288 3196 2528 3238 enume-

484 3276 609 3337 rat,
641 3284 780 3345 qnas
810 3265 859 3323 ai
889 3265 1401 3344 quiafrequentat,
1432 3265 1597 3324 nullis
1627 3265 1871 3324 victimis
1891 3306 1911 3336 ,
1960 3262 2063 3324 sed
2094 3265 2248 3323 farre
2279 3274 2527 3322 tantum-

484 3347 650 3411 modo
706 3348 847 3409 deos
895 3351 1106 3428 placat.
1177 3349 1252 3408 Et
1300 3347 1579 3410 discretae
1624 3351 1999 3428 cogitationes
2052 3349 2526 3428 honestatemque

484 3446 736 3497 unctam
768 3437 1075 3515 significat.
1122 3432 1265 3494 Nam
1296 3436 1390 3516 qui
1421 3436 1675 3515 quaerit,
1705 3436 1881 3515 inquit
1900 3477 1919 3508 ,
1948 3436 2129 3494 iustus
2159 3444 2219 3494 et
2247 3435 2527 3495 innocens

484 3531 547 3580 et
585 3518 770 3582 fidelis
813 3540 947 3582 esse
965 3563 984 3594 ,
1026 3539 1135 3601 per
1177 3519 1323 3581 haec
1364 3520 1637 3581 honestus
1674 3520 1916 3581 hahetur
1944 3530 2006 3581 et
2031 3521 2143 3580 iam
2170 3530 2299 3579 ture
2328 3518 2530 3600 placa·

481 3607 566 3667 hit
593 3604 756 3667 deos.
1833 3627 1837 3631 ·

482 3794 509 3847 1
549 3791 722 3846 Gloas.
763 3779 826 3845 Β.
865 3793 1042 3862 Steph.
1083 3808 1134 3863 p.
1185 3792 1321 3848 1⁷6:
1382 3791 1635 3861 Puppae,
1678 3786 2002 3862 πλᾶγγονεσ,
2039 3781 2106 3842 αἶ
2140 3787 2253 3842 τῶν
2282 3784 2531 3842 παιδίων

547 3859 774 3931 νύμφαι.

404 3938 414 3948 ’
477 3933 513 3987 2
547 3930 673 3996 Les.
712 3937 794 3983 at.

477 4001 512 4055 3
548 3998 773 4052 Valerio
807 3997 1018 4052 Fabi-ic.
1078 3999 1290 4054 Scilicet
1324 4005 1500 4052 notum
1533 4005 1650 4065 est,
1696 3997 1783 4052 hic
1817 3998 2102 4065 significari
2137 3994 2210 4049 M.
2250 3994 2526 4051 Valerium

477 4141 512 4192 4
546 4069 908 4191 ecemmlieiz.
