2764 4738
528 434 776 477 uxvm
1171 407 1902 473 PnoLEGonENA.

526 580 673 666 (ΙΙΙ,
702 578 865 663 261)
920 580 1099 645 affert
1153 580 1266 645 bos
1304 601 1528 647 versus
1575 579 1856 647 Nero-is
1889 600 1932 645 e
1972 576 2128 644 libro
2168 578 2398 663 primo,
2444 598 2561 641 nou

526 686 729 752 addito
758 684 1045 749 carminis
1071 684 1246 747 titulo
1268 709 1286 746 ε

782 802 1023 888 Quique
1056 814 1432 888 pererratam
1463 801 1788 867 subductus
1815 799 2077 867 Persida
2107 799 2318 885 Tigris

777 905 1062 984 Deserit,
1109 916 1173 970 et
1199 906 1385 991 longo
1414 916 1716 970 terrarum
1746 916 1975 969 tractus
2006 904 2173 968 hiatu

782 1008 1010 1073 Reddit
1040 1009 1343 1093 quaesitas
1372 1008 1493 1071 iam
1525 1029 1647 1071 nou
1678 1006 2106 1091 quaerentibus
2136 1006 2358 1071 undas.

529 1113 774 1180 Seneca
802 1110 1091 1197 (Quaest.
1127 1121 1280 1174 uatt.
1299 1107 1355 1188 1,
1374 1108 1443 1190 5)
1476 1108 1791 1192 magnifice
1822 1109 2023 1173 laudat
2054 1107 2210 1172 bunc
2241 1129 2520 1173 versum:

780 1213 955 1280 Colla
987 1213 1394 1300 Cytheriacae
1425 1213 1751 1297 splendent
1779 1213 2005 1295 agitata
2036 1210 2376 1275 columbae.

529 1316 805 1403 Denique
836 1318 898 1380 in
919 1315 1199 1381 Suetonii
1231 1318 1353 1380 vita
1372 1313 1607 1379 Lucani
1635 1326 1940 1380 servatum
1974 1326 2070 1379 est
2091 1312 2563 1378 hemistichium=

781 1418 907 1484 Sub
938 1420 1121 1484 terris
1153 1420 1423 1482 tonuisse
1453 1428 1651 1504 puteS.

527 1537 763 1621 Quodsi
808 1538 958 1603 baec
1003 1557 1154 1623 quae
1198 1539 1272 1602 de
1312 1537 1571 1602 Nerone
1616 1549 1799 1622 poeta
1842 1537 2283 1623 composuimus
2332 1558 2467 1601 cum
2497 1536 2569 1599 iis

527 1643 844 1718 conseraS,
878 1661 1031 1724 quae
1062 1637 1314 1704 Persius
1345 1663 1521 1724 quam
1554 1641 1815 1704 maxime
1848 1641 2119 1717 notavit,
2161 1639 2335 1703 vides
2368 1638 2571 1701 omnia

525 1744 609 1808 ita
656 1744 983 1808 convenire
1010 1788 1029 1820 ,
1075 1751 1143 1805 ut
1188 1743 1496 1806 fatendum
1539 1743 1656 1822 sit,
1706 1763 1830 1806 non
1875 1743 2140 1827 potuisse
2188 1762 2324 1804 enm
2370 1742 2569 1827 aptius

524 1857 587 1910 et
614 1846 904 1910 illustrius
936 1844 1272 1926 exemplum
1321 1843 1584 1926 eligere,
1646 1845 1710 1907 iu
1751 1866 1866 1928 quo
1910 1844 2390 1931 perversitatem
2424 1855 2572 1906 tem·

524 1969 735 2034 porum
768 1947 1116 2029 castigaret.
1166 1941 1318 2008 Cum
1349 1966 1672 2029 procereS,
1720 1948 1820 2030 qui
1851 1946 2021 2010 erudi
2051 1945 2304 2028 elegidia
2339 1946 2572 2009 dictant

526 2052 623 2131 (v.
659 2046 809 2127 51),
857 2060 921 2112 et
960 2046 1201 2111 Graece
1248 2049 1464 2131 nugari
1508 2048 1669 2111 soliti
1699 2048 1790 2134 (v.
1825 2046 1910 2111 70
1940 2059 2003 2112 et
2033 2047 2144 2134 56)
2176 2048 2395 2111 heroas
2428 2068 2572 2112 sen·

523 2173 628 2216 sus
658 2152 917 2215 afferunt
950 2152 1040 2230 (v.
1074 2147 1221 2231 69),
1273 2170 1523 2233 quorum
1552 2172 1839 2215 versuum
1871 2151 2083 2215 molles
2114 2161 2178 2213 et
2205 2150 2571 2215 artificiosos

525 2274 811 2319 numeros
873 2253 1139 2317 celebrat
1193 2252 1441 2336 populus
1501 2252 1593 2336 (v.
1648 2250 1732 2317 63
1765 2276 1897 2337 sqq.
1956 2250 2278 2337 92sqq.),
2353 2252 2570 2336 quibus

522 2379 737 2422 verum
785 2355 968 2419 animi
1012 2356 1292 2440 impetum
1339 2365 1404 2420 et
1442 2356 1716 2440 vigorem
1760 2356 1976 2421 deesse
2032 2356 2302 2440 queritur
2359 2368 2566 2440 poeta,

523 2460 725 2525 auimo
758 2458 863 2522 tibi
894 2469 1359 2542 repraesenta,
1411 2479 1614 2524 nonne
1659 2458 1872 2522 borum
1916 2458 2201 2523 eximium
2234 2460 2573 2544 exemplum

524 2582 662 2627 esse
693 2559 1010 2624 Neronem
1040 2561 1496 2625 concedendum
1544 2570 1678 2640 est,
1726 2561 1883 2645 quod
1930 2558 2151 2625 Persio
2195 2561 2571 2645 potissimum

524 2674 666 2727 ante
711 2663 919 2728 oculos
949 2665 1189 2727 versari
1222 2664 1539 2727 debuerit?
1593 2665 1772 2728 Adde
1815 2663 2117 2728 recitandi
2146 2664 2406 2729 studium
2430 2712 2449 2745 ,
2500 2666 2573 2729 de

448 2755 457 2760 ⁴
521 2787 639 2850 quo
672 2766 855 2831 tradit
887 2763 1219 2830 Suetonius
1249 2764 1439 2851 (Ner.
1477 2764 1627 2849 10):
1675 2765 1987 2830 Recitavit
2030 2774 2095 2828 et
2131 2768 2416 2829 carmina
2446 2788 2570 2831 non

522 2868 699 2932 modo
744 2867 948 2943 domi,
993 2867 1112 2931 sed
1149 2877 1214 2930 et
1255 2870 1320 2931 in
1351 2866 1599 2931 theatro
1637 2878 1812 2932 tanto
1843 2870 2265 2930 univer-samm
2296 2867 2571 2943 laetitia,

522 2979 598 3034 ut
650 2971 725 3033 ob
779 2973 1205 3034 recitationem
1262 2969 1644 3055 supplicatio
1687 2969 1942 3034 decreta
1987 2972 2112 3046 sit,
2176 2991 2373 3057 eaque
2405 2992 2572 3056 pars

523 3075 864 3136 carminum
909 3074 1120 3136 aureis
1162 3071 1394 3136 litteris
1434 3072 1584 3136 Iovi
1622 3065 1974 3157 Capitolino
2019 3072 2229 3136 dv'cata
2283 3072 2393 3156 (cs.
2449 3070 2572 3137 Dio

524 3171 601 3239 C.
635 3171 846 3252 Lxll,
878 3170 1016 3257 29).
1082 3172 1280 3238 Porro
1312 3184 1455 3237 nota
1488 3184 1582 3237 est
1613 3196 1759 3239 cura
1788 3186 1968 3259 atque
2002 3175 2348 3259 diligentia,
2394 3197 2575 3258 quam

521 3276 791 3342 adhibuit
832 3275 1010 3340 Nero
1056 3277 1118 3339 in
1165 3268 1316 3342 vo'ce
1358 3276 1687 3341 artificiose
1720 3278 2104 3356 excolenda,
2152 3278 2226 3340 de
2259 3300 2375 3361 qua
2408 3279 2572 3343 idem

524 3375 858 3443 Suetonius
903 3377 1092 3462 (Ner.
1127 3402 1187 3445 c.
1222 3378 1331 3460 20,
1381 3400 1534 3462 quae
1585 3380 1997 3465 transscripsit
2027 3378 2115 3443 lo.
2153 3376 2408 3444 Saresb.
2445 3381 2570 3466 pol.

519 3479 575 3560 Ι,
608 3483 716 3561 7)=
774 3482 1081 3568 Terpnum
1122 3481 1544 3546 citharoedum
1583 3485 1894 3567 vigentem
1936 3494 2086 3546 tune
2109 3490 2378 3567 praeter
2408 3484 2575 3548 alios

520 3586 876 3658 arcessivit,
938 3584 1275 3670 diebusque
1331 3587 1766 3670 continuisque
1816 3595 1973 3669 post
2026 3605 2275 3647 coenam
2320 3588 2578 3650 canenti

519 3686 585 3748 in
628 3686 882 3748 multam
927 3696 1166 3748 noctem
1226 3686 1511 3751 assidens
1527 3737 1548 3765 ‚
1609 3689 1943 3774 paullatim
1997 3696 2058 3751 et
2098 3688 2233 3771 ipse
2273 3686 2579 3752 meditari

518 3789 933 3874 emercem‘que
975 3789 1178 3871 coepit
1192 3835 1212 3862 ‚
1258 3812 1374 3853 nec
1410 3812 1620 3854 eorum
1665 3792 1992 3877 quicquam
2038 3790 2357 3867 omittere,
2409 3811 2572 3875 quae

515 3912 642 3977 gen
650 3890 776 3952 eris
819 3891 954 3952 eius
998 3888 1279 3972 artifices
1339 3894 1443 3956 cel
1494 3893 1958 3956 conservandae
2012 3893 2186 3956 vocis
2232 3912 2431 3955 causa
2476 3894 2578 3958 vel

518 3992 850 4080 augendae
870 3990 1286 4077 factitarent.
1334 3993 1468 4058 Sed
1507 4005 1571 4057 et
1603 3992 1950 4081 pluvn5ea1n
1992 3993 2274 4057 chartam
2304 3997 2571 4080 supinus

508 4105 768 4184 pectore
813 4098 1125 4161 sustinere
1144 4142 1164 4172 ‚
1212 4105 1278 4159 et
1320 4097 1592 4182 clystere
1634 4098 1985 4182 vonimquc
2015 4099 2309 4183 purgari
2346 4108 2410 4162 et
2462 4098 2570 4162 ab·

117 4031 465 4312 *a
