2764 4738
718 441 983 505 scum..
1023 441 1131 506 An
1174 439 1343 503 SAT.
1371 440 1450 515 v,
1484 442 1863 505 112-120.
2197 433 2325 503 333

285 612 586 688 dicunt,
657 611 849 675 unde
911 623 985 674 et
1038 632 1188 672 cum
1246 610 1658 673 saccello¹
1712 610 2086 690 pingitur,
2151 620 2235 672 et
2289 629 2327 670 a

289 700 927 781 negotiatoribus
970 698 1354 779 plurimum
1399 692 1754 757 colitur.*

466 805 606 865 113.
651 804 818 862 Haec
847 820 973 860 mea
1001 811 1180 872 sunt,
1216 812 1401 860 teneo.
1443 798 1822 858 Dinumeratis
1853 798 1958 869 iis,
1991 816 2134 879 qnae
2166 798 2330 879 sequi

287 888 378 947 vel
409 907 685 966 spernere
716 890 946 966 sapiens
979 884 1183 958 debet,
1228 906 1352 945 cum
1398 895 1497 944 tua
1540 902 1674 944 esse
1705 881 1955 955 dixeris,
2003 894 2064 943 et
2093 882 2238 962 apud
2270 894 2328 943 te

286 974 481 1032 verius
527 971 871 1044 detinueris,
915 984 1045 1032 tuuc
1089 982 1146 1031 te
1192 972 1428 1031 liberum
1469 988 1602 1030 esse
1647 966 1776 1028 dico
1806 977 1917 1027 tam
1940 967 2119 1040 love,
2165 989 2328 1049 quum

289 1070 559 1139 praetore
603 1060 867 1136 propitio.
1038 1059 1231 1116 Iovem
1277 1055 1347 1115 ad
1395 1056 1715 1115 libertatem
1760 1055 1961 1125 animi,
2034 1052 2090 1112 id
2144 1066 2229 1114 est
2260 1053 2332 1113 ad

292 1144 653 1223 sapientiam,
712 1152 1048 1222 praetorem
1090 1153 1273 1202 autem
1311 1139 1460 1201 ‘dixit
1502 1138 1577 1200 ad
1620 1159 1744 1199 eam
1789 1139 2141 1211 libertatem,
2187 1158 2332 1218 quae

301 1230 593 1289 servitutis
625 1240 788 1288 caret
817 1220 1160 1287 conditione.

479 1318 622 1376 115.
668 1314 779 1372 Sin
813 1323 876 1372 ta
905 1309 1271 1391 camsueris.
1333 1309 1550 1371 Sensus
1582 1320 1705 1370 est:
1752 1308 1813 1369 Si
1845 1328 1985 1370 vero
2013 1320 2109 1382 tu,
2154 1310 2246 1390 qui
2277 1320 2336 1370 te

215 1436 234 1452 .
296 1395 499 1456 dudum
531 1418 695 1457 unum
727 1396 798 1457 de
832 1416 1062 1457 numero
1093 1397 1550 1476 philosophorum
1582 1393 1850 1467 dicebas,
1900 1396 2151 1474 pristinis
2185 1397 2337 1455 vitiis

297 1481 604 1555 detineris,
650 1502 794 1563 quae
840 1484 973 1542 vitia
1017 1483 1122 1542 sub
1168 1493 1402 1562 pectore
1433 1479 1772 1553 abscondis,
1816 1500 1962 1560 quae
2002 1479 2104 1540 tibi
2135 1477 2336 1539 dudum

297 1577 560 1648 tanquam
602 1570 844 1648 sapienti
889 1585 1326 1639 concesseram,
1369 1566 1584 1627 tollam.
1757 1567 2021 1625 Nostrae
2051 1563 2334 1645 farinae,

298 1651 441 1713 dixit
486 1664 716 1714 nostrae
762 1665 993 1726 sectae3
1044 1673 1113 1712 ac
1156 1654 1205 1712 si
1248 1651 1503 1723 diceret,
1548 1662 1781 1711 nostrae
1821 1652 1994 1712 vitae.
2056 1653 2177 1712 Aut
2203 1651 2339 1711 illud

300 1736 570 1811 intendit,
618 1737 766 1820 quod
795 1739 945 1799 idem
974 1737 1204 1814 Persius
1227 1743 1253 1777 2
1283 1757 1453 1817 supra
1485 1736 1658 1796 dixit:

1050 1825 1260 1902 quibas
1288 1834 1352 1882 et
1378 1825 1620 1881 detonsa
1651 1824 1922 1881 iuventus

550 1909 848 1987 Invigilat
872 1910 1108 1987 siliquis
1138 1920 1201 1968 et
1221 1911 1453 1988 grandi
1466 1919 1650 1988 pasta
1675 1908 1944 1986 polenta.

479 2015 620 2073 116.
665 2012 1011 2070 Pelliculam
1041 2022 1331 2081 veterem,
1377 2011 1664 2091 antiquum
1694 2010 1906 2069 vitium.
1950 2007 2218 2068 'fractum
2251 2019 2344 2068 est

301 2095 374 2157 ab
401 2094 722 2176 Aethiope,
767 2099 860 2177 qui
890 2117 1000 2156 non
1030 2107 1205 2155 mutat
1233 2096 1440 2176 pellem
1470 2116 1660 2169 suam,
1715 2114 1822 2154 nec
1854 2092 2063 2174 pardus
2094 2096 2343 2155 varieta-

301 2192 416 2243 tem
447 2202 634 2241 suam:
667 2180 771 2241 sed
802 2185 858 2241 in
889 2203 996 2263 qua
1026 2182 1175 2261 pelle
1207 2192 1370 2241 natus
1402 2191 1522 2252 est,
1563 2184 1620 2240 in
1652 2200 1721 2240 ea
1752 2183 2008 2240 moritur.

476 2289 618 2347 117.
663 2286 946 2344 Astutam
1000 2285 1214 2364 vapido
1269 2303 1478 2344 servas
1533 2283 1644 2343 sub
1680 2293 1925 2362 pectore
1969 2284 2240 2363 vulpem,
2286 2280 2343 2342 id

303 2381 425 2442 est,
457 2368 708 2429 fraudem
742 2381 801 2430 et
828 2372 1135 2432 versutias.
1183 2369 1433 2453 Vulpem⁸
1456 2371 1604 2430 euim
1633 2381 1908 2443 astutam,
1952 2367 2024 2428 ad
2055 2367 2345 2448 decipien-

309 2454 437 2516 dum
468 2454 723 2515 callidam
760 2455 920 2515 dixit.

337 2568 350 2580 ·
454 2545 625 2603 1118.
678 2542 838 2617 Quae
870 2542 1147 2601 dederam
1173 2559 1403 2619 supra,
1450 2550 1673 2619 repeto.
1738 2538 1880 2600 Eum
1913 2541 2173 2619 superius
2204 2561 2343 2601 con·
2446 2534 2455 2539 ⁵

306 2637 568 2686 cesserat
599 2624 834 2684 liberum
866 2646 933 2685 ac
965 2628 1312 2705 sapientem,
1344 2627 1393 2683 si
1425 2645 1459 2684 a
1487 2627 1672 2697 vitiis,
1716 2644 1860 2704 quae
1894 2638 2344 2701 enumeraverat,

304 2712 672 2770 recessisset.
847 2712 1178 2787 Fanemque
1224 2712 1467 2775 reduco.
1516 2707 1610 2769 Ad
1654 2728 1741 2768 me
1775 2709 2025 2769 habenas
2055 2710 2343 2785 licentiae,

307 2814 449 2877 quas
494 2793 761 2854 dederam
781 2799 840 2867 ³,
882 2795 1080 2867 traho,
1128 2793 1253 2854 dum
1296 2795 1649 2867 libertatem,
1699 2814 1862 2873 quam
1905 2794 2004 2854 tibi
2034 2814 2343 2857 concesse-

309 2901 465 2953 ram,
498 2879 699 2940 adimo.

482 2968 626 3027 119.
673 2965 787 3024 Nil
812 2966 925 3024 tibi
949 2967 1236 3025 concessit
1261 2966 1453 3039 ratio,·
1495 2962 1550 3023 id
1597 2973 1722 3024 est:
1770 2965 2045 3043 sapientia
2089 2965 2226 3026 nibil
2259 2968 2346 3027 sui

223 3108 226 3115 .
306 3051 408 3111 tibi
452 3051 721 3130 permittit
761 3050 996 3109 babere.
1084 3046 1469 3129 ‘Digitum
1524 3069 1779 3112 exere.
1853 3050 2116 3128 Digito
2171 3052 2349 3112 sub-

308 3137 461 3197 lato
505 3134 824 3195 ostende
879 3138 1155 3196 victum
1201 3147 1269 3197 te
1330 3155 1501 3195 esse
1546 3155 1579 3195 a
1623 3136 1850 3196 vitiis.
1921 3135 2268 3198 Tractum
2312 3160 2350 3199 a

306 3220 904 3302 gladiatoribus,
948 3223 1070 3301 qui
1114 3223 1297 3281 victi
1339 3222 1783 3285 ostensione
1815 3221 2032 3300 digiti
2058 3226 2348 3284 veniam

312 3306 668 3389 a'populo
715 3305 1318 3385 postulabant.*⁴

485 3396 625 3455 120.
671 3394 757 3451 Et
792 3394 937 3472 quid
979 3402 1095 3451 tam
1131 3412 1388 3471 parvum
1431 3397 1566 3451 est?
1607 3390 1729 3453 Hoc
1760 3403 1885 3463 est,
1927 3412 2089 3473 quam
2122 3394 2351 3470 sapien-

311 3479 425 3549 tia3
472 3474 742 3558 siquidem
787 3476 1208 3538 accommodato
1250 3488 1486 3537 naturae
1520 3475 1706 3537 studio
1738 3479 1907 3537 facile
1939 3480 2178 3555 capitur.

313 3564 441 3622 Sed
463 3562 628 3621 nullo
659 3573 790 3621 ture
822 3564 1048 3623 litabat:
1091 3561 1209 3622 Sed
1239 3563 1491 3643 quamvis
1521 3582 1751 3641 parvum
1791 3565 1866 3622 sit
1894 3565 2194 3641 sapientia,
2225 3584 2350 3624 eam

314 3648 609 3708 sacrificiis
639 3646 873 3726 adipisci
905 3668 1014 3707 non
1046 3649 1267 3726 possis,
1316 3666 1500 3727 neque
1546 3648 1782 3727 aliquam
1815 3650 1990 3726 ipsius
2022 3650 2350 3728 particulam

313 3735 624 3807 minimam;
655 3753 762 3812 per
787 3735 1139 3793 semunciam
1170 3734 1316 3794 enim
1346 3733 1623 3792 minimam
1662 3734 1991 3813 particulam
2022 3736 2349 3816 accipimus.

194 3927 200 3933 ‘
317 3919 343 3973 1
383 3920 584 3971 sacello
618 3920 764 3983 vulg.
803 3918 1018 3971 Emend.
1055 3917 1230 3971 Erem.
1267 3916 1553 3971 Lindenbr.
1590 3916 1737 3971 Reiz.

311 3989 348 4044 2
381 3988 527 4039 Pers.
564 3987 656 4052 111,
697 3989 761 4041 54
789 4003 867 4054 sq.

313 4056 346 4108 3
420 4073 520 4107 aas
554 4058 859 4124 elegantius
894 4054 1145 4106 dederam
1179 4056 1263 4108 ed.
1301 4071 1381 4123 pr.

312 4125 347 4178 4
427 4126 464 4179 l'.
502 4125 687 4179 Savar.
725 4125 790 4177 ad
826 4124 940 4177 Sid.
976 4124 1150 4192 Apoll.
1190 4124 1410 4197 epp.'V‚
1450 4124 1484 4180 7
1517 4141 1568 4195 p.
1597 4123 1718 4179 330.
