2764 4738
914 402 1082 464 SAT.
1112 403 1181 477 11,
1214 407 1297 467 28
1326 438 1411 449 —-
1443 406 1544 466 33.
2130 399 2255 468 125

241 572 312 645 ΙΙ,
339 576 393 645 2,
420 578 476 635 7.
507 572 625 633 Cic.
671 570 744 633 ad
782 572 959 634 Attic.
1005 574 1051 647 I,
1086 579 1185 645 18,
1217 580 1318 647 5),
1360 592 1692 654 quemquam
1735 570 1789 631 id
1833 573 2001 632 aliter
2027 572 2252 635 videtur

237 656 605 738 explicandum
636 678 794 730 esse,
824 679 1025 739 nempe
1059 671 1120 719 ut
1146 658 1295 740 apud
1321 659 1641 720 Iuvenalem
1689 658 1787 732 (V,
1831 663 1976 731 171)
2022 660 2249 738 legitur,

231 745 564 822 pulsandum
597 745 917 823 praebebas
959 756 1159 824 caput.
1231 746 1445 804 Emere
1493 746 1800 804 auriculas
1844 744 1956 821 (cf.
2009 765 2249 823 precem

235 848 469 888 emacem
496 849 550 887 v.
582 834 645 901 3)
688 827 894 889 dictum
939 828 1162 890 videtur
1205 830 1277 888 nd
1322 830 1642 909 analogiam
1686 831 1810 889 eius
1855 827 2004 909 quod
2047 828 2251 889 dicitur

227 915 507 992 praebere
537 914 684 987 (Liv.
715 915 845 986 XL,
875 920 937 986 8,
966 919 1055 989 3),
1086 918 1235 975 dare
1263 914 1415 993 (Cic.
1460 914 1532 974 ad
1574 914 1695 975 Att.
1738 915 1782 985 1,
1816 919 1875 987 5,
1905 920 1992 987 4),
2037 916 2251 974 dedere

235 998 376 1072 (Cic.
408 997 476 1058 ad
503 999 624 1060 Att.
657 999 726 1072 II,
762 1005 861 1071 14,
904 1004 969 1062 2.
1013 1021 1071 1082 Ρ.
1112 999 1291 1061 Arch.
1327 1005 1428 1074 10,
1470 1005 1577 1074 26,
1606 1001 1687 1060 cf.
1720 998 1953 1060 Doderl.
1999 998 2141 1080 Syn.
2170 1001 2250 1061 IV

234 1104 290 1162 Ρ.
321 1089 455 1156 135)
485 1104 667 1144 aures
714 1082 964 1158 (diverso
993 1106 1167 1146 sensu
1209 1104 1453 1158 aurem,
1515 1087 1565 1145 si
1606 1105 1746 1146 vera
1789 1096 1881 1146 est
1922 1086 2248 1146 observatio

236 1167 472 1229 Oudend.
503 1168 573 1228 ad
606 1168 765 1232 Suet.
810 1170 990 1250 Calig.
1032 1176 1165 1243 22).
1221 1172 1519 1231 Pulmonis
1562 1173 1729 1232 etiam
1771 1172 1824 1229 in
1868 1172 2048 1230 sacris
2079 1190 2250 1249 prae-

235 1255 389 1333 cipua
417 1256 722 1315 auctoritas
756 1255 898 1331 (Cic.
916 1256 988 1316 de
1020 1255 1131 1316 div.
1162 1257 1231 1329 11,
1267 1260 1365 1327 12,
1396 1260 1499 1320 29.
1517 1256 1729 1317 Lucan.
1759 1256 1805 1328 1,
1838 1260 2006 1328 622).
2035 1258 2251 1316 Lactes

235 1350 294 1398 nt
320 1342 393 1399 ait
421 1341 743 1402 Priscianus
790 1341 893 1415 (vl
935 1362 990 1420 Ρ.
1024 1346 1147 1405 686
1178 1342 1256 1402 cf.
1286 1341 1436 1401 Nou.
1483 1361 1531 1400 s.
1563 1348 1672 1414 v.)‚
1717 1353 1909 1420 partes
1939 1352 2068 1400 sunt
2104 1344 2252 1402 inte-

231 1427 512 1497 stinorum,
540 1448 576 1485 a
609 1425 832 1486 Graeco
860 1425 1209 1504 γαλακτίδες
1235 1425 1443 1499 dictae,
1475 1426 1654 1487 Plinio
1686 1426 1779 1503 (fl.
1794 1427 1867 1486 N.
1885 1426 1985 1498 xl,
2006 1431 2110 1499 37,
2141 1431 2249 1501 79)

231 1520 395 1583 teste,
424 1514 476 1570 in
506 1512 728 1571 homine
761 1522 971 1571 tantum
1002 1523 1064 1572 et
1092 1533 1199 1572 ove
1229 1514 1309 1571 ite
1338 1512 1546 1572 dictae.

387 1618 440 1655 v.
474 1601 776 1659 31—40.
829 1597 1026 1676 Pergit
1068 1597 1299 1657 Persius
1361 1597 1635 1676 exemplis
1681 1615 1716 1656 e
1769 1597 1885 1656 vita
1928 1595 2253 1676 quotidiana

227 1683 410 1758 petitis
437 1683 724 1741 stultitiam
755 1681 1031 1742 hominum
1075 1685 1128 1741 in
1160 1685 1305 1742 votis
1334 1681 1751 1742 demonstrare.
1787 1681 2026 1740 Primum
2057 1686 2252 1743 anicu-

225 1766 394 1826 larum
423 1787 757 1845 perversum
788 1787 928 1846 erga
955 1768 1202 1828 infantes
1235 1788 1486 1828 amorem
1526 1777 1781 1846 spectat,
1824 1786 1935 1846 quo
1965 1769 2150 1827 inania
2180 1771 2251 1828 iis

225 1855 440 1929 precari
471 1853 676 1924 solent,
721 1853 803 1913 cf.
850 1852 991 1913 Seu.
1027 1873 1154 1933 epp.
1188 1854 1319 1929 Lx,
1357 1860 1427 1915 1:
1473 1852 1845 1925 „Etiamnunc
1877 1864 2058 1931 optaS,
2105 1852 2253 1934 qnod

225 1936 318 1996 tibi
348 1939 566 2015 optavit
594 1939 782 1997 nutrix
811 1948 905 1997 tua
936 1948 1035 1998 aut
1062 1937 1428 2018 paedagogus
1459 1950 1556 1998 aut
1585 1949 1764 1998 meter
1783 1941 1811 1996 ‘I
1866 1936 2125 1997 Nondum
2165 1940 2254 1999 in·

223 2020 468 2102 tellegis,
500 2034 763 2103 quantum
807 2024 937 2083 mali
967 2026 1364 2103 optaverint?“
1423 2034 1557 2083 cett.
1606 2023 1680 2081 cl.
1726 2043 1853 2101 epp.
1900 2023 2138 2094 XXXII,
2176 2030 2250 2087 4.

223 2108 619 2187 „Optaverunt
646 2110 835 2188 itaque
867 2109 1091 2168 tibialia
1111 2121 1378 2188 parentes
1411 2110 1509 2180 tui,
1542 2107 1643 2168 sed
1673 2128 1783 2187 ego
1802 2120 1996 2167 contra
2015 2111 2253 2168 omnium

223 2194 318 2253 tibi
361 2214 561 2253 eorum
607 2204 980 2273 contemptum
1024 2205 1192 2274 opto,
1224 2214 1455 2275 quorum
1502 2194 1582 2253 illi
1640 2196 1920 2272 (εοΡίειιιι.66
1963 2194 2254 2274 Nusquam

222 2283 385 2338 etiam
417 2278 869 2342 muliercularum
900 2281 1250 2359 superstitio,
1282 2299 1444 2359 quam
1475 2281 1710 2380 egregie
1742 2277 2011 2358 depinxit,
2045 2281 2254 2339 clarius

219 2365 580 2444 perspicitur,
612 2385 773 2445 quem
804 2367 860 2424 in
890 2386 1028 2425 cura
1058 2366 1368 2425 infantium.
1434 2365 1591 2425 Hauc
1634 2366 1689 2424 in
1736 2364 1958 2424 feminis
1989 2364 2256 2426 Romanis

222 2450 368 2510 hand
412 2451 675 2529 exiguam
722 2451 936 2523 fuisse,
981 2451 1151 2510 docet
1204 2452 1295 2511 vel
1355 2454 1631 2510 numinum
1678 2451 1912 2529 insignis
1971 2472 2256 2524 numerus,

223 2556 455 2615 quornm
499 2537 709 2596 tutelae
755 2537 1244 2596 committebantur
1286 2534 1562 2608 infantes,
1606 2557 1663 2596 v.
1714 2535 1989 2614 Hartung.
2031 2535 2155 2595 Rel.
2199 2535 2255 2596 d.

223 2620 382 2680 Rom.
414 2620 466 2680 11
496 2642 550 2700 Ρ.
584 2625 708 2684 239
740 2642 862 2701 sqq.
921 2622 1011 2680 Ex
1039 2624 1110 2680 iis
1148 2624 1378 2681 Cunina
1411 2619 1657 2682 infantes
1702 2622 1757 2678 in
1789 2623 1945 2680 cunis
1975 2621 2256 2694 tuebatur,

226 2726 293 2766 ac
322 2708 599 2766 fascinum
647 2707 1032 2776 submovebat,
1076 2728 1134 2767 v.
1183 2706 1344 2766 Lact.
1377 2704 1421 2765 Ι.
1451 2706 1523 2765 D.
1556 2706 1613 2778 1,
1644 2709 1747 2777 20,
1780 2711 1882 2769 36.
1912 2709 2156 2784 August.
2187 2707 2254 2765 C.

225 2791 296 2850 D.
325 2791 426 2863 IV,
462 2797 560 2853 11.
590 2790 738 2850 Νοιι.
772 2812 820 2851 s.
850 2813 905 2850 v.
947 2812 1190 2851 rumam.
1240 2791 1400 2851 Grnt.
1429 2792 1606 2852 Inscr.
1655 2794 1758 2862 96,
1788 2795 1852 2855 9.
1931 2791 2070 2851 Cum
2116 2811 2258 2872 ergo

227 2896 457 2957 puerum
486 2878 648 2936 cunis
695 2878 921 2948 eximit,
965 2888 1099 2936 ente
1142 2879 1324 2936 omnia
1367 2879 1569 2954 expiet
1598 2897 1761 2949 eum,
1807 2895 1880 2936 nc
1912 2876 2040 2955 quid
2071 2879 2126 2937 ei
2157 2896 2259 2937 no·

230 2973 373 3022 eeat.
417 2962 543 3021 Boc
572 2963 713 3022 facit
741 2960 953 3039 insana
975 2964 1158 3041 digito
1189 2963 1228 3019 i.
1261 2981 1318 3021 e.
1353 2962 1560 3021 medio.
1605 2960 1827 3022 Medius
1856 2965 2003 3021 enim
2048 2961 2258 3040 digitus

230 3058 338 3106 tam
378 3045 526 3126 apud
559 3045 814 3107 Graecos
858 3047 958 3120 (cf.
987 3047 1264 3118 Leutsch,
1307 3046 1531 3107 Griech.
1564 3046 1772 3107 Metrik
1803 3048 1835 3126 §
1866 3051 2052 3121 421),
2097 3067 2260 3127 quem

231 3131 373 3211 apud
404 3132 687 3192 Romanos
718 3130 1059 3194 obscoenam
1090 3131 1337 3191 habebat
1366 3133 1865 3210 significationem,
1897 3130 2044 3192 unde
2075 3134 2260 3211 impu·

235 3220 395 3277 diem
434 3218 747 3277 vocabatur
790 3218 1056 3291 (Martial.
1098 3217 1201 3289 VI,
1245 3221 1349 3289 70,
1382 3223 1442 3280 5.
1489 3218 1679 3296 Priap.
1727 3217 1880 3288 LVI,
1931 3222 1959 3279 1
2009 3222 2158 3297 sq.),
2201 3228 2263 3277 et

234 3301 466 3364 medium
514 3303 684 3362 alicui
728 3301 958 3381 digitum
1007 3300 1317 3363 ostendere
1362 3322 1613 3362 summae
1673 3303 2048 3362 contumeliae
2092 3313 2262 3383 atque

237 3399 546 3449 contemtus
592 3389 809 3467 signum
842 3390 949 3447 fuit
991 3390 1249 3460 (Arriae.
1294 3386 1433 3447 diss.
1479 3388 1663 3466 Epict.
1706 3388 1814 3460 ΠΙ,
1854 3392 1916 3457 2,
1952 3394 2050 3449 11.
2082 3387 2255 3465 Diog.

235 3473 420 3534 Laert.
450 3472 553 3544 vl,
585 3477 668 3535 34
698 3494 783 3553 sq.
815 3473 925 3533 Dio
956 3474 1168 3553 Chrys.
1201 3492 1286 3532 or.
1316 3473 1561 3533 XXXIII
1589 3493 1644 3552 Ρ.
1675 3476 1802 3536 405
1833 3483 1873 3532 t.
1906 3472 1955 3531 II
1982 3493 2037 3551 p.
2075 3477 2153 3535 18
2185 3472 2255 3531 R.

235 3559 416 3620 loven.
447 3560 528 3631 X,
560 3562 659 3621 53.
690 3557 860 3618 Mart.
905 3558 974 3629 II,
1014 3563 1119 3630 28,
1161 3563 1247 3631 2).
1306 3557 1558 3617 Notabat
1588 3560 1735 3617 enim
1764 3578 1913 3626 eum,
1944 3560 2036 3637 qui
2067 3558 2264 3617 mulie·

236 3644 350 3704 bria
381 3644 731 3724 patiebatur,
774 3641 920 3703 unde
953 3642 1159 3703 Graeci
1205 3641 1444 3703 medium
1475 3641 1702 3722 digitum
1748 3640 2132 3720 καταπύγονα
2158 3662 2262 3702 vo-

238 3730 435 3790 cabant
477 3729 650 3805 (Poll.
695 3729 765 3799 11,
814 3733 953 3791 184.
1000 3728 1162 3788 Phot.
1204 3749 1255 3789 s.
1311 3750 1366 3788 v.
1412 3749 1791 3806 xatwtvymv.
1842 3727 2087 3806 Hesycln.
2119 3747 2169 3787 s.
2199 3748 2258 3788 v.

240 3810 638 3894 καταπυγής),
667 3815 857 3894 itaque
888 3810 1270 3905 significabat
1286 3811 1454 3885 idem,
1485 3811 1633 3893 quod
1650 3812 2005 3891 Francogalli
2035 3810 2260 3873 dicunt:

242 3902 445 3960 laz'ssez
477 3919 618 3959 vous
631 3898 726 3978 Ι..
775 3897 989 3959 Eodem
1020 3918 1191 3959 sensu
1197 3883 1377 3959 hunc
1406 3910 1628 3978 gestum
1673 3910 1946 3978 usurpent
1983 3896 2263 3978 hodieque

240 3985 374 4059 Itali,
402 4006 459 4045 v.
489 3984 686 4057 Jorio,
730 3986 951 4045 mimica
981 3982 1134 4063 degli
1179 3995 1293 4044 ant.
1340 4005 1397 4063 Ρ.
1447 3989 1568 4048 136
1598 4004 1688 4065 sq.
1736 3984 1851 4044 Iam
1881 4003 1955 4043 ex
1984 3984 2265 4044 constanti

241 4081 487 4133 veterum
547 4072 948 4151 superstitione
991 4070 1279 4131 obscoena
1337 4071 1629 4131 maximum
1687 4072 1795 4130 vim
1854 4068 2137 4130 habebant
2193 4068 2265 4128 ad
