2764 4738
131 4221 483 4439 μ»

594 421 775 461 xxxn
1240 400 1969 467 PROLEGOMENA.

761 566 889 635 Per
930 564 1273 634 Cornutum
1314 574 1609 658 cognovit
1645 570 1740 637 Μ.
1797 574 2193 639 Annaeum
2248 571 2652 643 Lucanum

589 681 827 757 poetam
847 717 868 752 ,
913 672 1014 756 qui
1044 672 1315 738 eiusdem
1347 675 1480 740 fere
1524 675 1743 741 aetatis
1773 672 2041 742 Cornuti
2067 688 2131 742 et
2159 678 2288 761 ipse
2315 679 2433 743 fuit
2459 680 2653 745 disei-

588 776 785 860 pulus.
848 771 964 838 Hic
1016 794 1400 861 summopere
1450 774 1655 842 Persii
1698 779 1969 844 carmina
2019 780 2349 849 admiratus
2393 805 2542 852 esse
2589 798 2655 850 et

591 898 725 941 cnm
753 876 857 942 ille
887 877 1178 942 recitaret
1205 878 1482 944 savorem
1510 900 1687 945 sunm
1723 880 1990 947 clamore
2019 884 2359 968 prodidisse
2391 888 2649 953 dieitur.

586 977 709 1043 Est
735 999 887 1044 vero
917 980 1088 1044 locus
1117 980 1283 1045 vitae
1313 982 1635 1065 antiquae,
1668 982 1771 1047 ubi
1803 983 1919 1049 boc
1952 997 2272 1065 narratur,
2319 1000 2655 1076 corruptus

589 1092 770 1164 atque
814 1091 882 1145 nt
921 1082 1167 1147 videtur
1208 1083 1654 1167 interpolatus,
1698 1086 1787 1151 ita
1836 1097 1905 1151 nt
1955 1086 2147 1152 verba
2203 1092 2477 1175 genuina
2537 1094 2654 1158 vix

588 1187 770 1251 liceat
810 1185 1160 1251 restituere.
1240 1182 1495 1251 Persius
1538 1187 1782 1253 videtur
1824 1190 2073 1253 satiram
2124 1191 2375 1308 primam
2425 1194 2654 1257 amicis

588 1287 884 1353 recitasse
936 1291 1105 1369 (nam
1144 1306 1183 1351 a
1227 1286 1479 1371 publicis
1518 1290 1980 1354 recitationibus
2010 1288 2211 1357 Persii
2239 1294 2479 1358 animus
2514 1296 2654 1359 sine

590 1391 772 1454 dubio
815 1389 1223 1454 alienissimus
1267 1390 1447 1475 snit),
1505 1391 1569 1455 in
1604 1412 1856 1475 quorum
1887 1413 2140 1458 numero
2169 1396 2284 1458 fnit
2319 1393 2649 1474 Lucanus,

587 1495 688 1578 qui
735 1502 902 1557 tanta
945 1491 1346 1573 admiratione
1391 1493 1704 1577 perculsus
1753 1504 1885 1572 est,
1932 1506 2000 1559 ut
2032 1497 2142 1560 vix
2170 1517 2239 1561 se
2270 1497 2586 1562 retineret
2614 1519 2653 1562 a

590 1596 855 1660 clamore
878 1639 897 1671 ,
949 1614 1303 1678 quamquam
1348 1596 1500 1659 satis
1547 1595 1884 1661 declaravit
1924 1594 2215 1678 Persius,
2263 1609 2653 1685 quantopere

587 1697 732 1762 talia
755 1695 1146 1781 improbaret.
1175 1693 1333 1778 Quid
1365 1697 1807 1762 exclamaverit
1823 1695 2113 1765 Lucanus
2129 1712 2438 1764 narratum
2455 1702 2652 1766 etiam

588 1809 721 1877 est,
780 1808 1067 1882 qnantum
1115 1818 1200 1863 ex
1243 1801 1545 1884 corruptis
1602 1800 1808 1864 verbis
1870 1801 2125 1887 intelligi
2182 1812 2425 1889 potest,
2487 1825 2652 1869 vera

588 1920 728 1967 esse
768 1900 923 1966 baec
965 1910 1276 1984 poemata,
1338 1912 1405 1965 at
1444 1923 1596 1985 quae
1640 1904 1770 1988 ipse
1816 1904 2086 1980 faceret,
2150 1905 2353 1969 ludum
2400 1915 2648 1970 tantum

586 2024 725 2069 esse
757 2004 1098 2087 iocumque.
1160 2001 1332 2067 Haec
1378 2022 1452 2066 eo
1495 2005 1820 2070 referenda
1843 2051 1861 2083 ‚
1908 2006 2066 2088 quod
2096 2003 2351 2072 Persius
2381 2007 2650 2092 prologo

587 2107 855 2186 dixerat,
888 2124 957 2170 se
986 2105 1062 2169 ad
1094 2104 1253 2169 vatis
1285 2126 1509 2170 nomen
1541 2126 1664 2170 non
1693 2107 2031 2191 adspirare,
2072 2128 2323 2191 quorum
2353 2109 2429 2172 ad
2460 2129 2652 2175 saera

585 2209 1010 2294 semipaganus
1042 2228 1286 2272 carmen
1317 2229 1491 2273 snum
1520 2209 1756 2273 afferat.
1808 2206 2042 2274 Contra
2078 2210 2404 2275 affirmavit
2433 2208 2650 2276 Luca-

585 2330 701 2377 nus
732 2310 886 2376 baec
914 2331 1066 2377 vera
1098 2322 1379 2398 poemata
1420 2330 1583 2377 esse.
1667 2309 1848 2377 Talia
1889 2332 2040 2377 sane
2085 2311 2266 2378 facile
2309 2323 2651 2398 potuerunt

585 2413 769 2496 fingi,
818 2424 884 2479 et
910 2413 1069 2496 qnod
1098 2414 1402 2478 addidisse
1434 2413 1654 2478 dicitur
1684 2411 1757 2477 de
1794 2414 1920 2479 suis
1954 2415 2319 2480 carminibus
2339 2460 2358 2492 ,
2407 2436 2650 2482 vereor

587 2529 654 2582 ut
710 2518 978 2583 dixeritz
1039 2535 1251 2582 verum
1304 2516 1378 2580 de
1436 2526 1567 2580 tota
1625 2535 1694 2580 re
1753 2537 1863 2581 cur
1907 2516 2218 2582 dubitetur
2262 2540 2386 2582 non
2431 2519 2645 2583 video.

583 2620 995 2705 Agnoscimus
1040 2618 1136 2684 bic
1181 2639 1418 2704 quoqne
1470 2618 1869 2682 Annaeornm
1928 2619 2231 2684 fervidum
2288 2619 2642 2705 ingenium,

584 2723 785 2788 subito
812 2723 1039 2808 impetu
1070 2721 1145 2785 ad
1177 2721 1360 2784 nimia
1391 2741 1644 2804 pronum
1667 2764 1686 2796 ,
1735 2730 1803 2784 ut
1847 2731 2052 2785 cetera
2099 2740 2335 2805 quoqne
2365 2724 2480 2787 suit
2511 2722 2648 2787 Ln-

585 2845 779 2890 canus
821 2824 1005 2890 irasci
1051 2834 1114 2888 et
1156 2823 1443 2887 admirari
1487 2821 1679 2887 facilis
1725 2833 1787 2887 et
1823 2822 2204 2888 immodicuS.
2269 2821 2478 2906 Quare
2531 2827 2647 2891 vix

583 2928 839 3013 putarim
870 2928 1033 2992 inter
1058 2924 1338 2990 Persium
1370 2935 1550 3008 atque
1579 2923 1895 2990 Lucanum
1942 2936 2172 2990 arctam
2202 2928 2647 3000 intercessisse

583 3029 945 3094 amicitiam:
981 3050 1105 3093 non
1136 3027 1300 3098 cadit
1327 3027 1392 3090 in
1424 3025 1582 3091 hunc
1611 3027 2014 3112 inaequalitas
2046 3029 2269 3105 animi,
2317 3051 2432 3111 qua
2469 3050 2646 3095 nunc

583 3130 825 3197 Neroni
855 3131 1129 3196 addictus
1160 3128 1453 3195 Lucanus
1485 3131 1754 3194 carmina
1783 3130 1846 3194 in
1892 3130 2024 3195 eius
2068 3129 2362 3195 honorem
2404 3152 2646 3217 pange·

582 3234 688 3298 bat
730 3233 1076 3317 nominique
1124 3233 1255 3297 eius
1299 3231 1475 3296 foede
1523 3231 1911 3310 adulabatur,
1961 3253 2108 3296 mox
2150 3233 2227 3297 ab
2257 3253 2332 3296 eo
2364 3233 2643 3300 offensus
2684 3261 2690 3266 ’

583 3338 851 3402 carmina
891 3338 1186 3423 probrosa
1230 3336 1295 3398 in
1341 3354 1479 3398 eum
1523 3334 1808 3412 iactavit,
1856 3355 2204 3419 summaque
2249 3335 2489 3418 linguae
2542 3337 2643 3400 in-

581 3440 983 3524 temperantia
1013 3449 1226 3504 contra
1257 3458 1395 3501 enm
1424 3437 1839 3520 grassabatur.
1907 3437 2194 3500 Alienum
2236 3436 2350 3501 suit
2390 3437 2466 3502 ab
2515 3438 2639 3504 hoc

579 3542 826 3606 fervore
872 3551 1102 3607 castum
1146 3539 1561 3623 modicumque
1600 3537 1909 3623 ingenium
1953 3536 2194 3615 Persii,
2242 3538 2343 3622 qui
2383 3560 2420 3603 a
2462 3539 2638 3608 vitae

649 3696 928 3762 scriptores
964 3696 1282 3747 inveniendi.
1322 3694 1422 3746 lam
1460 3693 1556 3746 snb
1586 3710 1641 3747 v.
1666 3696 2000 3746 mnasiterna
2027 3692 2101 3760 (p.
2131 3693 2254 3760 563)
2282 3693 2440 3745 dicit·
2486 3693 2639 3748 Unde

649 3769 705 3814 et
745 3763 1059 3830 Calpur-n
1075 3768 1186 3816 ius
1220 3769 1277 3815 in
1312 3765 1544 3816 Fronese‘
1573 3763 1844 3816 comoedia
1880 3761 2202 3826 ait:„U1n·
2232 3768 2295 3814 tu
2338 3767 2636 3818 masten·-

648 3838 810 3883 natm
860 3847 1059 3898 aquam
1100 3841 1281 3899 petas.
1290 3836 1327 3862 “
1397 3831 1474 3885 Et
1511 3834 1827 3885 Plautus
1863 3835 1919 3882 in
1955 3831 2224 3882 Bacchide
2259 3833 2373 3882 ait.-
2428 3833 2636 3897 „Effer

646 3903 1032 3953 mausileum
1081 3917 1202 3953 cum
1249 3917 1395 3968 aqua
1416 3904 1605 3967 foras.
1613 3903 1652 3931 ‘⁴
1724 3899 1855 3952 Num
1892 3900 2028 3951 bunc
2063 3915 2262 3966 quoqne
2297 3867 2466 3951 Persii
2499 3902 2632 3952 ami-

647 3986 763 4022 cum
800 3971 851 4020 in
888 3968 1109 4020 iadicem
1144 3984 1293 4021 snum
1331 3970 1576 4022 retulisse
1612 3971 1871 4038 putandus
1905 3970 2047 4020 erit?
2103 3969 2296 4020 Contra
2331 3970 2628 4034 eclogarum

647 4046 845 4107 poetam
896 4037 1110 4091 eundem
1160 4053 1276 4090 esse
1323 4040 1621 4106 suspicatur
1655 4038 2038 4093 Wernsdorfins
2087 4038 2273 4106 (poett.
2312 4035 2455 4091 Latt.
2492 4040 2622 4091 min.

647 4117 689 4161 t.
728 4107 857 4178 111».
894 4109 971 4176 ⁴).

604 4493 759 4630 *s
