2764 4738
888 409 1618 475 PROLEGOMENA.
2127 435 2275 481 cctx

395 574 632 641 Horum
679 578 859 643 codd.
905 577 967 643 P
1003 576 1068 642 3.
1115 579 1182 642 4.
1227 576 1268 642 5
1308 580 1443 667 ipsc
1489 580 1750 657 contuli,
1810 579 1872 645 P
1899 579 1962 644 1.
2007 577 2072 643 2.
2107 579 2151 645 6
2196 582 2276 647 ad

214 673 471 763 Riinigii
530 680 862 744 editionem
920 680 1328 747 conferendos
1386 683 1533 747 mihi
1589 683 1828 748 curavit
1884 693 1948 745 ct
1990 694 2276 748 accurate

219 780 547 865 descripsit
576 779 655 845 C.
691 779 768 846 Β.
802 779 1093 847 Hasius
1117 827 1136 856 ‚
1185 784 1284 867 qui
1314 795 1631 869 paternum
1663 786 1982 863 affectum,
2030 805 2147 867 quo
2177 807 2276 851 mc

218 879 458 946 Persiis
507 884 831 965 degentem
875 884 1191 969 amplexus
1233 896 1367 962 est,
1431 885 1739 950 beneflciis
1791 887 1857 950 in
1897 906 1993 951 me
2040 886 2278 952 collatis

217 985 484 1068 probare
531 1005 835 1069 nunquam
878 985 1082 1049 desiit.
1142 986 1202 1049 P
1226 982 1290 1048 7.
1328 989 1585 1052 contulit
1613 1008 1747 1051 cum
1777 985 2122 1052 Achaintrii
2152 987 2278 1052 edi-

220 1083 388 1149 tione
421 1084 820 1165 Roesius,
868 1097 930 1150 et
958 1110 1061 1151 vv.
1096 1087 1162 1150 11.
1199 1087 1389 1151 edidit
1418 1088 1498 1153 E.
1537 1087 1617 1153 G.
1654 1088 2079 1155 Weberus.

397 1200 561 1268 Cod.
598 1205 998 1270 bibliothecae
1029 1204 1516 1290 Rehdz‘geranac
1544 1205 2045 1272 membranaceus
2076 1206 2160 1290 (R
2180 1204 2274 1287 1),
2314 1219 2358 1271 R
2385 1221 2433 1272 1.

221 1306 422 1369 forma
450 1304 765 1388 'quadrata
808 1306 1076 1386 minore,
1125 1327 1294 1372 saec.
1338 1304 1501 1372 xlv
1546 1307 1703 1372 bene
1750 1307 2044 1393 scriptus,
2100 1308 2277 1392 pictis

220 1407 582 1471 initialibus).
634 1405 926 1472 Continet
957 1406 1039 1472 Iu
1057 1410 1409 1473 venalem
1442 1419 1506 1473 et
1533 1406 1585 1472 P
1604 1410 1764 1475 ersi
1783 1430 1914 1472 um.

393 1522 558 1590 Cod.
609 1525 876 1589 eiusdem
917 1526 1316 1592 bibliothecae
1359 1527 1720 1595 chartaceus
1760 1527 1847 1614 (R
1875 1526 1975 1612 2.)
2000 1574 2019 1607 ,
2081 1528 2279 1593 forma
2310 1537 2434 1593 ΗΞ.

220 1627 561 1711 quadrata,
620 1648 742 1690 non
804 1639 947 1692 ante
998 1650 1168 1694 saec.
1225 1627 1354 1695 XV
1395 1630 1575 1694 finem
1620 1629 1905 1714 scriptus.
1982 1627 2279 1695 Continet

220 1725 684 1793 Iuvenalem
730 1740 793 1794 et
835 1727 1222 1793 Persium.

396 1827 733 1913 Utriusque
781 1831 917 1895 cod.
967 1832 1250 1915 quasdam
1294 1829 1592 1896 lectiones
1635 1830 1824 1896 edidit
1872 1830 2278 1898 Fiillebor·

221 1932 443 2008 nius,
494 1932 592 1996 cui
633 1932 693 1996 R
724 1931 757 1995 1
808 1944 903 1998 est
941 1930 1025 2009 11,
1076 1942 1140 1996 at
1183 1932 1242 1997 R
1267 1930 1313 1996 2
1341 1930 1398 1995 Ι.
1453 1933 1822 1998 Accuratam
1864 1934 1939 1999 ad
1969 1933 2280 2001 Hauthalii

221 2033 559 2096 editionem
589 2035 809 2098 factam
831 2035 1213 2099 collationem
1239 2035 1490 2099 donavit
1507 2035 1650 2099 mihi
1683 2032 1837 2100 'l'zs
1854 2036 2276 2102 chirnerus.

402 2148 566 2216 Cod.
612 2151 756 2217 bibl.
804 2154 1156 2219 monasterii
1198 2152 1642 2237 Sangallense&
1698 2175 1762 2218 n.
1808 2149 1934 2219 203
1992 2154 2125 2241 (Sg
2155 2153 2277 2240 1.),
2313 2164 2393 2230 Sg
2418 2164 2467 2215 1.

224 2255 592 2318 chartaceus
623 2274 796 2319 saec.
830 2250 981 2318 XV.

396 2369 568 2538 egi}
594 2373 864 2438 eiusdem
894 2373 1297 2440 bibliothecae
1327 2395 1392 2438 n.
1426 2369 1554 2440 858
1584 2375 1713 2460 (Sg'
1731 2373 1868 2461 2.),
1918 2375 2276 2448 chartaceus
2311 2388 2386 2456 ες
2407 2391 2460 2443 2.

225 2495 401 2539 saec.
573 2520 589 2538 .

402 2574 735 2659 Utriusque
782 2577 918 2641 cod.
968 2600 1074 2642 vv.
1122 2578 1188 2642 ll.
1238 2580 1315 2642 ad
1346 2579 1675 2645 editionem
1709 2576 1972 2646 Weberi
2002 2591 2280 2645 enotatas

228 2677 428 2742 debeo
462 2675 539 2742 C.
577 2678 655 2743 G.
690 2675 1067 2743 Miillero.

405 2790 626 2858 Codex
677 2796 1034 2861 stricari-5125
1087 2796 1271 2878 (T.)‚
1331 2798 1870 2873 membranaceus,
1936 2819 1974 2862 a
2030 2797 2278 2863 librario
2322 2819 2382 2871 Τ.

224 2893 385 2961 Italo
441 2916 612 2961 saec.
657 2895 813 2961 xm
874 2900 1325 2982 elegantissime
1370 2900 1654 2984 scriptus.
1736 2896 2011 2964 Contulit
2056 2897 2280 2966 Orel-

224 2999 280 3061 li
300 3019 407 3061 us.
473 2996 703 3062 Exstat
732 2998 789 3062 in
820 2999 1185 3065 bibliotheca
1214 3001 1448 3065 urbana
1480 2999 1811 3065 Turicensi
1842 3001 1979 3065 cod.
2025 2998 2137 3086 (C,
2170 2999 2278 3079 58,

225 3095 388 3182 275)
420 3099 917 3166 membranaceus
937 3147 955 3179 ‚
997 3102 1096 3184 qui
1137 3113 1388 3186 praeter
1415 3102 1531 3165 alia
1562 3103 1748 3165 multa
1778 3114 2067 3187 excerpta
2098 3123 2280 3187 quae-

228 3202 366 3264 dam
398 3198 601 3266 Persii
631 3203 940 3280 continet,
985 3203 1050 3266 in
1098 3204 1309 3286 quibus
1352 3204 1651 3269 lectiones
1693 3204 2117 3270 memorabiles
2155 3226 2279 3267 non

226 3302 477 3381 inveni,
528 3303 646 3367 nisi
676 3305 832 3387 quod
865 3301 951 3382 V,
983 3301 1070 3369 90
1107 3309 1348 3368 notavit
1389 3304 1608 3383 habet,
1653 3307 1762 3370 sed
1793 3330 1835 3370 n
1865 3308 1929 3371 in
1959 3329 1996 3370 v
2024 3317 2275 3371 mutata.

402 3418 565 3486 Cod.
610 3421 1011 3487 bibliothecae
1067 3422 1455 3488 Deve-ense&
1511 3422 1697 3509 (Tr.)
1755 3426 2275 3506 membranaceus,
2324 3442 2416 3494 rr.

228 3527 426 3590 forma
469 3523 804 3607 quadrata,
848 3525 1006 3589 bene
1049 3525 1309 3610 scriptus
1360 3545 1530 3591 saec.
1577 3523 1676 3590 IX
1720 3529 1819 3591 vel
1859 3525 1949 3590 X.
2034 3523 2280 3591 Scholia

229 3627 538 3713 adscripta
587 3624 790 3690 habet.
856 3622 1132 3690 Contulit
1174 3625 1564 3693 Loersius
1609 3625 1991 3709 Luchtio,
2040 3630 2140 3712 qui
2171 3652 2276 3696 vv.

227 3731 295 3793 ll.
325 3748 563 3793 mecum
596 3728 1023 3793 humanissime
1055 3730 1544 3797 communicavit.

403 3844 565 3911 Cod.
601 3845 800 3931 (V.),
848 3847 1019 3912 cuius
1047 3869 1152 3912 vv.
1185 3849 1252 3911 ll.
1298 3844 1627 3913 Cortius
1674 3850 1952 3934 exemplo
1995 3849 2274 3915 editionis
2309 3864 2379 3918 V.

227 3948 715 4016 Schrevelianae
774 3947 1134 4032 adscripsit,
1208 3950 1364 4034 quod
1413 3950 1532 4014 iam
1585 3960 2111 4016 commemoratum
2158 3962 2273 4015 est.

227 4049 492 4116 Notavit
533 4072 642 4117 eas
678 4048 1124 4118 Pasaovius
1165 4050 1254 4136 (p.
1291 4048 1446 4135 156)
1490 4051 1566 4117 ad
1607 4053 1941 4136 marginem
1971 4052 2118 4116 edit.
2157 4049 2277 4116 Ca-

355 4177 595 4218 mustus.
1823 4175 1860 4216 0
