2764 4738
542 393 631 461 90
1258 395 1861 473 8ΑΤ.Ι,46·-50.

546 566 769 649 quidem
816 571 945 631 loeo
988 591 1102 631 non
1154 573 1334 631 solum
1378 568 1525 629 idetn
1581 569 1895 647 significet,
1952 565 2101 646 quod
2158 570 2432 648 quonaone
2480 571 2591 643 (ef.

543 652 793 733 Madvig.
824 655 894 714 nd
925 656 1045 716 Cic.
1088 656 1160 716 (Ie
1202 657 1333 715 linn.
1378 655 1454 726 V,
1484 659 1546 726 8,
1575 658 1718 727 21),
1764 651 1866 712 sed
1897 652 2083 730 paullo
2127 653 2335 715 fortius
2364 666 2492 727 est,
2526 665 2595 715 ut

545 740 672 799 aliis
702 741 842 799 loeis
874 744 1108 821 quando
1149 743 1378 821 quidem
1426 741 1591 815 (weil
1625 739 1837 812 theb),-
1879 739 1956 796 ita
1994 738 2110 797 Iuv.
2157 739 2258 811 IX,
2306 743 2429 802 148
2461 759 2554 819 sq.
2574 762 2593 796 ε

547 824 847 885 Sufficiunt
874 827 1052 897 haee,
1100 829 1333 906 quando
1373 843 1591 904 pauper
1619 843 1754 893 erog
1796 824 1874 882 cf.
1906 822 2002 894 ΙΙΙ,
2035 828 2137 885 21.
2184 824 2320 883 Hor.
2357 823 2483 884 Sat.
2515 825 2591 897 11,

546 915 608 979 5,
640 913 701 973 9.
745 913 907 972 Rara
934 914 1088 982 αυίε,
1131 912 1504 991 proverbialis
1545 909 1773 979 locutio,
1817 918 1879 968 ut
1907 906 2054 985 apud
2084 909 2270 968 Inveu.
2305 909 2408 981 VI,
2440 913 2588 972 165.

546 994 779 1055 Hieron.
812 996 938 1056 adv.
969 997 1145 1057 Iovin.
1189 997 1214 1057 1
1243 1008 1284 1055 t.
1316 996 1415 1065 lv,
1446 1000 1487 1058 2
1529 1014 1586 1074 p.
1632 997 1756 1058 190
1783 993 1963 1053 Ben.=
2006 992 2123 1053 Aut
2149 996 2198 1054 si
2227 995 2378 1054 boue
2410 994 2593 1053 fuerit

545 1091 608 1138 et
642 1082 830 1141 suevis
859 1102 1025 1154 uxor,
1055 1102 1201 1163 quae
1233 1093 1419 1142 tamen
1450 1098 1599 1140 rara
1633 1082 1764 1139 avale
1804 1090 1913 1139 est.
1988 1081 2265 1139 Laudari
2301 1090 2587 1151 metum,

545 1165 804 1225 similiter
819 1165 1013 1228 Horat.
1030 1188 1160 1248 epp.
1179 1167 1223 1239 1,
1245 1171 1343 1238 16,
1375 1170 1459 1230 6⁰
1488 1175 1748 1225 metuens
1774 1166 2016 1239 audin}
2044 1184 2217 1224 carm.
2246 1165 2347 1237 111,
2385 1171 2487 1237 11,
2506 1169 2590 1228 10

543 1253 758 1310 metuit
781 1255 971 1331 tangi.
1019 1254 1262 1324 Fibra,
1293 1252 1501 1311 iecoris
1532 1252 1924 1310 extremitates
1955 1260 2082 1308 sunt
2113 1250 2215 1322 (ef.
2241 1249 2314 1309 nd
2348 1251 2422 1322 ΙΙ,
2453 1255 2588 1323 26),

543 1338 599 1394 in
630 1356 740 1416 qno
769 1356 971 1397 sensns
1002 1350 1061 1398 et
1091 1339 1257 1397 animi
1288 1335 1457 1396 sedes
1489 1342 1566 1408 (v.
1582 1334 1652 1394 nd
1667 1357 1721 1394 v.
1753 1340 1883 1408 25),
1911 1336 1995 1395 el'.
2029 1335 2103 1407 V,
2132 1338 2237 1399 29.
2289 1337 2588 1396 Cor-nem

543 1431 732 1480 nutem
781 1434 1054 1483 vocarunt
1095 1423 1330 1483 Rotnani
1373 1419 1633 1502 quicquid
1666 1417 1901 1498 rigidum
1942 1432 2103 1480 esset
2130 1431 2191 1480 et
2221 1422 2345 1480 sine
2389 1440 2587 1492 sensu,

541 1505 709 1586 idque
741 1508 970 1567 verbum
1018 1510 1185 1568 etiam
1231 1507 1303 1568 de
1348 1507 1572 1566 homine
1613 1505 1976 1584 usurpabant.
2022 1506 2112 1566 Cf.
2144 1506 2286 1565 Plin.
2319 1506 2449 1577 VII,
2485 1511 2589 1577 18,

550 1594 648 1655 19.
679 1591 894 1665 XXXI,
926 1597 988 1664 9,
1019 1599 1125 1655 45.
1159 1593 1390 1652 Petrou.
1437 1595 1541 1655 43.
1588 1591 1843 1651 Persium
1875 1591 2130 1671 respexit
2160 1590 2360 1651 Sidon.
2392 1591 2587 1671 Apoll.

525 1677 2348 1841 ⁸;!t”pb¹r,··etsvrlti‹Iz’llil.1I·V,⁰.1.p=h‘Iilc’stiffilliutii-..risgitIgrti'titellitoebotfa⁸tionuut
2397 1695 2590 1821 3³5:

542 1867 758 1908 cornea
781 1849 1103 1929 fibraeque
1141 1850 1453 1927 glaciales.
1496 1849 1698 1907 Finem
1724 1858 1785 1907 et
1811 1858 2133 1907 extremum
2169 1848 2374 1907 eaden
2405 1848 2589 1926 signi·

544 1933 806 2012 ficatione
870 1936 1159 2013 coniungit
1229 1935 1400 1993 etiam
1463 1933 1667 1993 Cicero
1734 1931 1830 2006 (de
1875 1933 2005 1992 linn.
2052 1933 2137 2004 II,
2193 1936 2269 2004 3,
2330 1937 2436 2005 6)=
2527 1932 2588 1991 Is

542 2018 638 2097 qui
675 2019 866 2097 finem
936 2038 1125 2079 rerum
1186 2017 1628 2099 expetendarum
1685 2018 2024 2098 voluptatem
2085 2037 2217 2078 esse
2275 2015 2467 2090 dieat,
2523 2015 2589 2076 id

541 2113 888 2177 extremum,
934 2103 991 2164 id
1031 2105 1279 2163 ultimum
1318 2102 1614 2164 bonorum.
1674 2102 1745 2174 ΙΙ,
1775 2107 1838 2174 2,
1884 2109 1958 2165 53
2026 2102 2170 2162 Nom
2210 2103 2360 2163 huuc
2398 2104 2589 2182 ipsun

543 2189 665 2247 sive
691 2189 906 2266 finem,
940 2193 1061 2250 sive
1106 2200 1469 2261 extremum,
1504 2189 1625 2250 sive
1681 2189 1926 2248 ultimum
1968 2188 2280 2249 deliniebas
2321 2187 2377 2248 id
2422 2207 2587 2260 esse,

541 2292 653 2352 quo
682 2277 898 2346 omnin,
942 2295 1089 2355 quae
1134 2286 1297 2335 recte
1332 2275 1435 2348 (οἳ.
1478 2273 1523 2344 l,
1558 2278 1659 2344 12,
1686 2279 1796 2346 42)
1828 2275 2061 2343 fierent,
2092 2274 2474 2334 referrent-ur.
2504 2274 2586 2333 cf.

540 2357 615 2430 V,
649 2363 707 2428 5,
744 2365 857 2434 153
913 2365 1024 2432 173
1084 2361 1285 2442 quibus
1327 2360 1518 2421 verbis
1566 2358 1911 2419 Graecorum
1952 2357 2120 2429 τεἏος
2151 2361 2586 2440 interpretatur,

542 2444 640 2516 111,
671 2450 730 2518 7,
761 2450 865 2517 26,
896 2448 974 2507 cf.
1006 2445 1257 2526 Madvig.
1276 2445 1350 2506 ed
1379 2447 1425 2517 1,
1456 2450 1518 2518 9,
1547 2449 1651 2517 29.
1682 2447 1855 2523 Euge
1901 2455 1961 2505 et
1988 2446 2165 2517 belle,
2199 2456 2262 2503 ut
2289 2456 2498 2525 postea
2525 2465 2584 2504 v.

541 2532 624 2592 84
656 2533 952 2603 decenter,
985 2532 1161 2591 verba
1194 2543 1341 2604 suut,
1372 2532 1572 2612 quibus
1603 2532 1971 2590 recitantibus
2002 2530 2307 2590 acclamari
2338 2529 2589 2601 solebat,

541 2626 605 2674 ut
633 2616 775 2694 apud
808 2617 1002 2676 Horat.
1033 2616 1106 2677 A.
1141 2617 1206 2676 Ρ.
1235 2621 1362 2679 428
1385 2618 1624 2695 pulcre,
1665 2616 1832 2688 bene,
1856 2625 2037 2675 reete.
2084 2615 2407 2694 Progressa
2438 2626 2588 2675 ten·

539 2703 695 2780 poris
725 2704 1009 2779 ingentem
1041 2703 1231 2762 talium
1274 2703 1737 2761 acclamationum
1782 2703 2000 2780 copiam
2044 2701 2153 2760 sibi
2183 2711 2591 2780 compararunt

537 2784 894 2857 adulatores,
937 2788 1137 2868 quibus
1182 2807 1307 2847 cum
1347 2787 1577 2847 delectu
1621 2798 1681 2846 et
1710 2797 1834 2847 arte
1865 2787 1946 2845 uti
1975 2783 2292 2858 callebant,
2321 2787 2400 2845 cl'.
2435 2785 2585 2845 Plut.

538 2870 611 2931 de
670 2870 797 2931 aud.
856 2876 917 2935 9.
963 2871 1253 2933 Recenset
1308 2873 1520 2953 aliquot
1577 2890 1770 2932 earum
1826 2871 2103 2931 Martialis
2165 2871 2257 2946 (ΙΙ,
2312 2874 2419 2942 27,
2481 2874 2546 2943 3)
2567 2891 2585 2928 z

540 2955 806 3037 Efficie!
859 2960 1179 3035 graviter!
1237 2960 1393 3017 cito!
1440 2959 1753 3036 nequiter!
1806 2962 1997 3035 euge!
2040 2957 2253 3017 beate!
2322 2955 2585 3035 Inprimis

541 3054 725 3101 nutem
754 3045 968 3121 sophos
994 3044 1250 3119 (σοφῶς)
1296 3045 1353 3101 ἰιι
1396 3062 1500 3102 usu
1547 3042 1726 3102 fuisse
1773 3040 2031 3111 videtur,
2090 3040 2238 3123 quod
2293 3058 2584 3120 persaepe

539 3126 685 3206 apud
732 3127 1048 3187 Martialem
1095 3129 1375 3188 invenitur
1421 3128 1488 3200 (Ι,
1535 3130 1596 3198 3,
1641 3131 1682 3188 7
1705 3151 1722 3201 3
1778 3132 1882 3198 49,
1915 3132 2031 3199 37,
2077 3132 2180 3199 66,
2209 3134 2288 3201 4ς
2337 3130 2582 3197 76,10.

536 3212 631 3284 ΙΙΙ,
661 3216 763 3282 46,
797 3217 856 3275 8.
888 3213 987 3285 Vl,
1019 3217 1122 3285 48,
1158 3219 1216 3275 1.
1254 3212 1377 3284 VII,
1410 3217 1513 3283 32,
1543 3217 1609 3273 4.
1646 3214 1726 3273 cf.
1762 3212 1995 3273 Petron.
2028 3217 2157 3286 40).
2206 3211 2481 3271 Similiter
2507 3210 2584 3271 de

540 3298 696 3357 bisce
727 3296 938 3358 iudicat
976 3296 1204 3359 Arrian.
1237 3298 1380 3357 diss.
1414 3298 1507 3369 ΙΙΙ,
1539 3302 1644 3360 23.
1676 3300 1850 3358 Belle
1879 3301 2011 3377 hoe,
2045 3298 2166 3358 Cic.
2198 3297 2340 3357 Phil.
2373 3297 2442 3367 II,
2474 3300 2584 3367 39,

545 3386 696 3444 1013
747 3384 906 3443 illud
934 3404 1130 3462 paene
1176 3386 1448 3444 tollatur.
1506 3386 1809 3444 Excutere
1835 3382 1904 3443 de
1937 3382 2189 3462 diligenti
2220 3393 2282 3443 et
2308 3392 2584 3441 accurata

537 3469 1019 3546 pervestigatione
1066 3471 1325 3529 usitatum
1371 3481 1465 3528 est
1497 3467 1791 3540 Senecae,
1822 3470 1899 3528 cf.
1931 3488 2022 3548 cp.
2054 3468 2204 3539 XIlI,
2235 3473 2295 3531 8.
2326 3467 2487 3540 XVI,
2519 3470 2582 3530 6.

537 3552 718 3624 ΧΧΙΙ,
749 3558 809 3616 8.
856 3554 1068 3624 XXVI,
1111 3559 1171 3617 2.
1215 3554 1286 3615 (le
1317 3557 1402 3614 iro
1434 3554 1530 3626 ΙΙΙ,
1574 3558 1675 3617 36.
1723 3551 2169 3613 Accommodate
2213 3551 2287 3612 nd
2344 3554 2582 3632 primam

535 3639 692 3698 verbi
726 3640 1214 3717 significationem,
1246 3660 1365 3700 rem
1399 3640 1639 3720 aliquam
1677 3641 1755 3698 ita
1785 3650 2044 3719 quatere,
2092 3649 2156 3698 ut
2183 3634 2446 3718 quiequid
2476 3638 2582 3697 eli-

536 3725 628 3781 eui
673 3725 839 3795 insit,
898 3722 1160 3795 decidat,
1205 3746 1314 3805 qua
1359 3724 1431 3784 de
1474 3725 1729 3785 vestibus
1790 3744 1858 3784 ac
1902 3725 2168 3803 stragulis
2232 3725 2583 3804 potissimum

535 3818 839 3887 usurpatur
883 3811 984 3882 (cf.
1028 3811 1215 3883 Quint.
1264 3811 1403 3880 XII,
1464 3815 1563 3880 10,
1606 3814 1708 3872 73.
1764 3809 1950 3868 Burm.
1997 3809 2069 3869 ad
2114 3809 2350 3870 Petrou.
2405 3813 2584 3883 128),

537 3890 676 3952 dixit
706 3896 851 3972 quid
877 3914 991 3954 non
1016 3898 1176 3956 intus
1209 3897 1437 3956 habet?
1478 3897 1611 3955 Non
1643 3897 1679 3954 i.
1729 3915 1781 3956 e.
1813 3915 2036 3965 nonne,
2084 3896 2166 3956 cf.
2216 3893 2405 3974 Intpp.
2438 3894 2583 3955 Sall.

535 3979 653 4055 Ing.
688 3984 789 4047 31,
828 3985 925 4041 17.
958 3980 1080 4039 Liv.
1116 3982 1214 4050 IV,
1258 3986 1323 4051 4,
1365 3987 1423 4044 5.
1456 3981 1608 4041 Flor.
1651 3980 1748 4052 III,
1780 3986 1885 4052 21,
1914 3985 2019 4044 25.
2065 3980 2295 4052 Menke,
2326 3980 2492 4040 obss.
2524 3982 2583 4040 in

537 4063 681 4123 Stat.
713 4066 919 4125 Achill.
952 4086 1007 4147 p.
1044 4070 1140 4130 16.
1214 4067 1364 4128 Ilias
1405 4068 1574 4128 Attii
1608 4066 1901 4127 Labeone}
1940 4072 2018 4143 (v.
2050 4062 2124 4127 ad
2152 4087 2206 4126 v.
2239 4071 2305 4140 4)
2337 4076 2583 4128 vocatur

639 4432 738 4513 Ἃ
