2764 4738
483 459 615 502 exn
1104 434 1841 500 PRoLEGoMENA.

493 631 601 674 ore
635 618 770 685 est,
816 615 1003 673 vocat
1030 604 1328 670 «Insertum
1371 616 1439 669 et
1465 608 1813 693 elegantem
1829 653 1852 685 ,
1901 605 2212 670 oran‘onis
2242 607 2429 669 etiam
2460 605 2544 669 ad

489 721 772 775 nostrum
783 708 1131 794 fastidium
1159 708 1400 773 nitidae
1430 712 1594 794 (epp.
1625 704 1863 787 LVIII,
1896 708 2009 789 4),
2043 719 2105 772 et
2134 708 2254 772 alio
2287 709 2425 772 loco
2456 707 2540 770 ita

492 815 567 880 de
627 814 757 880 eius
818 813 1095 877 oratioue
1156 812 1423 894 loquitur
1470 811 1633 896 (epp.
1671 808 1750 889 C,
1782 811 1892 892 4)=
1962 808 2331 873 Videbimus
2391 807 2545 894 quid

480 937 712 1003 parum
742 916 1004 979 rectis-um
1033 915 1152 989 sit,
1201 912 1357 999 quid
1370 934 1603 999 porum
1630 921 1934 977 structum
1950 961 1971 991 ,
2024 913 2177 998 quid
2199 934 2322 977 non
2352 911 2540 975 huius

491 1019 763 1082 recentis
809 1016 1130 1101 politurae
1148 1043 1175 1089 ,-
1231 1036 1365 1078 cum
1425 1017 1953 1101 ciremnspeoeemk
2012 1016 2221 1079 onmia
2237 1062 2258 1092 ,
2328 1015 2540 1078 nullm

492 1120 730 1185 videbis·
757 1120 1090 1204 angustias
1120 1122 1357 1182 thanes.
1396 1114 1631 1200 Quibus
1661 1117 1868 1183 verbis
1898 1117 2141 1182 videtur
2169 1117 2315 1182 illud
2345 1118 2539 1202 ipsum

494 1221 780 1287 excusari
821 1233 883 1285 et
926 1231 1154 1285 tantum
1203 1220 1639 1300 non'laudari‚
1688 1231 1971 1304 tanquam
2019 1214 2351 1285 eommunis
2390 1218 2540 1283 labis

493 1345 756 1410 experS,
805 1345 843 1387 a
887 1323 1006 1388 lilio
1050 1323 1283 1400 stoieo,
1347 1324 1505 1406 quod
1551 1324 1724 1409 pater
1766 1321 2020 1386 notavit.
2110 1320 2332 1407 Neque
2378 1322 2538 1386 enim

491 1427 751 1491 dubitari
797 1436 1029 1510 potest,
1078 1425 1219 1508 quin
1266 1425 1479 1504 stoici,
1530 1427 1628 1509 qui
1674 1436 1742 1489 ut
1775 1425 2020 1489 omnino
2051 1425 2352 1489 sermonis
2385 1424 2541 1489 haud

489 1551 768 1615 maguam
814 1549 1018 1593 euram
1063 1526 1401 1606 habebant,
1448 1528 1530 1591 ita
1562 1528 1881 1592 obscurum
1916 1523 2079 1613 (Cic.
2117 1528 2192 1592 de
2225 1536 2387 1591 orat.
2421 1522 2540 1606 ΙΙΙ,

493 1628 601 1711 18,
634 1628 783 1713 66),
833 1631 1141 1696 concisum
1187 1640 1250 1693 et
1294 1629 1580 1694 minutum
1628 1628 1795 1711 (Cic.
1841 1631 1916 1695 de
1963 1634 2122 1693 orat,
2163 1625 2248 1707 11,
2283 1627 2392 1708 38,
2430 1625 2546 1710 59)

491 1734 730 1800 dicendi
762 1754 956 1818 genus
987 1732 1158 1817 sequi
1190 1731 1509 1811 dicuntur,
1559 1744 1623 1797 et
1666 1733 1710 1795 ii
1755 1733 1853 1817 qui
1899 1732 2126 1796 stoicos
2155 1730 2544 1795 aemulaban-

492 1847 632 1916 tur,
681 1836 835 1900 hanc
870 1834 1108 1899 dicendi
1138 1834 1433 1898 rationem
1472 1834 1891 1899 adamaverint
1933 1844 1998 1898 et
2041 1834 2539 1919 propagaverint.

494 1936 656 2004 Nam
718 1958 852 2001 cum
908 1937 1086 2019 rigidi
1156 1948 1336 2021 atque
1404 1937 1607 2001 severi
1664 1937 1811 2001 nihil
1869 1936 2062 2022 magis
2114 1936 2542 2019 reprobarent,

492 2061 665 2124 quam
708 2039 772 2104 in
816 2060 1166 2123 quacunque
1212 2060 1280 2103 re
1324 2039 1632 2102 lasciviam
1676 2049 1740 2104 et
1780 2039 2128 2116 mollitiem,
2175 2038 2543 2123 inanemque

490 2142 625 2206 sine
654 2141 887 2207 viribus
926 2141 1434 2220 ostentationem,
1483 2139 1595 2204 hoc
1647 2142 1806 2206 sorte
1852 2152 1914 2205 et
1960 2139 2292 2206 masculum
2337 2141 2545 2207 brevi·

489 2255 617 2310 tate
662 2256 841 2328 atque
884 2245 1212 2329 asperitate
1255 2242 1566 2307 robustum
1613 2244 1875 2308 animum
1923 2244 2254 2308 osteudens
2301 2244 2547 2307 dicendi

489 2368 684 2432 genus
730 2367 837 2412 eos
889 2366 1211 2431 usurpasse
1264 2344 1748 2411 cousentaneum
1810 2356 1940 2424 est,
2008 2348 2163 2430 quod
2225 2356 2289 2411 et
2347 2346 2543 2429 ipsum

491 2450 675 2514 nimio
708 2450 907 2513 studio
937 2450 1220 2516 vitiosum
1253 2451 1474 2512 factum
1507 2460 1626 2513 est.
1694 2451 1899 2532 Atque
1949 2449 2114 2513 hisce‘
2159 2449 2544 2514 observatio-

491 2552 667 2617 nibus
698 2549 1033 2616 Persianae
1066 2551 1359 2616 oratiouis
1407 2552 1719 2636 potissima
1764 2553 1908 2617 vitia
1950 2552 2293 2631 contineri,
2340 2563 2543 2616 atten-

491 2645 614 2719 tum
654 2656 947 2720 lectorem
990 2676 1112 2718 non
1162 2655 1334 2739 fugit.
1428 2651 1588 2716 Ex
1572 2655 1645 2718 tis
1693 2675 1881 2731 vero,
1930 2675 2081 2737 quae
2139 2654 2321 2718 allata
2372 2665 2540 2734 sunt,

490 2767 690 2842 patet,
742 2756 1076 2822 communia
1120 2757 1177 2821 ei
1220 2756 1371 2820 haec
1415 2755 1605 2820 fuisse
1654 2778 1786 2820 cum
1830 2757 2073 2836 multis,
2122 2767 2186 2823 et
2214 2758 2438 2822 multos
2470 2777 2541 2822 ea

489 2861 619 2944 ipsa
652 2839 1022 2960 potisslmum
1053 2859 1114 2922 iu
1148 2881 1222 2923 eo
1254 2878 1492 2922 amasse
1513 2903 1531 2935 ‚
1581 2861 1738 2943 quod
1781 2859 1920 2923 inde
1952 2880 2186 2945 quoque
2219 2861 2542 2923 confirma-

492 2973 623 3041 tur,
672 2963 828 3046 quod
874 2982 987 3039 ea,
1035 2982 1184 3044 quae
1218 2961 1616 3026 audacissime
1657 2963 2001 3041 transtulit,
2050 2963 2151 3027 vel
2196 2961 2546 3027 insolenter

493 3066 780 3142 novavit,
826 3064 926 3129 vel
958 3064 1214 3129 obscure
1244 3063 1613 3148 significavit
1633 3111 1652 3144 ,
1698 3065 1774 3130 ab
1810 3065 1944 3130 aliis
1976 3065 2249 3130 videmus
2280 3065 2542 3151 probata

490 3179 669 3251 atque
717 3189 1036 3252 expressa.
1098 3163 1330 3232 Verum
1377 3187 1500 3229 non
1542 3167 1694 3251 apud
1739 3188 1845 3232 eos
1876 3168 2110 3246 solum,
2158 3167 2298 3252 qui,
2350 3179 2416 3231 ut
2457 3167 2544 3231 ait

492 3268 771 3346 Seneca,
821 3269 967 3334 vitia
995 3269 1124 3355 ipsa
1171 3269 1487 3346 amabant,
1536 3270 1676 3333 talia
1723 3269 2168 3355 probabantur,
2215 3271 2327 3334 sed
2372 3272 2543 3334 multi

491 3371 733 3435 honesti
775 3382 953 3457 atque
999 3371 1248 3457 ingenui
1288 3371 1443 3449 viri,
1490 3371 1585 3454 qui
1621 3371 1766 3435 nibil
1796 3371 1986 3456 magis
2019 3373 2315 3450 oderant,
2361 3393 2541 3458 quam
2605 3350 2623 3367 ⁹

491 3485 798 3539 recentem
861 3475 1167 3539 lasciviam
1233 3473 1598 3557 deliciasque
1658 3484 1721 3537 et
1777 3474 1976 3537 omnia
2035 3476 2112 3538 ad
2164 3471 2540 3559 voluptatem

491 3575 883 3643 multitudinis
918 3577 1236 3664 imperitae
1279 3576 1612 3660 composita
1659 3572 1903 3658 (Quint.
1937 3576 2024 3655 X,
2063 3575 2126 3654 1,
2159 3576 2313 3659 43),
2362 3599 2540 3665 prae-

488 3677 770 3741 ferebant
810 3690 1010 3745 tamen
1060 3680 1215 3744 hanc
1270 3678 1446 3741 nimis
1496 3677 1752 3761 rigidam
1808 3688 1873 3743 et
1924 3678 2240 3743 obscuram
2301 3679 2540 3745 dicendi

486 3778 823 3854 rationem,
887 3781 950 3843 in
1000 3802 1114 3864 qua
1173 3801 1414 3866 semper
1470 3791 1672 3844 tamen
1728 3781 1880 3844 recti
1937 3779 2196 3865 verique·
2248 3783 2538 3863 studium,

486 3883 874 3964 animumque
907 3892 1120 3946 contra
1149 3903 1332 3968 prava
1365 3894 1429 3948 et
1458 3893 1740 3966 corrupta
1775 3882 2059 3946 infestum
2092 3885 2535 3967 agnoscebant.

491 3982 667 4051 Sicut
707 3983 986 4049 similiter
1023 3984 1245 4048 iudicat
1289 3980 1700 4066 Quintilianus
1746 3979 1898 4065 (lx,
1931 3985 1996 4061 4,
2033 3983 2225 4070 142„
2275 3987 2355 4051 In
2401 3990 2541 4052 uni-

484 4109 727 4153 versum
759 4096 961 4152 autem
979 4133 996 4163 ‚
1029 4086 1093 4150 si
1114 4085 1206 4149 sit
1227 4107 1507 4164 neeesse,
1541 4085 1760 4151 duram
1780 4088 2001 4174 potius
2027 4097 2215 4175 atque
2243 4109 2538 4176 asperam
