2764 4738
69 4139 259 4229 Γ
352 4183 367 4196 .

432 415 582 459 cmm
1081 388 1811 454 PROLEGOMENA.

433 564 678 629 videtur
722 560 1041 626 Pithoeus.
1115 560 1265 626 Non
1321 562 1526 625 omnia
1577 561 1854 646 quidem,
1917 582 2055 625 nam
2111 580 2282 625 suum
2340 563 2484 625 cod.

433 664 729 749 affert(ad
751 659 897 741 vn,
921 663 1097 746 112),
1134 662 1230 726 ubi
1265 673 1429 729 tacet
1455 663 1730 747 Sangall.
1753 711 1771 742 ,
1804 675 1868 728 et
1897 663 2168 727 alioloco
2193 661 2310 743 (V,
2330 662 2491 743 155)

435 769 700 853 glossam
731 767 1181 830 interlinearem
1214 766 1417 843 affert,
1450 786 1603 849 quae
1636 787 1760 830 non
1793 775 1890 830 est
1917 766 1981 829 in
2013 766 2149 829 cod.
2177 762 2488 851 Sangall„

434 872 496 935 in
530 890 645 953 quo
693 890 828 934 cum
871 879 1078 932 textus
1124 888 1246 930 non
1293 869 1633 953 descriptus
1679 868 1794 945 sit,
1845 869 2027 932 etiam
2058 868 2494 932 interlineares

435 974 676 1058 glossae
719 991 843 1035 non
886 980 1274 1053 comparentz
1341 980 1660 1053 utrumque
1721 970 1998 1035 scholion
2044 970 2220 1034 affert
2275 967 2483 1033 Valla.

435 1072 647 1159 Itaque
696 1083 1015 1158 potuerunt
1063 1072 1182 1136 alia
1232 1092 1470 1155 quoque
1511 1073 1575 1136 in
1624 1074 1804 1137 codd.
1853 1071 2095 1138 Pithoei
2150 1083 2214 1137 et
2267 1066 2490 1136 Vallae

436 1177 596 1260 legi,
639 1175 848 1259 quibus
880 1184 1051 1239 caret
1078 1172 1273 1258 Sang.
1301 1182 1361 1252 ¹,
1410 1195 1620 1238 verum
1652 1174 1805 1240 haec
1835 1196 2028 1260 pauca
2058 1185 2290 1238 tantum
2320 1193 2490 1252 esse,

435 1279 529 1343 his
563 1280 636 1343 ‹le
669 1277 867 1342 causis
897 1287 1118 1341 statuo.
1147 1274 1414 1340 Primum
1448 1276 1587 1341 cod.
1619 1274 1942 1340 Pithoeani
1974 1287 2037 1342 et
2067 1274 2491 1361 sangallensis

434 1379 575 1457 talis
607 1398 944 1443 consensus
974 1389 1104 1458 est,
1139 1389 1206 1441 ut
1234 1389 1441 1462 aperte
1473 1378 1551 1442 ad
1580 1379 1739 1443 idem
1769 1379 2145 1464 archetypon
2174 1377 2489 1443 referendi

436 1482 562 1546 sint
621 1482 715 1563 (et
769 1480 908 1543 mihi
963 1481 1201 1563 quidem
1244 1500 1597 1566 persuasum
1643 1491 1778 1561 est,
1841 1481 1976 1546 cod.
2025 1479 2223 1565 Sang.
2269 1499 2409 1546 esse
2454 1501 2491 1543 e

435 1580 603 1645 Pith.
640 1583 1028 1666 descriptum,
1056 1603 1172 1665 qua
1203 1583 1276 1646 de
1307 1583 1552 1646 reinfra
1582 1583 1786 1667 paucis
1819 1583 2136 1647 dicendum
2157 1583 2335 1664 erit),
2362 1594 2489 1646 tum

437 1684 589 1749 nihil
617 1683 783 1749 addit
810 1682 1104 1749 Pithoeus
1133 1684 1210 1747 iis
1240 1702 1394 1767 quae
1424 1683 1605 1749 etiam
1634 1684 1697 1748 in
1727 1683 1920 1768 Saug.
1966 1686 2284 1768 leguntur,
2333 1683 2493 1768 quod

437 1807 559 1851 non
607 1786 828 1861 habeat
874 1783 1092 1864 Valla,
1155 1785 1308 1850 haud
1352 1807 1493 1850 raro
1537 1786 1622 1850 ita
1662 1786 1831 1851 addit
1867 1788 1983 1864 iis,
2043 1806 2197 1870 quae
2242 1786 2305 1849 in
2351 1787 2487 1850 cod.

440 1888 636 1976 Sang.
687 1897 972 1965 exstant,
1034 1897 1102 1950 ut
1141 1888 1251 1952 vix
1295 1887 1585 1952 credibile
1645 1888 1727 1952 sit
1783 1899 2102 1972 utrumque
2155 1889 2221 1951 in
2276 1888 2491 1953 eodem

438 1993 645 2057 codice
688 1991 975 2076 scriptum
1036 1990 1266 2070 fuisse,
1328 1990 1587 2074 denique
1641 2001 1780 2076 post
1833 2011 1969 2055 eum
2026 2010 2315 2068 versum,
2374 2011 2493 2074 qno

435 2092 710 2162 subsistit
754 2087 970 2157 Vallae
1018 2092 1255 2169 codex,
1318 2093 1468 2157 nihil
1508 2093 1677 2157 addit
1716 2090 2046 2172 Pithoeus,
2094 2092 2253 2176 quod
2291 2090 2496 2174 aliqua

441 2194 1012 2263 commemoratione
1046 2193 1290 2277 dignum
1321 2195 1441 2272 sit,
1488 2194 1733 2260 scholiis
1775 2195 1917 2258 cod.
1957 2191 2236 2280 Sangall.
2313 2191 2494 2258 Sum-

438 2321 596 2364 mam
640 2298 825 2384 igitur
864 2296 998 2362 veri
1042 2298 1306 2383 speciem
1355 2295 1570 2376 habet,
1616 2295 1941 2362 Pithoeum
1988 2297 2138 2361 haec
2168 2297 2495 2361 maximam

438 2412 711 2487 partem,
775 2421 913 2464 nam
957 2400 1249 2483 quaedam
1297 2399 1529 2465 librarii
1585 2400 1820 2464 incuria
1883 2400 1948 2464 in
2008 2400 2147 2464 cod.
2208 2396 2489 2481 Sangall-

439 2503 631 2568 omitti
663 2511 1028 2586 potuerunt,
1076 2521 1110 2564 e
1147 2499 1361 2566 Vallae
1410 2502 1843 2568 commentario
1877 2501 2299 2586 descripsisse.
2371 2497 2488 2564 Ce-

439 2616 634 2670 terum
677 2602 827 2670 baec
872 2602 1090 2670 Vallae
1136 2604 1367 2668 scholia
1413 2605 1713 2670 diversam
1759 2604 2050 2668 indolem·
2083 2602 2381 2690 produnt,
2428 2612 2496 2664 nt

437 2706 652 2794 partim
697 2707 956 2791 optimae
1000 2718 1182 2771 notae
1228 2718 1291 2770 et
1335 2708 1656 2789 antiquae,
1717 2706 1933 2791 partim
1991 2729 2030 2771 a
2084 2705 2238 2769 male
2296 2701 2496 2767 doctis

441 2811 715 2894 profecta
773 2828 911 2874 esse
970 2809 1316 2873 videantur.
1401 2805 1690 2892 Sequitur
1744 2808 1923 2888 inde,
1985 2806 2217 2872 scholia
2268 2804 2498 2869 codicis

441 2907 659 2976 Vallae
703 2911 779 2976 ad
845 2911 1101 2976 eundem
1161 2913 1392 2976 fontem
1447 2909 1774 2975 referenda
1820 2929 1996 2987 esse,
2046 2930 2081 2974 e
2126 2929 2244 2991 quo
2289 2927 2497 2971 mana·

442 3024 587 3078 runt
629 3011 1008 3092 pithoeana,
1055 3013 1164 3077 sed
1212 3012 1403 3078 fuisse
1450 3012 1666 3100 partim
1695 3012 2007 3097 pleniora,
2053 3010 2272 3097 partim
2301 3009 2498 3095 magis

442 3115 833 3201 interpolata.

618 3232 855 3317 Quodsi
900 3234 1053 3299 haec
1100 3232 1330 3298 scholia
1373 3234 1505 3298 inre
1550 3232 1741 3298 Probi
1789 3254 2009 3298 nomen
2042 3233 2282 3307 ferunt,
2331 3240 2500 3314 patet

441 3358 555 3416 ea,
602 3356 757 3421 quae
785 3337 981 3402 adhuc
1012 3336 1085 3400 de
1113 3335 1321 3402 Probo
1366 3337 1668 3422 disputata
1711 3347 1887 3413 sunt,
1936 3334 2121 3399 multo
2165 3332 2496 3397 incertiora

444 3441 597 3506 fieri.
646 3437 807 3504 Nam
853 3436 1167 3505 Valerium
1211 3437 1481 3503 Probum
1522 3436 1840 3524 Berytium
1872 3459 1949 3502 ne
1982 3448 2106 3501 tum
2137 3435 2375 3519 quidem
2406 3433 2499 3497 in·

445 3540 722 3624 telligere
753 3543 1002 3621 liceret,
1052 3543 1104 3606 si
1136 3565 1243 3620 ea,
1295 3563 1448 3625 quae
1481 3541 1543 3604 in
1575 3541 1742 3604 hisce
1775 3540 2021 3605 scholiis
2052 3539 2296 3621 antiqua
2328 3550 2497 3615 sunt,

446 3642 518 3708 ad
552 3641 817 3707 Probum
852 3645 1219 3728 potissimum
1251 3642 1580 3708 referenda
1611 3653 1856 3707 esseut:
1907 3662 2044 3705 nam
2078 3659 2229 3725 quae
2261 3640 2335 3704 de
2369 3640 2501 3705 eius

447 3755 650 3810 aetate
712 3747 933 3812 tradita
984 3758 1162 3820 suut,
1223 3755 1474 3823 vetant,
1544 3746 1859 3832 quominus
1903 3739 2254 3808 Iuvenalem
2302 3742 2377 3805 ab
2422 3763 2497 3807 eo

452 3953 469 4003 1
517 3950 569 4002 ln
609 3951 787 4003 codice
821 3950 976 4013 Sang-
1015 3949 1142 3999 nihil
1178 3949 1489 4000 scholiorum
1513 3957 1688 4002 exstat
1712 3951 1777 4001 ad
1802 3956 1901 4001 sat.
1932 3947 2021 4001 Vll
2049 3965 2160 4001 νει.
2186 3948 2500 4012 128-159,

520 4028 577 4069 at
614 4020 807 4071 habent
842 4020 988 4087 plura
1025 4018 1179 4070 Valla
1215 4025 1270 4068 et
1304 4017 1569 4069 Pithoeus.
1637 4018 1712 4070 lbi
1750 4019 1970 4071 fortasse
2006 4019 2255 4071 librarius
2291 4018 2508 4084 Sangal-

522 4089 684 4141 leusis
722 4091 838 4140 dum
875 4087 1069 4138 scholia
1107 4087 1437 4139 transscribit
1473 4089 1705 4155 pagiuam
1744 4089 1933 4140 omisit.

582 4429 653 4502 *a
