2764 4738
487 425 618 493 320
992 428 1254 492 scum..
1299 429 1407 492 AD
1455 428 1618 493 SAT.
1653 431 1729 507 V,
1766 437 1908 496 8—
1930 436 2025 497 12.

491 623 527 661 a
569 600 774 660 marito
814 611 906 659 est
949 621 1312 679 compressa,
1358 599 1597 674 dolens,
1638 601 1784 662 lilios
1827 621 1999 674 suos,
2039 620 2180 681 qnos
2222 598 2294 660 de
2336 599 2530 661 Tereo

490 688 692 746 marito
735 686 961 758 habuit,
1005 685 1241 758 occidit,
1288 698 1348 746 et
1389 690 1443 748 ei
1483 686 1792 766 epulandos
1824 690 2102 767 apposuit.
2172 685 2442 746 Similiter
2471 698 2535 747 et

489 771 738 842 Atreus,
784 772 1055 851 Thyestis
1088 773 1280 831 fratris
1309 773 1456 833 lilios
1507 774 1833 844 interfecit,
1879 785 2185 852 propterea
2228 770 2374 852 quod
2405 775 2532 831 eius

492 860 686 917 uxoris
718 856 995 916 adulterio
1026 859 1308 928 utebatur,
1340 870 1402 918 et
1431 861 1486 918 ei
1516 856 1587 917 de
1619 859 1747 917 filiis
1778 859 1894 917 suis
1927 859 2120 937 epulas
2150 859 2532 936 praeparavit.

494 943 601 1017 Qui
644 944 858 1001 Atreus
903 941 1116 1002 babere
1160 940 1458 1003 dicebatur
1500 964 1700 1022 agnum
1745 941 2046 1021 purpureis
2076 942 2414 1012 velleribus,
2459 941 2533 1001 de

495 1049 605 1109 quo
648 1028 884 1088 oraculo
941 1047 1270 1106 responsum
1331 1029 1555 1099 fuerat,
1612 1039 1724 1086 tam
1767 1026 1859 1087 diu
1903 1030 2302 1107 imperaturum
2348 1025 2535 1086 donee

495 1124 654 1175 esset
697 1114 788 1193 qui
835 1133 960 1172 eum
1005 1114 1355 1187 immolaret3
1420 1124 1481 1174 et
1529 1134 1653 1173 cum
1698 1134 1822 1173 eum
1860 1113 2115 1173 adultera
2145 1113 2382 1172 moecho
2414 1124 2536 1171 tra-

495 1198 729 1258 didisset
757 1196 1178 1270 immolandnm‚
1210 1199 1304 1257 ille
1335 1219 1402 1259 re
1429 1201 1657 1277 cognita
1686 1199 1831 1258 lilios
1862 1198 2121 1258 adultero
2152 1196 2535 1258 comedendos

494 1284 784 1364 apposuit,
818 1303 892 1342 ex
921 1304 1030 1363 quo
1059 1285 1300 1343 maximo
1331 1287 1565 1344 crimine
1596 1286 1811 1363 scripta
1839 1282 2135 1362 tragoedia
2166 1295 2275 1343 est.

667 1372 728 1431 9.
773 1370 968 1447 Saepe
1003 1370 1229 1429 {ns-alsa
1260 1372 1560 1429 coe-nanda
1603 1370 1869 1447 Glyconi.
1919 1371 2021 1428 Hic
2053 1367 2271 1449 Glycon
2301 1378 2537 1446 tragoe-

496 1453 599 1514 dus
633 1455 739 1513 fuit
779 1453 1026 1514 Neronis
1056 1455 1322 1536 principis
1353 1455 1720 1533 temporibus.
1890 1456 2127 1515 Insulso
2151 1498 2169 1526 ,
2215 1451 2361 1534 quod
2408 1454 2537 1512 sine

496 1541 639 1600 iocis
684 1541 822 1611 ruit,
868 1540 959 1599 vel
1003 1540 1249 1599 moribus
1292 1541 1555 1599 insulsus.
1620 1541 1736 1598 Alii
1785 1538 2096 1619 Glyconem
2140 1539 2539 1619 pantomimum

497 1625 833 1704 significant.
1017 1626 1336 1685 Coe-nanda
1375 1627 1521 1685 bene
1566 1622 1739 1695 dixit,
1792 1634 2056 1705 tanquam
2085 1626 2310 1684 intersit
2338 1623 2541 1682 ferali-

495 1711 603 1771 bus
634 1711 776 1770 cibis
822 1711 915 1791 qui
960 1708 1030 1770 de
1075 1710 1279 1770 talibus
1322 1712 1494 1770 rebus
1527 1710 1755 1770 assidue
1807 1709 2156 1788 tragoediam
2201 1711 2537 1788 composuit.

496 1795 822 1875 *Glycon
882 1794 1294 1874 tragoedus
1338 1796 1608 1875 populo
1675 1798 1856 1856 mire
1903 1797 2195 1874 placuit
2249 1806 2324 1854 et
2364 1791 2540 1852 ideo

499 1902 534 1941 a
592 1881 888 1941 Nerone
950 1882 1445 1941 manumissus
1500 1893 1649 1953 est,
1712 1879 1913 1940 datis
1987 1881 2337 1958 Vergilio
2388 1890 2542 1938 tra-

497 1965 775 2047 goedo,
833 1965 1119 2025 domino
1180 1969 1378 2037 eius,
1445 1986 1571 2046 pro
1634 1976 1854 2046 parte
1913 1964 2255 2036 dimidia,
2324 1984 2542 2045 quam

501 2050 959 2133 possidebat
994 2058 1036 2124 ¹,
1093 2054 1634 2113 sestertiorum
1690 2055 2079 2112 trecentis
2112 2057 2138 2090 ²
2181 2050 2542 2110 millibus.

500 2137 634 2198 Hic
679 2137 819 2196 suit
854 2141 882 2176 ³
909 2148 1266 2197 staturae
1327 2138 1636 2216 longae,
1697 2137 1895 2196 susci
1958 2138 2305 2215 eorporis
2336 2140 2394 2207 ⁴,
2440 2135 2543 2194 la-

501 2224 617 2282 bio
693 2222 1040 2282 inferiori
1106 2222 1472 2293 demisso,
1538 2233 1923 2301 antequam
1987 2223 2548 2281 subornaretur

502 2307 902 2380 deformis,
958 2308 1260 2368 nescius
1303 2310 1575 2382 iocari,
1633 2317 1949 2389 propter
2002 2306 2191 2389 quod
2233 2327 2387 2366 eum
2443 2308 2546 2364 in·

503 2395 776 2454 sulsum
823 2394 1138 2453 Persius
1184 2393 1446 2454 dixin*

677 2483 776 2542 1⁰.
828 2481 913 2538 Tu
954 2472 1154 2559 neque
1186 2481 1497 2539 anhelanti
1535 2480 1831 2557 coquitur.
1872 2476 2025 2536 ‘Hoc
2072 2474 2238 2536 dieitt
2293 2477 2380 2536 Tu
2429 2497 2547 2536 non

501 2563 777 2625 describis
824 2585 979 2624 more
1034 2567 1262 2643 poetico
1315 2564 1556 2624 Vulcani
1607 2566 1888 2624 officinam
1907 2607 1924 2634 ‚
2004 2565 2060 2622 in
2114 2584 2226 2642 qua
2283 2561 2548 2622 dicuntur

502 2652 655 2711 venti
697 2651 873 2709 clausi
919 2650 1144 2709 follibus
1190 2651 1354 2729 ignes
1402 2662 1511 2708 tam
1557 2647 1650 2709 diu
1695 2648 1998 2720 adiuvare,
2061 2646 2320 2728 quamdiu
2382 2649 2550 2727 rigor

503 2737 645 2798 ferri
674 2736 992 2795 mollescat.
1044 2735 1200 2796 Unde
1234 2747 1293 2795 et
1323 2735 1588 2794 Horatius
1626 2739 1652 2775 ⁵
1678 2737 1789 2794 ait:

757 2824 822 2882 A
826 2831 853 2879 t
876 2832 939 2879 tu
967 2823 1275 2881 conclusas
1311 2823 1558 2879 hircinis
1578 2819 1835 2899 follibus
1865 2836 2049 2879 auras

767 2908 958 2983 Usque
989 2906 1330 2966 laborantes
1352 2951 1369 2977 ‚
1421 2908 1553 2965 dum
1578 2905 1821 2984 serrum
1846 2907 2077 2965 molliat
2100 2906 2280 2983 ignis,

769 2994 843 3052 Ut
885 2995 1110 3064 mavis,
1145 2994 1402 3051 imitare.

679 3082 778 3140 11.
824 3077 912 3136 Tu
956 3096 1080 3135 cum
1147 3077 1384 3147 scribis,
1445 3097 1555 3135 non
1615 3076 1775 3135 inllas
1817 3085 1875 3135 te
1930 3087 1991 3135 ut
2033 3075 2291 3134 fabrilem
2353 3075 2547 3134 follem

504 3175 706 3224 ventos
752 3164 1178 3242 exprimentem.
1349 3163 1529 3221 Folle.
1558 3163 1819 3239 prerm‘s,
1876 3182 1988 3220 non
2044 3161 2269 3239 profers
2314 3179 2413 3218 res
2458 3172 2551 3219 tu-

506 3260 744 3309 mentes.
915 3249 1045 3307 Nec
1072 3249 1274 3307 clauso
1317 3266 1619 3307 murmure
1660 3267 1899 3306 raucus.
1958 3245 2085 3306 Mos
2118 3256 2210 3305 est
2238 3245 2351 3303 alta
2382 3248 2554 3324 cogi-

504 3336 736 3394 tantium
794 3335 1077 3404 carmina,
1136 3333 1420 3413 frequenti
1475 3332 1920 3392 deambulatione
1941 3376 1956 3404 ‚
2016 3330 2196 3391 donec
2252 3333 2552 3410 reperiant

508 3432 673 3500 apta,
711 3420 884 3478 tacite
919 3438 1109 3477 secum
1142 3438 1508 3478 murmurare.

682 3509 780 3567 12.
821 3503 896 3561 Et
938 3503 1043 3563 hoc
1085 3502 1253 3575 dicit,
1299 3504 1388 3563 Tu
1431 3502 1698 3572 cornute,
1746 3522 1929 3581 neque
1974 3512 2159 3560 tecum
2190 3502 2549 3573 cornicaris,

505 3589 562 3651 id
592 3601 713 3661 est,
759 3609 915 3649 more
958 3590 1201 3649 cornicis
1245 3590 1432 3648 lentus
1474 3609 1598 3648 cum
1640 3589 2074 3647 murmuratione
2118 3585 2365 3658 incedis,
2397 3606 2549 3666 quae

505 3782 538 3833 1
575 3775 828 3828 Similiter
862 3774 1131 3839 Panurgus
1165 3772 1364 3827 Fannio
1400 3782 1455 3827 et
1488 3773 1673 3826 Roscio
1711 3774 1812 3825 l'nit
1845 3772 2158 3834 eommunis,
2196 3771 2266 3823 οἶ.
2304 3771 2416 3825 Cic.
2457 3788 2552 3840 pro

576 3845 728 3897 Rose.
768 3860 896 3895 com.
940 3844 1021 3903 10,
1059 3843 1148 3897 27.

507 3917 542 3966 2
577 3919 815 3965 sexcent.
853 3914 936 3964 ed.
965 3928 1044 3979 pr.

512 3985 544 4036 3
580 3982 680 4035 Pro
714 3985 801 4033 hie
821 3982 952 4048 suit
986 3981 1039 4031 in
1076 3980 1156 4032 ed.
1198 3996 1276 4048 pr.
1315 3981 1543 4046 legitur:
1584 3979 1725 4032 Nam
1764 3978 1941 4031 adhue
1975 3981 2176 4031 viveret
2207 3982 2421 4031 minax.

509 4055 545 4104 4
583 4051 707 4117 Leg.
746 4052 961 4104 coloris.

512 4124 541 4174 5
577 4119 699 4173 Hor.
738 4127 840 4173 sat.
879 4118 920 4183 1,
957 4119 1011 4182 4,
1052 4118 1116 4172 1⁹
1140 4133 1251 4185 sqq.
