2764 4738
587 382 714 452 190
1254 385 1425 451 sA'r.
1483 388 1559 461 V,
1591 394 1672 453 54
1700 425 1788 439 —-
1816 393 1918 456 62.

583 569 818 620 mutare
845 561 1045 640 piper.
1109 558 1235 621 Sub
1274 561 1398 620 sole
1440 563 1704 634 recenti,
1750 564 1808 622 in
1850 561 2022 620 terris
2062 557 2135 620 ad
2163 561 2448 622 orientem
2476 562 2612 635 sitis,

585 656 647 704 ut
676 645 871 706 Horat.
906 656 1017 706 sat.
1052 646 1098 718 1,
1128 652 1190 718 4,
1219 650 1302 709 29
1334 645 1536 707 eodem
1566 667 1737 708 sensu
1774 656 2059 724 surgente
2085 666 2121 705 a
2147 649 2311 719 sole,
2355 658 2417 707 et
2455 648 2612 726 Apul.

586 730 768 806 (Flor.
804 751 857 810 p.
892 735 1039 804 343)
1085 731 1252 791 Indos
1294 729 1364 792 ad
1411 743 1735 792 nascentem
1779 731 1926 792 diem
1957 733 2097 790 sitos
2127 729 2291 792 dicit.
2355 730 2612 791 Exlodia

584 815 887 894 petebatur
920 818 1102 896 piper
1136 819 1432 895 optimum,
1485 816 1635 897 quod
1677 837 1957 896 rugosum
1995 827 2198 888 voeat,
2254 820 2387 897 quia
2432 818 2612 877 Italico

583 901 785 960 deerat
802 912 952 960 tosta
974 902 1069 961 illa
1100 904 1392 962 maturitas
1424 901 1668 982 ideoque
1696 914 1757 962 et
1785 922 2048 981 rugarum
2079 902 2406 983 colorisque
2436 904 2613 962 simili·

583 984 739 1056 tudo,
782 997 931 1046 teste
960 985 1137 1045 Plinio
1165 987 1292 1057 ΧΙΙ,
1324 993 1385 1060 7,
1422 992 1519 1050 14.
1572 990 1900 1059 Cuminum,
1938 985 2356 1048 condimentum
2388 987 2611 1046 fastidiis

582 1073 977 1132 amicissimum
1010 1072 1178 1143 (Plin.
1208 1071 1366 1143 XIX,
1396 1076 1458 1145 8,
1489 1078 1630 1145 47),
1672 1073 1942 1152 pallorem
1972 1072 2298 1132 bibentibus
2329 1075 2525 1152 gignit,
2560 1082 2612 1132 ut

584 1168 778 1216 narrat
825 1156 964 1216 Plin.
1010 1156 1142 1229 XX,
1198 1162 1296 1229 14,
1342 1163 1446 1230 57,
1492 1178 1668 1238 quare
1707 1159 1946 1237 pallens
1987 1156 2228 1230 dicitnr,
2291 1169 2357 1218 ut
2395 1157 2609 1218 Horatio

587 1249 741 1322 (epp.
782 1242 825 1314 Ι,
874 1247 973 1315 19,
1007 1246 1108 1315 18)
1155 1262 1464 1321 exsangue
1503 1251 1580 1317 (v.
1622 1242 1691 1302 ad
1730 1244 1876 1322 prol.
1906 1249 1993 1316 4).
2051 1243 2216 1303 Alius
2263 1243 2402 1303 nibil
2445 1254 2610 1313 curat,

583 1329 691 1387 nisi
721 1338 783 1386 ut
811 1327 951 1387 cibis
983 1329 1182 1406 opimis
1209 1339 1388 1387 satur·
1418 1338 1727 1406 turgescat
1747 1347 1945 1389 somno
1987 1330 2226 1406 irrigw
2246 1372 2267 1400 ‚
2317 1329 2412 1408 qui
2440 1329 2609 1388 fessos

582 1423 741 1473 artus
786 1413 987 1492 irrigat
1033 1413 1289 1487 (Lucret.
1319 1413 1421 1485 IV,
1452 1417 1576 1476 908
1602 1434 1687 1495 sq.
1731 1414 1896 1492 Virg.
1939 1413 2088 1473 Aen.
2120 1414 2216 1484 ΙΙΙ,
2251 1419 2400 1477 511.
2442 1413 2606 1492 Heyn.

583 1496 730 1570 adl,
763 1501 936 1570 691).
1011 1500 1128 1559 Hic
1165 1499 1437 1578 indulget
1480 1519 1718 1578 campo,
1770 1499 1858 1558 ubi
1900 1501 2074 1558 variis
2120 1500 2609 1559 exercitationibus

583 1585 951 1665 gymnasticis
981 1582 1328 1663 gaudebant,
1373 1585 1454 1645 cf.
1506 1585 1640 1644 Hor.
1673 1598 1848 1643 earm.
1895 1584 1938 1654 1,
1980 1589 2042 1654 8,
2070 1581 2137 1644 4.
2188 1605 2323 1664 epp.
2357 1584 2400 1655 1,
2431 1590 2487 1655 7,
2515 1587 2604 1646 59.

584 1677 657 1729 Α.
692 1668 754 1728 Ρ.
791 1672 944 1741 162,
1002 1688 1147 1749 quae
1176 1668 1307 1728 inde
1341 1680 1698 1750 campestres
1729 1667 2099 1741 dicebantur,
2142 1669 2310 1730 Suet.
2342 1669 2488 1747 Aug.
2514 1672 2603 1731 83.

583 1754 646 1814 ld
676 1754 889 1812 Romae
920 1756 975 1813 in
1007 1774 1204 1833 campo
1233 1754 1439 1814 Martio
1470 1757 1815 1833 potissimum
1848 1755 2054 1826 fiebat,
2097 1752 2294 1815 Strab.
2327 1754 2383 1813 V
2409 1776 2466 1834 p.
2494 1755 2603 1817 326

581 1835 658 1899 Α.
690 1839 753 1899 B.
800 1841 970 1898 Hunc
999 1841 1134 1898 alea
1155 1884 1177 1911 ,
1212 1837 1283 1899 de
1314 1860 1426 1920 qua
1455 1843 1531 1900 cf.
1564 1840 1741 1900 Beck.
1774 1839 1919 1900 Gall.
1950 1840 2000 1899 11
2028 1861 2084 1918 p.
2115 1844 2268 1903 221.
2301 1842 2473 1920 intpp.
2501 1839 2600 1898 luv-

582 1924 627 1996 1,
657 1929 739 1987 88
767 1944 923 2005 sqq„
983 1926 1291 2002 decoquit,
1337 1923 1632 2004 coquendo
1676 1928 1830 1984 vires
1861 1926 2136 1997 absumit,
2186 1924 2344 2006 quod
2385 1946 2437 1984 v.
2482 1925 2531 1984 b.
2567 1923 2600 1982 l.

582 2010 824 2070 electum
856 2020 969 2081 est,
999 2011 1129 2088 quia
1159 2008 1231 2069 «le
1262 2010 1331 2067 iis
1362 2012 1706 2088 potissimum
1737 2009 1941 2070 dicitur
1970 2013 2062 2090 qui
2094 2030 2157 2071 re
2192 2012 2455 2071 familiari
2482 2029 2601 2068 con-

583 2105 768 2155 sumta
810 2093 1185 2154 creditoribus
1229 2096 1572 2156 satisfacere
1603 2116 1711 2154 non
1740 2105 2013 2174 possunt,
2059 2097 2137 2156 cf.
2169 2099 2356 2176 intpp.
2391 2096 2433 2156 F
2438 2099 2535 2154 lor.
2561 2093 2602 2164 Ι,

584 2200 838 2259 prooem.
871 2184 933 2242 8.
990 2181 1105 2239 Ille
1146 2182 1207 2238 in
1249 2183 1534 2239 Venerem
1567 2183 1812 2259 putris,
1860 2184 1938 2240 cf.
1986 2181 2180 2241 Horat.
2223 2202 2401 2242 carm.
2442 2181 2484 2252 1,
2510 2182 2599 2249 36,

587 2272 664 2329 17
694 2286 793 2345 sq:
841 2265 1050 2325 Omnes
1081 2266 1135 2323 in
1168 2264 1423 2324 Damalin
1455 2277 1649 2345 putres
1678 2263 1966 2346 deponent
1994 2267 2212 2327 oculos.
2286 2267 2428 2327 Nam
2454 2275 2599 2344 putre

582 2363 673 2413 est
726 2349 875 2433 quod
917 2351 973 2410 iu
1018 2349 1306 2411 humorem
1351 2349 1705 2424 dissolvitur,
1760 2352 1960 2433 quales
2019 2362 2151 2412 sunt
2197 2351 2598 2413 libidinosorum

582 2438 766 2509 oculi,
810 2437 891 2497 cf.
939 2436 1109 2516 Apul.
1148 2436 1290 2497 Met.
1332 2436 1408 2497 111
1437 2457 1493 2516 p.
1530 2442 1652 2499 135
1695 2437 1772 2496 ib.
1816 2440 2027 2516 intpp.,
2083 2437 2332 2499 Graecis
2371 2431 2598 2516 τακερός

582 2522 748 2597 (Luc.
781 2523 910 2581 Am.
943 2525 1006 2584 3.
1045 2526 1144 2583 14.
1174 2521 1431 2600 Alciphr.
1463 2521 1506 2592 1,
1536 2526 1618 2584 28
1649 2522 1724 2581 ib.
1757 2522 2010 2602 Bergk),
2057 2523 2206 2603 quod
2240 2523 2313 2583 ad
2344 2523 2596 2584 bominem

580 2608 884 2667 transtulit.
950 2608 1253 2685 Chiragra
1274 2651 1292 2679 ‚
1342 2608 1576 2667 Horatio
1623 2615 1779 2687 (epp.
1814 2607 1860 2680 Ι,
1894 2613 1952 2679 1,
1983 2613 2088 2682 31)
2122 2608 2374 2681 nodosa,
2417 2608 2596 2666 dicitur

580 2695 885 2772 lapidosa,
918 2693 1048 2771 quia
1077 2712 1212 2750 ossa
1239 2690 1628 2752 obdurescere
1660 2694 1831 2765 facit,
1862 2714 1989 2753 cum
2020 2693 2591 2775 arn‘culosfitgen'h

578 2776 930 2848 contuderit,
960 2787 1022 2835 ut
1050 2775 1185 2836 dicit
1214 2777 1481 2836 Horatius
1514 2785 1648 2850 (sat.
1677 2777 1748 2850 ΙΙ,
1778 2785 1838 2851 7,
1870 2782 2006 2850 16),
2035 2799 2179 2859 quae
2213 2779 2430 2840 nodosa
2458 2780 2592 2845 liunt,

577 2872 643 2925 ut
672 2865 887 2923 veteris
906 2860 1064 2941 sagi
1087 2864 1339 2922 ramalia
1378 2862 1446 2936 (Ι,
1480 2866 1625 2941 97),
1671 2883 1795 2923 cum
1839 2866 2124 2942 patiuntur
2164 2885 2273 2937 ea,
2318 2885 2456 2947 quae
2493 2862 2591 2921 tale

579 2952 744 3010 vitae⁴
774 2967 955 3027 genus
1013 2967 1207 3007 secum
1253 2948 1387 3007 fert.
1463 2949 1624 3007 Tunc
1679 2950 2014 3026 ingemuere
2069 2953 2230 3022 scri,
2306 2969 2437 3010 sero
2502 2946 2588 3018 (cf.

580 3035 815 3095 Lssbker
852 3053 1087 3112 gramm.
1132 3030 1365 3092 Studien
1407 3031 1433 3092 1
1478 3053 1534 3111 p.
1563 3037 1647 3095 43
1680 3040 1827 3113 sq.),
1888 3037 2014 3093 dies
2057 3037 2348 3095 nensis-se
2387 3049 2591 3094 crassos

579 3121 684 3180 sub
715 3138 914 3179 crasso
945 3138 1082 3177 aere
1114 3129 1173 3177 et
1204 3119 1406 3178 nebula
1425 3160 1442 3187 ,
1477 3120 1778 3196 lucemque
1797 3122 2153 3197 palustrem,
2186 3122 2586 3183 infructuosam.

580 3203 728 3287 quod
770 3203 1042 3264 audacter
1082 3224 1116 3262 a
1147 3206 1269 3261 solo
1313 3202 1478 3277 (Seu.
1511 3223 1641 3283 epp.
1673 3204 1931 3277 Lxxu1‚
1967 3210 2045 3267 14
2077 3207 2275 3265 humus
2307 3207 2504 3265 sterilis
2530 3219 2586 3258 ac

578 3290 869 3372 palustris)
917 3287 985 3348 ad
1032 3289 1213 3348 lucem
1257 3289 1559 3348 transtulit.
1615 3289 1708 3347 Ex
1737 3290 1793 3348 h.
1824 3290 1860 3348 l.
1893 3292 2093 3349 sumsit
2130 3291 2279 3351 Guil.
2311 3292 2444 3371 Tyr.
2473 3286 2586 3346 bell.

579 3396 729 3436 sacr.
761 3374 919 3445 XXI,
949 3378 1066 3436 25:
1111 3372 1478 3451 Negligentia
1508 3384 1801 3453 torpentes
1833 3375 2114 3454 palustres
2143 3376 2439 3438 trabebant
2463 3372 2582 3431 dies.

582 3464 779 3522 Vitam
805 3461 1104 3531 relictam,
1153 3462 1310 3519 cuius
1342 3459 1524 3518 nullos
1556 3461 1773 3519 fructus
1804 3461 2068 3520 babeant.
2128 3461 2350 3521 Clarius
2379 3459 2583 3519 eandem

579 3547 915 3608 sententiam
961 3546 1244 3623 expressit
1287 3543 1515 3604 Seneca
1561 3542 1656 3618 (de
1687 3545 1850 3605 brev.
1884 3548 1985 3604 vit.
2022 3552 2156 3616 15)=
2221 3548 2357 3607 Cum
2397 3542 2462 3604 ad
2497 3560 2583 3601 ex·

577 3644 761 3693 trema
801 3631 1081 3702 venerint,
1130 3650 1265 3690 sero
1296 3630 1616 3708 intelligunt
1644 3633 1873 3701 miseri,
1921 3631 2130 3691 tamdiu
2168 3652 2265 3702 se,
2307 3632 2428 3691 dum
2470 3623 2581 3686 nihil

578 3728 787 3796 agunt,
831 3726 1141 3794 occupatos
1186 3716 1388 3776 fuisse.
1448 3715 1579 3775 Tib.
1613 3714 1659 3787 Ι,
1689 3720 1752 3788 4,
1782 3720 1864 3778 33
1896 3735 2017 3796 sq.=
2064 3716 2195 3775 vidi
2237 3738 2350 3795 ego
2387 3718 2483 3774 iam
2509 3714 2579 3769 iu·

576 3823 813 3873 venem,
857 3811 1147 3879 premeret
1189 3821 1315 3861 cum
1355 3801 1542 3861 serior
1580 3812 1780 3872 aetas,
1829 3801 2183 3862 Maerentem
2212 3802 2410 3862 stultos
2437 3814 2579 3879 prae·

578 3890 804 3949 teriisse
837 3884 979 3946 dies.

748 3993 802 4031 v.
822 3973 1095 4034 62-72.
1124 3971 1219 4029 At
1249 3979 1305 4028 te
1333 3972 1502 4029 iuvat
1526 3973 1834 4030 nocturnis
1865 3974 2090 4032 chartis
2122 3984 2392 4033 nocturno
2418 3963 2575 4028 studio

579 4059 1016 4139 impallescere,
1061 4052 1134 4115 de
1175 4073 1287 4135 quo
1334 4053 1643 4116 studiorum
1685 4056 1901 4137 pallore
1945 4079 2003 4118 v.
2038 4057 2108 4117 ad
2138 4058 2184 4131 Ι,
2213 4063 2317 4131 26,
2355 4073 2501 4137 quen
2525 4056 2574 4107 ¹¹⁸

432 4376 757 4577 *x
