2764 4738
453 405 584 475 342
914 408 1179 470 scflol..
1223 407 1329 471 AD
1377 406 1541 471 SAT.
1585 409 1684 482 vl,
1729 413 1987 473 7—17.

452 583 658 661 ingens
690 579 833 641 latus
861 589 1037 660 ponto
1068 579 1369 654 obiiciunt,
1414 590 1477 641 et
1517 578 1752 642 inclusis
1796 581 1948 641 inter
1974 598 2040 639 se
2070 578 2233 660 aquis
2262 589 2497 641 nature-

452 668 564 728 lem
595 668 848 727 efficiunt
876 678 1117 745 portum.

622 755 685 815 9.
731 754 936 814 Lunai
951 762 1190 830 portum
1223 761 1318 811 est
1341 769 1576 829 operae.
1623 747 1775 812 Ordo
1806 760 1931 809 este
1976 750 2020 811 Ο
2053 751 2245 820 cives,
2277 769 2495 828 operae

450 839 690 918 pretium
734 849 855 910 est,
896 836 952 896 id
993 847 1117 909 est,
1160 835 1499 896 delectabile
1545 847 1666 908 est,
1707 847 1927 916 portum
1959 837 2014 895 in
2043 833 2263 894 modum
2291 835 2497 894 Lunae

339 971 350 990 ι
452 924 662 983 factum
708 941 1086 1001 cognoscere.
1263 924 1466 982 Lunai
1502 933 1691 985 autem
1736 920 2042 982 secundum
2074 922 2354 1002 antiquam
2386 919 2495 981 de·

451 1010 808 1072 clinationem
841 1006 1011 1078 dixit,
1043 1017 1104 1066 ut
1133 1005 1406 1085 Virgilius
1435 1014 1490 1068 ¹2

868 1094 1050 1153 Furit
1074 1094 1231 1151 intus
1260 1095 1461 1171 aquai.

625 1183 729 1243 to.
784 1180 904 1238 Cor
931 1179 1094 1240 iubet
1133 1179 1241 1237 hoc
1280 1181 1459 1241 Enni.
1533 1175 1771 1237 *Hunc
1827 1195 2118 1236 versum
2162 1175 2248 1236 ad
2285 1196 2489 1237 suum

450 1282 759 1324 carmen
816 1262 899 1325 de
955 1263 1177 1324 Ennii
1233 1263 1695 1324 carminibus
1747 1262 2222 1324 transtulit*
2279 1261 2491 1323 Merito

449 1368 483 1410 e
556 1368 593 1408 o
622 1350 731 1410 ait=

486 1369 558 1430 ‘g
715 1435 836 1493 Cor
864 1434 1028 1493 iubet
1053 1434 1163 1493 hoc
1190 1433 1381 1504 Enni,
1417 1442 1732 1512 postquam
1763 1433 2079 1493 destertuit
2104 1452 2249 1492 esse.

452 1516 550 1580 Sic
580 1520 729 1580 enim
760 1521 839 1579 ait
866 1519 1079 1579 Ennius
1111 1521 1165 1578 in
1198 1520 1475 1577 annalium
1509 1538 1736 1577 suorum
1767 1519 2077 1598 principio,
2120 1519 2214 1576 ubi
2255 1537 2319 1579 se
2350 1514 2491 1578 dicit

447 1604 664 1666 vidisse
695 1606 751 1664 in
782 1605 995 1664 somnis
1028 1604 1326 1663 Homerum
1358 1602 1661 1674 dicentem,
1698 1604 1878 1663 fuisse
1907 1623 1974 1662 se
2006 1602 2280 1682 quondam
2311 1624 2491 1683 pavo·

447 1709 573 1752 nem
594 1731 611 1761 ‚
643 1701 703 1749 et
732 1710 808 1753 ex
836 1709 908 1749 eo
937 1687 1265 1749 translatam
1297 1708 1430 1749 esse
1462 1691 1699 1747 animam
1730 1690 1786 1747 in
1816 1708 1904 1759 se,
1940 1687 2245 1748 secundnm
2276 1688 2493 1769 Pytha·

446 1794 625 1853 gorae
655 1774 969 1854 philosophi
1015 1772 1437 1843 diffinitionem,
1483 1775 1577 1853 qui
1621 1771 1786 1845 dicit,
1834 1774 2048 1833 animas
2080 1774 2348 1834 humanas
2381 1795 2492 1853 pet·

446 1858 932 1937 παλιγγενεσίαν,
980 1856 1036 1918 id
1076 1870 1200 1930 est,
1243 1878 1352 1939 per
1394 1859 1653 1917 iteratam
1698 1861 2159 1936 generationem,
2204 1872 2486 1919 exeuntes

448 1942 520 2004 de
579 1943 914 2023 corporibus
973 1945 1028 2002 in
1085 1944 1194 2003 alia
1237 1963 1410 2044 posse
1456 1963 1698 2023 corpora
1736 1945 1992 2004 introire.
2066 1942 2202 2004 Ideo
2247 1947 2490 2023 quintus

448 2026 616 2100 dicit,
661 2039 894 2108 propter
934 2048 1059 2089 eam
1101 2029 1451 2108 opinionem,
1493 2048 1640 2107 quae
1682 2027 1818 2088 dicit
1846 2030 2086 2088 animam
2120 2028 2487 2108 Pythagorae

447 2114 503 2173 in
548 2133 824 2192 pavonem
866 2115 1229 2185 translatam,
1278 2113 1350 2175 de
1397 2134 1616 2193 pavone
1656 2132 1796 2173 vero
1842 2112 1914 2172 ad
1957 2112 2356 2193 Euphorbum,
2413 2114 2488 2176 de

446 2198 755 2278 Euphorbo
785 2196 858 2258 ad
888 2198 1215 2271 Homerum,
1246 2196 1317 2259 de
1350 2198 1592 2259 Homero
1623 2210 1810 2259 autem
1840 2197 1911 2257 ad
1944 2198 2181 2259 Ennium
2216 2205 2259 2259 2.

629 2289 728 2348 12.
771 2285 923 2355 Hic,
974 2282 1031 2343 id
1061 2294 1184 2355 est,
1216 2283 1362 2363 apud
1394 2285 1704 2362 Liguriam.
1878 2286 2140 2344 Securus
2172 2286 2379 2362 vulgi,
2412 2283 2487 2346 de

444 2367 665 2449 vulgari
708 2372 1123 2430 existimatione
1170 2391 1279 2429 non
1330 2371 1620 2443 solicitus,
1674 2369 1932 2451 quicquid
1993 2369 2066 2431 de
2113 2391 2201 2431 me
2245 2372 2487 2451 populus

446 2457 689 2527 sentiat,
732 2457 862 2536 quia
906 2476 1012 2516 nec
1057 2475 1251 2515 eorum
1297 2454 1550 2514 laudibus
1581 2455 1879 2528 sublevor,
1932 2476 2039 2516 nec
2068 2458 2486 2536 vituperatione

446 2537 732 2602 demittor.
908 2544 996 2602 Et
1022 2542 1165 2619 quid
1183 2552 1521 2620 praeparet
1542 2544 1794 2601 Auster.
1859 2541 1984 2602 Nec
2016 2540 2151 2600 illud
2182 2545 2387 2613 timeo,
2432 2544 2485 2602 si

445 2636 645 2687 auster
680 2624 1011 2686 morbidus³
1053 2628 1249 2706 pecori
1293 2636 1534 2698 noceat,
1595 2626 1652 2686 id
1695 2637 1818 2699 est,
1861 2646 1971 2687 nec
2001 2626 2204 2687 damno
2232 2630 2486 2708 pecoris,

443 2730 552 2772 nec
583 2709 922 2772 detrimento
953 2713 1039 2772 rei
1071 2712 1362 2771 familiaris
1396 2712 1652 2791 frangor.

617 2801 716 2859 13.
762 2800 849 2857 Et
884 2798 1139 2875 ungulus
1179 2798 1284 2856 ille
1328 2799 1523 2858 vz'cini.
1579 2796 1707 2857 Nee
1738 2817 1918 2875 angor
1947 2795 2188 2870 invidia,
2235 2800 2286 2857 si
2314 2799 2488 2859 vicini

443 2882 555 2942 mei
583 2901 727 2961 ager
757 2882 1029 2942 fecundus
1060 2883 1168 2954 sit,
1210 2902 1333 2942 cnm
1366 2883 1497 2941 mibi
1530 2884 1604 2941 sit
1632 2902 1775 2960 ager
1804 2885 2035 2943 sterilis.

621 2973 719 3029 14.
763 2971 851 3027 Et
886 2972 947 3028 si
984 2970 1130 3028 adeo
1177 2986 1370 3027 omnes
1417 2969 1726 3027 ditescant.
1793 2965 2013 3027 Sensus
2061 2978 2188 3028 est:
2251 2965 2377 3026 Nec
2434 2969 2486 3028 si

443 3051 724 3112 humilium
787 3055 903 3112 nati
945 3053 1212 3112 steterint
1257 3053 1691 3132 locupletiores,
1756 3051 1968 3113 idcirco
2012 3054 2181 3112 minui
2213 3061 2485 3112 senectu-

347 3205 366 3224 Ι
417 3148 556 3210 ‚tem
587 3134 928 3198 desiderem.
987 3138 1186 3198 Solent
1224 3139 1369 3197 enim
1419 3138 1527 3197 sibi
1570 3150 1768 3217 optare
1802 3151 2033 3198 mortem
2065 3141 2136 3210 ii,
2179 3135 2269 3217 qui
2304 3139 2486 3197 mino·

441 3241 563 3281 rum
595 3223 964 3283 substantiam
996 3225 1347 3303 augmentari
1376 3221 1605 3296 vident,
1635 3243 1745 3297 ne,
1784 3244 1924 3304 quos
1956 3222 2231 3294 oderunt,
2277 3223 2483 3283 felices

441 3306 688 3368 videant.

617 3397 715 3456 16.
760 3396 904 3454 Sine
932 3403 1107 3454 uncto
1127 3437 1146 3470 ‚
1196 3395 1319 3453 siue
1351 3391 1587 3453 deliciis.
1650 3391 1850 3452 Solent
1879 3396 2023 3454 enim
2056 3391 2365 3471 frugalitati
2395 3393 2484 3451 in·

441 3474 678 3557 dulgere
725 3482 876 3551 nati,
921 3491 985 3538 ut
1024 3499 1164 3557 opes
1210 3480 1479 3537 maiorum
1526 3487 1865 3557 sequantur,
1913 3481 1962 3537 si
2010 3499 2074 3539 sc
2119 3481 2188 3537 iis
2231 3496 2481 3557 aequare

441 3584 550 3622 nou
582 3576 837 3645 possunt.
887 3564 1093 3624 florum
1127 3583 1267 3642 ergo
1300 3566 1379 3622 ait
1418 3564 1645 3623 Persius
1678 3580 1740 3622 se
1771 3575 2026 3623 neutrum
2060 3564 2315 3623 efficere.

615 3655 711 3711 17.
757 3653 843 3710 Et
878 3653 1111 3730 signum
1153 3652 1212 3708 in
1258 3651 1495 3727 vapida.
1559 3647 1757 3706 Solent
1800 3652 1958 3709 avari
1990 3652 2206 3728 signum
2239 3650 2295 3707 in
2324 3649 2481 3707 vasis

439 3735 670 3792 vinariis
700 3754 954 3813 ponere,
1004 3748 1063 3796 et
1102 3737 1184 3794 sic
1230 3733 1533 3813 diligenter
1560 3735 1856 3812 aspicere,
1915 3746 1977 3794 ut
2008 3736 2200 3795 oculos
2247 3737 2481 3815 propius

440 3816 789 3879 admovendo
819 3841 960 3881 naso
989 3831 1242 3900 tangant.
1422 3821 1657 3898 Vapida
1687 3817 1823 3880 dicit
1851 3832 2103 3881 acetosa.

445 3957 656 4023 1Virg.
697 3959 827 4009 Aen.
866 3955 980 4021 Vn,
1021 3956 1143 4007 464.

440 4029 476 4082 2
516 4026 596 4078 Cl'.
606 3973 796 4078 8ιιιιΙιιιΙ.
838 4023 974 4076 Stat.
1012 4024 1177 4079 Theb.
1216 4026 1308 4093 lll,
1347 4026 1473 4081 484.
1516 4015 1664 4079 Tert.
1702 4024 1763 4076 de
1800 4040 1999 4076 nsurr.
2042 4025 2090 4076 1.

440 4098 472 4151 3
508 4094 760 4148 madidus
795 4095 880 4148 ed.
920 4109 998 4163 pr.
