2764 4738
570 407 689 475 152
1321 413 1488 475 SAT.
1519 413 1614 486 111,
1647 416 1921 478 42—-48,

569 586 777 661 eapites
805 584 883 645 cs.
927 582 1089 644 Suet.
1133 583 1263 644 Tib.
1315 589 1417 647 67.
1462 588 1622 645 intus
1663 607 1720 645 v.
1754 589 1854 648 30.
1920 584 2162 644 Pallet-e
2188 603 2242 644 c.
2283 587 2620 644 accusativo

567 670 944 740 coniunctum,
961 691 1014 728 V.
1042 669 1117 741 V,
1139 674 1284 740 184,
1307 670 1583 740 Huschk.‚
1601 672 1768 730 anall.
1798 671 1946 730 critt.
1977 691 2035 748 p.
2059 673 2166 736 29.
2200 669 2425 741 SceluS,
2458 673 2618 729 cuius

570 756 918 813 conscientia
945 765 999 813 te
1030 757 1206 834 angit,
1234 775 1307 814 ne
1326 775 1473 814 uxor
1496 755 1718 836 quidem
1752 757 1880 826 scit,
1914 774 2059 835 qnae
2086 755 2189 814 tibi
2218 757 2481 835 proxima
2510 767 2619 813 est.

739 860 794 898 v.
827 844 1103 902 44—51.
1167 839 1407 912 PueroS,
1444 842 1645 921 quibus
1675 841 1808 901 nihil
1838 852 2071 919 praeter
2095 838 2256 899 ludos
2299 860 2481 899 curae
2509 851 2617 906 est,

569 923 736 983 decet
764 926 934 983 etiam
969 945 1074 1003 per
1096 923 1352 985 fallacias
1385 928 1452 985 iis
1481 945 1543 985 se
1584 926 1953 996 subtrahere,
2002 945 2147 1005 quae
2196 927 2350 985 serio
2385 925 2612 1004 agenda

569 1021 720 1069 sunt.
771 1012 963 1088 Saepe
986 1012 1185 1069 oculos
1209 1011 1546 1088 tangebam,
1564 1011 1765 1071 leviter
1783 1012 2078 1089 augebam,
2094 1014 2170 1069 ita
2191 1023 2252 1070 nt
2265 1022 2614 1089 apparerent

567 1097 810 1172 vestigia
842 1097 940 1168 (cs.
975 1094 1134 1154 ovid.
1162 1094 1239 1154 A.
1283 1096 1357 1154 A.
1386 1095 1429 1167 I,
1462 1100 1577 1158 661
1619 1117 1737 1177 sq.:
1800 1096 1863 1156 Si
1902 1097 2166 1155 lacrimae
2196 1129 2282 1142 —
2310 1095 2618 1166 Deficient,

569 1178 679 1238 uda
708 1181 910 1238 lumina
941 1189 1110 1258 tange
1150 1201 1334 1240 manu.
1379 1182 1499 1240 Iuv.
1525 1181 1595 1252 11,
1626 1186 1707 1245 93
1752 1182 1831 1240 ih.
1873 1183 2048 1260 intpp.
2083 1182 2245 1240 Cort.
2286 1180 2359 1241 ad
2391 1181 2611 1240 Lucan.

569 1264 662 1335 111,
693 1268 864 1335 238),
896 1265 1074 1340 olivo,
1101 1276 1163 1323 ut
1198 1262 1389 1323 vitiosi
1425 1264 1792 1337 viderentur,
1839 1287 1964 1326 nam
2007 1268 2193 1325 oleum
2224 1268 2403 1325 variis
2436 1264 2613 1325 modis

569 1354 716 1408 inter
745 1350 1028 1408 oculorum
1060 1348 1468 1409 medicamenta
1492 1348 1883 1421 adhibebatur,
1909 1371 1964 1410 v.
1984 1351 2123 1409 Plin.
2155 1351 2367 1422 XXIII,
2403 1356 2469 1422 4,
2500 1355 2615 1423 383

570 1440 690 1509 403
738 1438 853 1505 423
895 1440 999 1495 47.
1045 1434 1145 1493 His
1179 1446 1346 1515 atque
1377 1434 1652 1496 similibus
1683 1434 1976 1495 fraudibus
2019 1435 2325 1494 utebantur
2357 1436 2520 1514 pueri
2550 1447 2607 1492 nt

568 1517 821 1578 discendi
856 1519 1050 1578 labore
1079 1520 1477 1580 liberarentur.
1549 1519 1721 1580 Pueri
1752 1523 1920 1593 enim,
1945 1523 2037 1600 qui
2064 1522 2258 1599 primis
2294 1520 2610 1579 rhetorices

567 1606 865 1665 elementis
897 1605 1322 1678 imbuebantur,
1376 1604 1857 1684 declamationes,
1898 1626 2131 1686 quarum
2173 1606 2401 1664 facilins
2433 1623 2609 1684 genus

568 1692 862 1750 suasoriae
905 1689 1275 1768 putabantur,
1336 1690 1736 1763 elaborabant,
1788 1712 2019 1771 quarum
2075 1702 2414 1768 argumenta
2469 1688 2609 1749 baud

565 1795 700 1834 raro
738 1795 812 1833 ex
838 1776 1071 1834 historia
1111 1776 1296 1853 patria
1347 1776 1718 1852 petebantur,
1759 1788 1820 1835 et
1863 1776 2254 1836 celeberrimis
2298 1776 2609 1834 nominibus

565 1858 941 2004 ¹spleqldebant
955 1901 1003 2016 h
1020 1871 1083 2006 u}
1099 1859 1436 2008 gelvsspllq}
1448 1873 1512 2007 ξι
1537 1861 2169 2015 ΗαηηέἐιαζίΞῚΐκῖᾞρΙέ
2200 1860 2352 1939 apud
2378 1861 2608 1920 Iuvena-

589 1965 676 2003 em
747 1955 917 2002 ocent
1006 1988 1023 2015 ,
1140 1986 1155 2002 .
1296 1989 1312 2016 ,
1514 1966 1540 2004 s
1621 1988 1635 2003 .
1739 1988 1756 2016 ,
1941 1985 1958 2003 .
2079 1993 2093 2006 .
2164 1965 2198 2004 e
2231 1955 2358 2003 toto
2395 1963 2607 2023 genere

567 2029 795 2101 Quintil.
841 2027 949 2099 111,
987 2032 1047 2090 8.
1147 2030 1231 2088 Ita
1269 2030 1363 2090 hic
1421 1966 1759 2110 qnadquato
1801 2027 2086 2090 Uticensis
2127 2033 2494 2100 moriturus,
2538 2027 2608 2087 ad

564 2124 799 2172 mortem
818 2124 1045 2190 paratus
1065 2114 1165 2184 (cf.
1192 2114 1472 2192 Wagner,
1490 2125 1735 2194 qnaestt.
1753 2115 1917 2193 Virg.
1935 2114 2203 2173 XXVIIII
2217 2136 2274 2193 p.
2296 2120 2425 2177 512
2443 2118 2605 2193 sqq.)‚

565 2218 757 2260 secum
790 2197 1147 2271 deliberavit,
1191 2211 1579 2277 argumentum
1619 2199 2042 2259 declamationis
2073 2201 2353 2271 affertur,
2383 2201 2604 2279 aptissi-

562 2304 708 2343 mum
738 2303 875 2344 sane
896 2326 913 2355 ‚
958 2286 1013 2341 in
1053 2305 1162 2363 quo
1192 2283 1521 2344 exornando
1549 2287 1811 2364 grandia
1846 2286 2027 2344 verba
2039 2330 2062 2357 ,
2094 2286 2403 2362 magnilica
2442 2297 2500 2345 et
2522 2296 2603 2343 tn-

562 2367 713 2429 mida
761 2371 865 2444 (cf.
917 2369 1115 2441 1‚14.)
1155 2368 1668 2448 profunderentur,
1711 2384 1880 2451 atque
1932 2369 2265 2451 frequenter
2307 2369 2604 2430 adhibitum

562 2456 763 2514 inloco
790 2453 861 2515 de
880 2455 1288 2514 contemnenda
1318 2468 1519 2529 morte,
1550 2468 1612 2515 ut
1641 2456 1810 2516 docet
1839 2456 2064 2515 Seneca
2096 2466 2249 2534 (epp.
2284 2457 2503 2529 XXIV,
2522 2460 2601 2524 6).

559 2537 784 2600 Etenim
812 2560 935 2599 cum
978 2539 1420 2600 declamationes
1451 2545 1506 2600 in
1548 2544 1980 2601 ostentationem
2023 2545 2265 2601 maxime
2303 2560 2602 2621 compone·

561 2636 777 2697 rentur,
809 2627 985 2704 magis
1024 2628 1318 2705 magisque
1347 2624 1630 2705 gliscebat
1660 2626 1898 2686 studium
1930 2630 2185 2689 oratione
2217 2629 2388 2687 nimis
2415 2624 2602 2687 florida

559 2721 728 2791 atque
761 2711 982 2789 turgida
1022 2711 1363 2770 audientium
1393 2732 1562 2772 aures
1596 2712 1908 2783 mulcendi,
1952 2733 2061 2791 quo
2107 2714 2301 2771 nativa
2333 2715 2602 2791 ingenua-

560 2815 668 2875 que
703 2799 975 2855 orationis
1004 2796 1403 2876 puchritudoin
1423 2796 1544 2857 dies
1561 2800 1741 2875 magis
1768 2797 2252 2875 corrumpebatur,
2271 2799 2355 2858 cf.
2378 2799 2596 2858 Petron.

558 2902 610 2940 c.
647 2887 675 2943 1
718 2902 841 2962 sqq.
876 2882 1062 2955 Quint.
1095 2881 1166 2954 11,
1199 2886 1297 2954 10,
1326 2887 1364 2945 9
1398 2902 1520 2962 sqq.
1593 2887 1784 2963 Atque
1813 2883 1956 2941 banc
1986 2885 2411 2961 corruptionem
2446 2902 2597 2963 quam

558 2969 799 3028 maxime
846 2980 1138 3042 parentum
1180 2969 1562 3046 imperitorum
1605 2970 1772 3028 inane
1829 2965 2070 3026 studium
2131 2980 2302 3047 atque
2344 2966 2595 3048 gaudium

561 3052 773 3125 (Quint.
818 3052 886 3123 11,
929 3057 989 3124 4,
1035 3058 1136 3126 16)
1186 3053 1554 3131 provocabat.
1643 3054 1788 3113 Nam
1826 3055 1991 3131 pueri
2050 3072 2121 3112 ea
2186 3074 2337 3133 quae
2384 3072 2599 3131 compo-

557 3148 811 3210 suerant,
846 3136 1179 3197 ediscebant
1206 3149 1267 3198 et
1306 3150 1466 3197 certa
1498 3137 1755 3218 quadam,
1797 3150 1859 3198 nt
1888 3159 1963 3198 cx
1984 3137 2266 3197 Iuvenalis
2295 3139 2426 3198 loco
2462 3136 2595 3213 (VII,

562 3227 682 3287 160
723 3229 834 3303 sq.)
873 3243 1151 3301 apparere
1199 3223 1448 3295 videtur,
1491 3235 1655 3283 sexta
1688 3243 1907 3303 quaque
1945 3221 2039 3282 die
2075 3221 2502 3293 declamabant,
2542 3231 2596 3280 et

556 3308 819 3366 solebant
856 3307 927 3366 ad
956 3307 1264 3368 audiendas
1294 3308 1399 3367 has
1443 3307 1883 3368 declamationes
1928 3319 2196 3386 parentes
2241 3329 2370 3368 cum
2408 3308 2592 3368 amicis

556 3393 782 3458 invitari
805 3417 818 3464 ς
849 3393 1038 3466 Quint.
1059 3395 1128 3465 11,
1147 3400 1205 3465 7,
1245 3393 1388 3465 1.Χ,
1410 3399 1468 3461 5,
1488 3399 1590 3456 21.
1607 3395 1767 3453 Talia
1789 3396 2473 3472 laudanturamagistro
2504 3392 2593 3464 (cf.

556 3478 730 3557 intpp.
747 3478 975 3538 Petron.
998 3484 1101 3551 55)
1117 3499 1230 3538 non
1246 3497 1390 3537 sano
1408 3481 1508 3551 (cf.
1526 3501 1582 3538 v.
1604 3485 1745 3542 118.
1768 3479 1994 3557 Prop.1,
2017 3484 2072 3549 1,
2090 3482 2172 3540 26
2189 3499 2206 3550 ς
2226 3483 2286 3549 3,
2306 3484 2348 3540 8
2365 3503 2383 3551 ς
2399 3484 2458 3547 4,
2478 3482 2589 3547 18),

554 3583 677 3622 cum
711 3562 1000 3635 doctores,
1034 3576 1091 3623 ut
1119 3566 1200 3623 ait
1230 3564 1529 3622 Petronius
1571 3571 1647 3638 (c.
1682 3569 1743 3637 3)
1772 3573 2119 3642 cogerentur
2161 3582 2288 3621 cum
2313 3565 2589 3623 insanien-

554 3646 699 3707 tibus
732 3650 949 3707 furere.
998 3652 1197 3708 Sudat
1220 3659 1382 3726 pater
1412 3668 1549 3727 prae
1579 3651 1746 3708 nimio
1782 3650 1953 3708 animi
1979 3648 2208 3707 tumultu
2249 3656 2334 3721 (v.
2371 3649 2442 3720 ll,
2473 3651 2588 3717 53),

554 3733 774 3813 qualem
817 3733 1029 3793 Statius
1071 3733 1343 3794 describit
1374 3734 1541 3806 (Silv.
1574 3734 1664 3805 ⁴V,
1712 3740 1771 3806 3,
1814 3739 1941 3796 215
1982 3738 2131 3813 sqq.)
2178 3745 2404 3810 patrem
2442 3751 2586 3792 suum

552 3818 860 3878 allocutus:
906 3818 1144 3891 „Qualis
1173 3840 1326 3890 eras,
1352 3818 1548 3878 Latios
1567 3823 1788 3898 quoties
1804 3840 1915 3897 ego
1942 3821 2190 3877 carmine
2211 3831 2429 3897 patres,
2457 3817 2587 3877 Mul·

552 3922 764 3976 cerem,
797 3904 1049 3983 felixque
1089 3906 1169 3964 tui
1201 3914 1493 3982 spectator
1531 3904 1767 3964 adesses
1799 3905 2084 3963 Muneris!
2144 3904 2256 3963 beu
2285 3906 2436 3984 quali
2461 3923 2584 3962 con-

551 3991 709 4048 fusus
742 3988 948 4069 gaudia
976 3992 1142 4059 ssetu,
1192 3990 1342 4048 Vota
1390 3991 1625 4069 piosque
1661 4000 1842 4051 metus
1876 3992 2025 4047 inter
2064 3989 2385 4069 laetumque
2419 3987 2581 4068 pudo·

547 4095 663 4136 rem
682 4077 744 4133 !“
784 4078 927 4135 Iure
943 4075 1048 4136 boc
1078 4077 1215 4148 feci,
1240 4094 1363 4135 nam
1382 4095 1526 4154 puer
1542 4073 1762 4155 quidem
1793 4073 2146 4134 excusandus
2165 4087 2279 4148 est,
2307 4079 2356 4137 si
2385 4074 2578 4136 ceteris

598 4446 805 4613 Χ
