2764 4738
487 405 572 471 76
1246 409 1460 472 PROL.
1525 417 1563 473 5
1594 442 1677 457 —
1708 416 1767 474 7.

655 604 708 641 ν.
744 589 800 645 5.
890 584 1185 661 Imagines
1213 582 1495 641 clarorum
1527 582 1861 660 scriptorum
1894 600 2017 639 cum
2050 582 2304 659 ipsorum
2337 583 2525 659 operi-

487 668 590 726 bus
622 670 676 726 in
709 668 1064 728 bibliothecis
1111 668 1346 746 publicis
1394 677 1452 726 et
1495 668 1729 746 privatis
1775 666 2231 737 collocabantur,
2265 685 2342 725 ex
2369 669 2527 724 insti·

484 763 606 811 tuto
637 754 989 833 potissimum
1021 753 1203 811 Asinii
1220 753 1510 824 Pollionis,
1542 754 1618 812 cf.
1652 751 1796 812 Plin.
1829 752 1896 811 Η.
1927 751 2002 810 N.
2026 751 2271 823 XXXV,
2303 755 2364 813 2.
2397 750 2526 810 lsid.

487 839 644 917 Orig.
691 838 789 909 VI,
838 844 895 900 5.
946 838 1104 898 Suet.
1152 838 1277 896 Tib.
1322 843 1426 900 70.
1474 838 1599 896 Cal.
1648 841 1751 900 34.
1802 837 1937 896 Seu.
1980 834 2051 895 de
2101 848 2284 916 tranq.
2332 857 2427 895 an.
2468 841 2527 899 9.

473 917 672 984 laven.
708 923 777 994 11,
809 930 849 985 4
881 944 1003 1003 sqq.
1034 923 1175 983 Luc.
1207 923 1430 1000 Nigrin.
1462 927 1523 985 2.
1555 922 1697 981 Plin.
1716 943 1843 1004 epp.
1880 922 1979 992 IV,
2010 926 2125 993 28,
2170 942 2282 1001 quo
2313 922 2528 981 bonore

483 1011 652 1068 etiam
708 1011 884 1067 minus
930 1010 1129 1087 dignos
1189 1007 1454 1087 dignatos
1517 1028 1651 1068 esse
1709 1006 1880 1067 docet
1937 1009 2029 1066 vel
2071 1007 2319 1066 Fannius
2380 1006 2528 1087 apud

486 1094 794 1165 Horatium,
839 1104 945 1152 sat.
989 1094 1032 1165 1,
1062 1099 1124 1166 4,
1155 1099 1257 1156 21.
1318 1092 1534 1153 Poetae
1584 1104 1770 1152 autem
1816 1094 2036 1151 hedera
2078 1094 2518 1162 coronabantur,

484 1180 560 1236 cf.
595 1179 729 1237 Hor.
763 1177 856 1237 od.
891 1179 933 1250 1,
970 1184 1025 1250 1,
1058 1184 1160 1250 29,
1199 1179 1581 1258 16ib.intpp.‚
1612 1198 1806 1238 verum
1825 1178 1928 1237 bas
1944 1197 2207 1249 cenonas,
2237 1189 2301 1237 ut
2317 1179 2520 1237 aitPe·

486 1266 700 1323 tronius
749 1271 882 1337 (sat.
930 1269 1071 1337 83),
1135 1266 1302 1324 etiam
1349 1263 1422 1322 ad
1466 1266 1757 1344 imperitos
1789 1262 2021 1323 deferre
2064 1265 2245 1341 gratia
2279 1263 2522 1322 solebat.

485 1349 787 1428 Utrumque
830 1351 1117 1428 coniungit
1159 1352 1327 1408 etiam
1373 1349 1566 1408 Iuveu.
1612 1349 1732 1420 Vll,
1776 1352 1893 1412 29:
1981 1358 2050 1406 ut
2074 1350 2290 1426 dignm
2330 1351 2531 1407 ventas

484 1436 717 1492 hederis
742 1444 802 1493 et
840 1437 1094 1514 imagine
1124 1453 1364 1505 macra,
1428 1435 1575 1493 sicut
1621 1432 1850 1493 Ovidius
1907 1433 2078 1491 Trist.
2121 1433 2165 1504 1,
2209 1440 2271 1504 7,
2321 1440 2347 1494 1
2405 1453 2528 1513 sq.:

486 1521 561 1577 Si
581 1521 711 1597 qais
756 1520 934 1578 leab⁸es
970 1521 1192 1578 nostris
1234 1520 1453 1576 similes
1505 1520 1565 1577 in
1607 1521 1863 1596 imagine
1904 1521 2135 1590 vultuS,
2184 1520 2343 1576 deme
2391 1521 2529 1576 meis

484 1605 754 1676 hederas,
774 1605 1062 1663 Baeelziea
1078 1615 1266 1675 serta,
1294 1605 1487 1662 eomz's.
1506 1638 1592 1647 —-
1610 1605 1891 1675 lambunt,
1922 1613 1985 1661 ut
1999 1602 2257 1662 Macrob.
2294 1601 2525 1662 Saturn.

484 1688 527 1758 Ι,
592 1693 668 1751 19
729 1686 800 1748 de
861 1689 1095 1769 thyrso:
1200 1690 1404 1759 telum,
1482 1690 1643 1749 cuius
1705 1708 1897 1748 mucro
1954 1689 2179 1746 hedera
2238 1690 2527 1747 lambente

483 1775 816 1851 protegitur.

653 1880 709 1918 v.
755 1862 813 1921 6.
858 1878 1174 1938 aquaem,
1210 1879 1317 1939 quo
1349 1860 1475 1939 quis
1528 1858 1699 1918 ducat
1727 1861 1888 1937 sequi
1918 1869 2232 1938 promptae,
2279 1859 2358 1918 cf.
2390 1858 2526 1917 Val.

484 1944 672 2002 Flacc.
706 1944 748 2016 1,
785 1948 922 2006 124.
957 1945 1098 2003 Plin.
1132 1964 1337 2024 paneg.
1368 1950 1477 2016 45,
1512 1949 1583 2016 53
1641 1940 1789 2022 quod
1820 1963 1945 2003 cum
1975 1954 2230 2003 naturam
2278 1941 2530 2004 hederae

485 2030 698 2106 pingat,
730 2030 889 2088 simul
922 2030 1184 2089 fallacem
1220 2049 1557 2090 coronarum
1586 2030 1855 2087 honorem
1888 2031 2169 2109 exprimit.

651 2136 703 2173 v.
739 2119 802 2175 7.
835 2135 1013 2174 saera
1042 2125 1262 2188 vatum,
1297 2134 1441 2195 quae
1476 2113 1704 2175 Ovidius
1736 2117 2056 2174 communia
2079 2125 2395 2192 poetarum
2428 2133 2530 2172 sa-

484 2218 588 2257 era
621 2210 788 2258 vocat
833 2200 998 2278 (Epp.
1047 2220 1122 2259 ex
1153 2200 1334 2259 Ponto
1379 2200 1449 2272 11,
1502 2203 1600 2272 16,
1651 2204 1747 2260 17.
1790 2199 1884 2272 111,
1914 2196 1977 2271 4,
2025 2204 2128 2263 67.
2159 2199 2259 2271 IV,
2302 2204 2364 2271 8,
2396 2204 2529 2271 81),

484 2287 793 2342 communia
828 2284 1008 2343 studia
1043 2288 1181 2344 artis
1201 2285 1488 2344 Musarum
1522 2295 1669 2355 suut,
1702 2304 1866 2364 quam
1896 2287 2056 2364 quasi
2087 2304 2256 2344 sacro
2288 2284 2533 2364 quodam

485 2371 704 2428 vinculo
735 2373 1013 2430 coniuncti
1046 2371 1254 2431 colunt.
1313 2374 1486 2430 Vatis
1508 2391 1708 2429 nomeu
1743 2372 1986 2450 priscum
2021 2373 2122 2445 (cf.
2153 2371 2325 2430 Varr.
2358 2371 2430 2430 L.
2461 2371 2531 2430 L.

487 2456 607 2527 vlt,
639 2460 743 2528 36)
778 2466 977 2535 postea
1008 2458 1469 2516 honorificentius
1516 2458 1641 2516 fere
1690 2457 1814 2528 fuit,
1846 2476 2008 2535 quam
2042 2466 2270 2536 poetae,
2301 2478 2356 2514 v.
2389 2457 2532 2515 Tac.

484 2541 618 2600 dial.
655 2546 692 2603 9
725 2543 799 2600 ib.
846 2544 1043 2621 intpp.,
1088 2541 1234 2601 unde
1282 2563 1391 2600 non
1438 2545 1562 2601 sine
1607 2543 1872 2601 irrisione
1920 2560 1993 2601 eo
2036 2540 2310 2600 vocabulo
2355 2543 2537 2600 utitur

484 2627 674 2685 luven.
708 2626 751 2696 1,
791 2631 866 2689 16
900 2638 958 2686 et
988 2628 1046 2686 b.
1085 2628 1119 2687 l.
1152 2626 1410 2686 Persius.
1502 2627 1584 2685 lta
1630 2624 1774 2705 apud
1825 2646 1927 2686 nos
1971 2629 2079 2685 fuit
2125 2638 2369 2705 tempuS,
2419 2646 2532 2706 quo

484 2722 686 2790 poetae
720 2732 826 2770 non
861 2714 971 2770 nisi
1018 2714 1336 2770 bardorum
1389 2714 1609 2771 nomine
1650 2710 1994 2789 gaudebant.
2086 2711 2250 2784 Quod
2294 2710 2434 2772 dicit
2463 2733 2531 2772 se

483 2795 552 2855 ad
584 2798 727 2857 haec
760 2817 925 2855 sacra
957 2799 1395 2876 semipaganum
1427 2798 1775 2868 accessisse,
1807 2808 1968 2857 recte
2001 2797 2279 2856 intellexit
2310 2797 2528 2876 Rigalt.

482 2882 550 2941 ad
584 2885 664 2942 rei
698 2902 886 2960 agrar.
920 2893 1093 2941 anctt.
1126 2903 1180 2961 p.
1232 2887 1376 2945 232.
1420 2882 1630 2960 Pagaui
1656 2885 1804 2942 enim
1837 2881 2115 2954 dicuntur,
2148 2885 2241 2961 qui
2273 2883 2533 2942 eiusdem

484 2971 611 3048 pagi
644 2978 804 3026 sunt:
849 2968 905 3026 hi
948 2987 1088 3026 vero
1119 2970 1432 3026 communia
1465 2968 1673 3027 babent
1716 2987 1902 3038 saera,
1947 2987 2179 3048 quorum
2226 2971 2439 3027 mentio
2472 2969 2535 3026 fit

483 3053 629 3132 apud
678 3052 850 3111 Sicul.
882 3052 1074 3112 Flacc.
1107 3051 1178 3112 de
1209 3051 1418 3112 condit.
1466 3071 1658 3131 agror.
1707 3073 1763 3132 p.
1813 3059 1928 3115 25:
2009 3055 2335 3112 Videndum
2382 3054 2527 3124 erit,

483 3140 739 3218 qualiter
756 3140 917 3215 pagi
949 3156 1125 3196 sacra
1142 3137 1409 3215 saciant,
1443 3138 1631 3197 Latin.
1676 3139 1883 3217 Togat.
1927 3136 1998 3198 de
2048 3137 2207 3198 limit.
2264 3159 2320 3218 p.
2368 3145 2532 3202 3¹⁰:

482 3243 664 3301 super
701 3242 763 3280 se
804 3232 996 3282 autem
1036 3241 1211 3281 saera
1237 3241 1612 3302 paganorum
1647 3225 1901 3283 ostendit
1940 3226 2264 3297 (terminus)
2324 3227 2385 3284 in
2424 3227 2534 3284 tri-

462 3309 641 3385 finio.
687 3307 930 3386 Insignis
961 3305 1079 3368 de
1063 3310 1133 3367 nis
1165 3309 1324 3368 locus
1369 3320 1459 3367 est
1503 3307 1753 3388 Dionys.
1791 3309 2102 3380 Halic.1V‚
2138 3314 2252 3371 15·
2302 3307 2435 3369 [να
2466 3308 2534 3367 δὲ

485 3392 587 3452 καῖ
616 3390 842 3451 τούτων
872 3394 1011 3467 (τῶν
1041 3389 1474 3451 συντελούντων
1502 3392 1585 3462 εἰς
1626 3390 1732 3452 τὸν
1761 3389 1946 3453 αὐτὸν
1965 3389 2183 3472 πάγον)
2213 3418 2251 3466 η
2287 3390 2532 3467 πληθὺς

482 3473 563 3553 μὴ
592 3473 967 3578 δυσεύρετος,
1004 3475 1118 3537 ἀλλ’
1165 3474 1506 3555 εὐλόγιστος
1537 3467 1573 3559 ᾗ
1603 3500 1704 3537 και
1740 3475 2002 3561 φανεοά,
2034 3474 2282 3557 βωμους
2307 3477 2537 3538 ἐκέλευ-

486 3582 585 3620 σεν
601 3558 802 3631 αὐτοῖς
818 3559 1196 3643 ἱδρύσασθαι
1224 3564 1390 3620 θεῶν
1421 3560 1835 3623 ἑπισκόπωντε
1855 3562 1959 3621 καὶ
1978 3560 2135 3641 (pv).
2101 3585 2271 3623 ακων
2292 3565 2406 3623 τοῦ
2420 3561 2531 3623 πά-

481 3667 615 3724 you,
637 3643 742 3715 οὓς
757 3642 1185 3718 ἔταξεθυσίαις
1200 3645 1429 3717 κοιναῖς
1454 3648 1759 3729 γεραίοειγ
1792 3644 1932 3705 καθ’
1970 3649 2225 3707 ἕκαστον
2262 3644 2538 3708 ἐνιαυτὸν

369 3802 378 3813 ι
485 3726 609 3808 ἅμα
655 3730 1121 3812 συνερχομένους
1159 3726 1372 3833 ἑορτην
1412 3753 1570 3803 τινα,
1622 3753 1721 3791 και
1758 3729 1980 3806 ταύτην
2008 3732 2070 3791 ἐν
2109 3731 2237 3804 τοῖς
2260 3731 2427 3792 πάνυ
2454 3757 2537 3795 τι·

482 3814 646 3919 λιειιάν,
683 3814 1203 3893 καταστησάμενος
1240 3813 1314 3874 τὰ
1348 3814 1693 3915 ἱκαλούμενα
1725 3814 2128 3895 Παγανάλια·
2182 3818 2290 3878 και
2319 3814 2540 3896 νόμους

484 3898 634 3979 υπὲρ
654 3921 774 3959 των
805 3902 983 3980 ἱερῶν
1007 3899 1255 3971 τούτων,
1287 3897 1392 3969 οὓς
1421 3898 1506 3960 ἔτι
1551 3898 1654 3960 διὰ
1683 3904 1962 3978 φυλακῆς
1987 3898 2193 3980 ἔχουσι
2215 3901 2535 3982 Ρωμαῖοι,

484 3986 883 4067 συνέγραψεν.
936 3985 1097 4046 Adde
1132 3985 1294 4046 Ovid.
1332 3987 1488 4045 Fast.
1522 3989 1565 4058 I,
1612 3993 1736 4051 669
1769 4006 1853 4066 sq.
1887 3989 1961 4047 ib.
1993 3989 2237 4048 Merkel.
2270 4010 2329 4068 p.
2364 3989 2536 4049 CLV.

485 4073 590 4142 Qui
616 4092 757 4150 ergo
790 4074 909 4133 veri
939 4085 1142 4153 poetae
1177 4073 1278 4131 sibi
1314 4069 1594 4145 videntur,
1626 4075 1663 4131 ii
1696 4086 1756 4132 ut
1774 4075 1981 4153 pagani
2011 4076 2330 4135 communia
2364 4095 2537 4136 sacra

347 4450 631 4637 N
