2764 4738
575 412 701 482 180
1160 416 1332 480 sA‘r.
1375 419 1454 492 V,
1496 416 2049 480 ARGUMENTUM.

569 589 751 660 dices,
782 607 928 648 anne
955 607 1150 649 verum
1168 590 1336 649 animi
1353 608 1582 649 sensnm
1610 586 1849 649 candide
1865 606 2191 668 expromam
2209 593 2290 660 (v.
2314 589 2589 657 19—29).

572 677 710 735 Cum
751 673 900 734 enim
942 693 977 734 e
1018 672 1260 754 pueritia
1299 677 1560 744 excessi,
1602 694 1673 735 ea
1716 685 1939 746 aetate,
1988 694 2098 753 qua
2140 676 2407 743 iuvenes,
2449 673 2588 731 vitae

570 761 896 839 cognitione
931 758 1215 830 destituti,
1264 771 1373 818 tam
1422 761 1592 819 facilc
1633 763 1688 819 in
1724 762 1860 819 vitia
1893 761 2214 829 incurrunt,
2259 769 2388 817 tuae
2426 775 2587 816 curae

568 865 660 906 me
684 844 920 916 tradidi,
951 855 1012 904 et
1041 855 1098 903 tu
1125 854 1323 904 sancto
1352 864 1550 905 amore
1581 865 1671 905 me
1710 846 1986 922 excepisti
2004 886 2025 911 ,
2069 855 2131 902 tu
2160 845 2395 902 animum
2420 843 2587 902 corri-

568 950 710 1010 gere
747 942 807 990 et
846 950 882 988 a
925 931 1075 989 vitiis
1108 931 1351 990 liberare
1382 929 1662 1003 docuisti3
1711 931 1810 989 tibi
1847 932 1943 988 uni
1979 927 2203 988 deditus
2244 948 2508 1008 nunquam
2554 947 2585 984 a

534 1007 628 1076 'te
671 1015 947 1085 discessi,
992 1027 1051 1074 et
1093 1014 1279 1074 studia
1315 1017 1462 1073 sicut
1510 1017 1765 1095 requiem
1827 1027 2011 1075 tecum
2066 1015 2381 1073 communia
2431 1014 2582 1071 habui

570 1113 652 1174 (v.
687 1105 989 1173 30—44).
1049 1099 1195 1159 Nam
1236 1122 1308 1159 ea
1350 1103 1504 1159 iuter
1541 1121 1645 1159 nos
1687 1100 1992 1159 concordia
2042 1109 2170 1173 est,
2214 1101 2264 1158 is
2300 1101 2581 1157 animorum

569 1206 918 1257 consensus,
948 1195 1139 1244 utnon
1172 1184 1416 1244 dubitem
1436 1228 1454 1257 ,
1485 1188 1613 1264 quin
1642 1186 1921 1245 communi
1946 1183 2186 1264 quodam
2211 1183 2399 1244 sidere
2429 1183 2583 1242 natali

569 1275 682 1331 vita
727 1282 924 1330 nostra
969 1281 1208 1351 regatur
1251 1278 1329 1344 (v.
1362 1276 1662 1343 45—51).
1724 1271 1861 1330 Cum
1923 1271 2201 1329 hominnm
2259 1280 2343 1328 tot
2379 1268 2582 1328 diversa

569 1355 751 1416 studia
787 1357 930 1426 siut,
972 1365 1035 1414 ut
1070 1375 1245 1433 prava
1286 1354 1594 1434 cupiditate
1655 1355 1912 1436 plerique
1959 1354 2112 1414 ducti
2155 1375 2312 1414 suam
2368 1356 2582 1434 quisque

569 1444 711 1501 viam
748 1439 820 1501 ad
877 1443 1046 1499 vitam
1080 1442 1228 1501 bene
1272 1439 1579 1519 gerendam
1623 1442 1703 1500 ita
1749 1452 2089 1520 sequantur,
2131 1450 2196 1499 ut
2229 1460 2353 1499 cum
2391 1438 2458 1498 ad
2491 1458 2581 1498 ex-

570 1539 805 1586 tremum
847 1527 1138 1597 venerint,
1184 1525 1471 1587 fatendum
1513 1529 1624 1597 sit,
1664 1547 1732 1586 se
1760 1528 1926 1585 vitam
1955 1525 2313 1604 perdidisse,
2358 1537 2413 1583 tu
2437 1543 2580 1603 quam

569 1614 723 1672 serio
754 1609 937 1670 studio
967 1631 1130 1671 unam
1161 1622 1320 1671 recte
1350 1610 1554 1689 agendi
1587 1610 1787 1672 ducem
1818 1613 2132 1690 agnovisti,
2177 1611 2581 1692 philosophiam,

565 1699 691 1757 eius
730 1697 1107 1775 cognitionem
1154 1698 1450 1756 iuvenibus
1502 1698 1773 1775 impertiri
1830 1695 2048 1755 studes.
2105 1696 2285 1769 Quam
2327 1694 2448 1754 dum
2488 1694 2580 1752 sibi

567 1801 899 1860 comparare
926 1782 1181 1841 homines
1209 1780 1415 1842 inertia
1442 1783 1608 1841 soluti
1624 1781 1695 1842 de
1728 1780 1821 1840 die
1848 1783 1904 1841 in
1931 1780 2081 1841 diem
2108 1782 2392 1848 differunt,
2420 1776 2580 1840 nescii

567 1868 700 1947 quid
742 1865 956 1926 faciant
984 1877 1158 1926 totam
1188 1869 1355 1926 vitam
1384 1866 1626 1946 perdunt
1658 1875 1735 1941 (v.
1768 1871 2071 1937 52—72).
2136 1867 2428 1927 Libertate
2455 1883 2580 1944 opus

566 1964 693 2024 est,
724 1972 914 2011 verum
942 1973 1051 2011 non
1081 1973 1187 2023 ea,
1229 1972 1391 2033 quam
1420 1954 1620 2032 vulgus
1658 1962 1895 2031 crepat,
1938 1952 2127 2024 civili,
2172 1972 2284 2032 qua
2329 1951 2580 2032 nequissi-

567 2059 688 2097 mus
720 2058 917 2097 servus
936 2079 955 2109 ,
985 2039 1035 2096 si
1070 2038 1245 2097 voluit
1276 2036 1566 2109 dominus,
1599 2037 1742 2097 liber
1769 2039 1866 2109 lit,
1895 2048 1957 2097 et
1982 2039 2336 2116 quantumvis
2370 2039 2423 2096 ei
2452 2035 2581 2095 diffi-

565 2122 706 2195 das,
748 2125 927 2181 omnis
958 2124 1095 2182 iuris
1123 2125 1378 2182 actiones
1412 2124 1692 2202 perlicere
1733 2123 1907 2183 valet.
1965 2122 2230 2202 Plerique
2261 2124 2406 2182 enim
2434 2125 2489 2181 in
2520 2140 2587 2180 eo

566 2227 706 2268 saue
737 2208 1052 2267 libertatem
1083 2219 1327 2288 ponunt,
1373 2222 1436 2267 ut
1461 2209 1660 2269 faeere
1698 2208 1903 2279 liceat,
1944 2207 2316 2289 quodcunque
2345 2208 2591 2267 voluntas

565 2295 832 2363 iusserit,
863 2291 1028 2352 modo
1062 2313 1132 2353 ue
1159 2293 1378 2372 legibus
1409 2296 1643 2353 vetitum
1672 2295 1747 2352 sit
1768 2291 1916 2375 quod
1947 2314 2058 2352 non
2099 2294 2363 2372 agnoscit
2391 2295 2590 2352 stoico·

565 2399 687 2438 rum
733 2377 988 2439 doctrina
1028 2387 1105 2454 (v.
1138 2383 1442 2459 73—90).
1500 2381 1657 2441 Haec
1687 2382 1834 2439 enim
1862 2378 2033 2439 docet
2062 2400 2170 2438 non
2196 2400 2270 2439 ex
2298 2381 2423 2439 iure
2453 2379 2590 2439 civili

565 2465 781 2543 acquiri
823 2464 1176 2536 libertatem,
1220 2484 1415 2525 verum
1458 2463 1514 2523 id
1541 2476 1754 2525 tantum
1796 2466 1993 2524 facere
2022 2484 2162 2525 vere
2195 2466 2410 2535 licere,
2456 2462 2591 2545 quod

564 2550 689 2628 quis
732 2559 892 2608 recte
936 2550 1136 2609 facere
1172 2551 1396 2621 valeat,
1439 2562 1607 2630 atque
1648 2570 1772 2609 cum
1819 2550 1928 2610 hac
1963 2549 2217 2610 doctrina
2250 2553 2422 2609 etiam
2453 2555 2591 2611 vitae

563 2632 920 2717 quoti-dianae
965 2655 1102 2694 usus
1144 2646 1205 2695 et
1242 2637 1600 2716 experientia
1635 2636 1936 2695 concinunt
1976 2643 2054 2709 (v.
2086 2639 2435 2709 91—104).
2491 2635 2594 2694 Ita·

563 2739 673 2799 que
714 2721 762 2778 is
804 2717 1023 2778 demum
1068 2739 1207 2779 vere
1249 2722 1393 2781 liber
1427 2733 1549 2793 est,
1595 2722 1688 2801 qui
1723 2731 1939 2780 rectum
1981 2740 2016 2780 a
2055 2740 2231 2799 pravo
2266 2722 2594 2781 discerncre

562 2802 788 2876 didicit,
832 2816 892 2864 et
918 2804 1315 2884 cupiditatibus
1344 2808 1584 2865 animum
1613 2806 1871 2866 liberavit
1907 2814 1983 2878 (v.
2018 2811 2416 2878 105—114)‚
2459 2826 2594 2887 quae

563 2891 611 2949 si
644 2891 766 2969 quis
788 2900 1027 2949 externa
1051 2901 1266 2950 tantum
1292 2893 1488 2970 specie
1506 2902 1804 2962 monstret,
1833 2893 1969 2951 vitia
1985 2893 2207 2951 occulta
2239 2892 2344 2951 sul)
2367 2903 2594 2971 pectore

562 2992 833 3045 servans,
879 2976 929 3033 is
966 2996 1077 3034 non
1123 2987 1311 3055 potest
1346 2977 1492 3036 liber
1529 2978 1754 3047 vocari,
1784 2996 1969 3056 neque
1997 2978 2090 3056 qni
2120 2977 2307 3056 aliqua
2333 2997 2410 3036 ex
2442 2988 2594 3057 parte

559 3061 710 3120 vitiis
751 3061 1024 3119 obnoxius
1058 3072 1152 3121 est
1192 3063 1485 3141 quiequam
1523 3062 1616 3121 vel
1659 3063 1939 3120 minimum
1980 3070 2141 3122 recte
2186 3064 2387 3122 facere
2417 3071 2598 3141 potest

562 3152 644 3214 (v.
683 3149 873 3207 115·-
898 3150 1064 3215 123).
1133 3146 1238 3219 Qui
1278 3147 1424 3206 liber
1465 3148 1572 3206 sibi
1611 3145 1866 3218 videtur,
1908 3148 2039 3227 quia
2074 3147 2310 3206 aliorum
2353 3149 2593 3207 iussilms

561 3249 768 3308 parere
808 3250 918 3288 non
961 3232 1214 3309 cogitur,
1256 3233 1304 3290 is
1344 3234 1692 3303 meminerit,
1736 3252 1800 3292 se
1827 3232 1931 3291 sub
1956 3231 2322 3310 cupiditatum
2348 3236 2595 3312 turpiore

561 3315 730 3373 etiam
760 3318 894 3393 iugo
926 3318 1110 3375 teneri
1146 3324 1224 3388 (ν.
1259 3319 1638 3390 124-131).
1699 3317 1804 3390 Qui
1843 3338 1879 3377 a
1913 3320 2139 3397 pigritia
2164 3318 2391 3376 laborat
2413 3360 2433 3390 ‚
2474 3338 2595 3378 enm

560 3402 797 3460 avaritia
832 3403 1049 3459 instans
1082 3400 1395 3461 divitiarum
1427 3401 1892 3481 acquirendarum
1922 3423 2027 3480 spe
2059 3405 2156 3462 vix
2183 3401 2412 3462 tandem
2449 3424 2598 3463 com·

559 3496 783 3557 movet,
829 3497 889 3545 ut
924 3487 1075 3546 vieta
1115 3488 1321 3547 inertia
1367 3499 1600 3548 strenue
1646 3497 1814 3565 agat,
1875 3508 2070 3547 verum
2114 3488 2359 3549 eundem
2400 3488 2598 3549 blanda

559 3570 779 3629 luxuria
805 3572 1046 3641 retinet,
1092 3584 1151 3632 et
1191 3574 1306 3631 vita
1348 3572 1641 3633 fruendum
1670 3593 1801 3633 esse
1828 3574 2102 3633 celeriter
2128 3575 2386 3652 fugiente
2414 3585 2598 3634 monet

561 3665 644 3728 (v.
681 3660 1058 3727 132-153).
1120 3658 1202 3716 lta
1238 3668 1463 3717 certant
1497 3660 1552 3716 in
1585 3658 1809 3717 homine
1839 3657 2210 3737 cupiditates,
2255 3678 2401 3739 quae
2444 3661 2596 3739 quie·

560 3738 691 3820 quid
723 3742 860 3801 facit
887 3740 1248 3801 dominantur
1279 3750 1355 3814 (v.
1389 3746 1784 3815 153-156>;
1824 3763 1932 3802 uec
1964 3746 2012 3802 si
2043 3747 2166 3823 quis
2203 3743 2433 3823 quando
2468 3747 2598 3804 vicit

560 3828 834 3898 animum,
875 3828 1061 3885 statim
1102 3829 1390 3886 servitium
1431 3847 1495 3887 se
1527 3828 1814 3888 abiecisse
1848 3829 2195 3908 liberumque
2223 3829 2435 3887 factum
2468 3850 2594 3889 esse

559 3912 855 3990 glorietur,
887 3932 1010 3970 nam
1043 3924 1269 3972 manent
1288 3915 1512 3993 priscae
1535 3915 1827 3973 servitutis
1847 3916 2094 3991 vestigia
2114 3922 2191 3986 (v.
2216 3919 2597 3987 157—160)‚

560 4007 622 4055 ut
665 3998 883 4059 iuvenis
927 3997 1023 4056 ille
1064 4000 1350 4069 comicae,
1395 4000 1489 4078 qui
1533 3999 1605 4057 ab
1650 4001 1830 4059 amica
1870 3999 2140 4059 exclusus
2170 4002 2258 4058 ira
2287 4011 2594 4060 commotus

561 4102 837 4162 nunquam
882 4080 953 4144 ad
997 4101 1124 4143 cam
1169 4102 1234 4144 se
1266 4082 1575 4145 rediturum
1607 4086 1843 4155 iuravit,
1889 4104 2016 4145 cum
2045 4084 2143 4146 illa
2172 4104 2302 4145 eum
2332 4088 2594 4156 arcessit,

559 4438 705 4559 t„
