2764 4738
900 452 1068 514 SAT.
1099 454 1199 525 VI,
1234 457 1312 517 18
1342 486 1423 497 -
1454 457 1558 516 24.
2121 448 2249 515 217

203 623 539 704 praeditos,
582 644 708 684 nam
754 642 923 683 varus
967 634 1089 695 est,
1132 626 1224 704 qui
1269 622 1509 683 distorta
1540 643 1708 706 crura
1737 624 1940 699 habet,
1979 648 2034 687 v.
2068 629 2243 707 intpp.

207 711 344 770 Hor.
377 722 486 769 sat.
520 711 563 780 I,
605 714 664 782 3,
693 714 796 780 47,
841 708 988 768 uude
1033 729 1171 768 vara
1218 709 1480 769 dicuntur
1517 707 1775 778 diversa,
1836 713 1942 770 sibi
1988 716 2247 791 opposita

204 816 260 855 e.
284 817 347 873 g.
385 797 522 854 Hor.
538 805 646 854 sat.
673 795 742 865 11,
760 799 820 866 3,
840 798 940 857 56.
989 795 1252 854 Horatius
1284 806 1483 853 contra
1513 793 1652 852 dixit
1684 801 1836 874 (epp.
1869 796 1941 869 ΙΙ,
1972 802 2033 869 2,
2069 803 2246 871 187).

206 879 503 952 „Genius,
534 881 722 940 natale
755 900 945 938 comes
978 882 1073 960 qui
1102 890 1384 958 temperat
1415 888 1689 951 astrum‚“
1730 900 1923 941 verum
1956 885 2012 941 in
2044 884 2247 942 talibus

204 968 478 1026 variatur.
519 1000 604 1013 --
642 965 811 1025 Alter
845 967 1123 1043 triparcus
1154 977 1279 1037 est,
1333 965 1484 1025 alter
1522 964 1793 1044 prodigus
1823 978 1922 1026 est
1956 970 2064 1045 qui
2102 969 2246 1027 solis

205 1052 545 1123 natalibus,
595 1071 735 1131 quos
781 1052 960 1129 epulis
1006 1050 1305 1110 celebrare
1351 1051 1613 1110 solebant
1658 1051 1864 1124 (Plaut.
1911 1053 2072 1131 Capt.
2108 1053 2149 1125 I,
2184 1059 2247 1126 2,

206 1143 279 1200 71
318 1157 407 1217 sq.
470 1135 678 1196 Pseud.
709 1136 752 1207 I,
786 1141 848 1206 2,
877 1140 959 1198 32
990 1155 1075 1216 sq.
1133 1135 1296 1195 Pors.
1323 1135 1400 1208 V,
1434 1143 1489 1207 1,
1524 1140 1702 1216 16sq.
1761 1137 1951 1196 Iuveu.
1982 1139 2084 1210 XI,
2116 1143 2248 1211 83),

206 1224 335 1281 olas
363 1224 622 1292 siccum,
668 1241 776 1279 non
810 1231 1070 1292 unctum,
1132 1219 1340 1300 vafer,
1388 1220 1622 1280 callidus
1653 1232 1849 1282 vetere
1881 1226 2246 1302 parsimonia,

206 1310 409 1385 tingat
434 1308 629 1366 muria
649 1350 669 1378 ‚
724 1306 869 1386 quod
913 1317 1006 1365 est
1035 1306 1357 1365 salsamenti
1390 1326 1571 1384 genus
1623 1306 1852 1367 diverso
1885 1308 2049 1367 modo
2081 1329 2248 1388 prae-

203 1403 460 1472 paratum
512 1393 610 1465 (cf.
654 1390 852 1451 Heind.
886 1390 956 1450 ad
1001 1392 1136 1451 Hor.
1182 1402 1294 1452 sat.
1325 1392 1396 1462 11,
1426 1396 1488 1462 4,
1521 1396 1662 1464 65),
1708 1395 1766 1452 in
1808 1397 1992 1453 calice
2028 1405 2244 1472 empta,

208 1498 367 1557 quam
415 1498 529 1534 nou
569 1479 623 1535 iu
667 1497 816 1554 penu
862 1488 1057 1535 servat
1104 1477 1421 1554 (Klausen‚
1452 1479 1600 1536 Aen.
1635 1476 1682 1536 II
1709 1499 1763 1556 p.
1794 1482 1915 1542 639
1945 1501 1999 1538 n.
2038 1485 2248 1551 1143),

205 1560 308 1621 sed
355 1564 408 1621 si
454 1561 675 1641 quando
721 1582 860 1640 opus
905 1572 1026 1632 est,
1079 1563 1380 1641 pauxillum
1426 1564 1614 1620 statim
1658 1563 2063 1623 comedendum
2095 1567 2250 1637 emit,

206 1645 354 1727 quod
388 1646 603 1705 sordidi
633 1658 726 1706 est
755 1657 851 1705 aut
880 1648 1244 1725 negligenti&
1302 1650 1475 1726 Ipse,
1528 1650 1733 1706 nemini
1776 1650 1869 1707 alii
1910 1649 2019 1709 hoc
2051 1670 2248 1709 munus

205 1731 590 1797 demandans,-
634 1752 705 1791 ne
749 1734 975 1790 nimium
1020 1730 1394 1804 defundunt,
1436 1744 1497 1791 ut
1534 1732 1848 1792 Avidienus
1890 1734 2036 1813 apud
2069 1736 2250 1794 Hora-

206 1822 338 1876 tium
371 1819 510 1884 (sat.
542 1819 610 1889 11,
641 1822 700 1888 2,
730 1819 840 1893 61)
882 1819 1065 1877 oleum
1098 1817 1382 1877 rancidum
1416 1838 1591 1877 cornu
1624 1819 1809 1877 bilibri
1842 1822 1966 1898 ipse
1994 1821 2248 1880 caulibus

202 1905 472 1974 instillat,
516 1902 667 1983 quod
697 1905 968 1962 irrorare
995 1903 1131 1962 dicit
1160 1903 1424 1976 Persius,
1467 1923 1639 1982 parce
1672 1915 1730 1962 et
1759 1908 2014 1979 guttatim
2048 1905 2249 1966 desun-

202 1989 380 2060 dere,
406 1990 588 2067 piper
614 2008 845 2047 sacrum
867 2032 883 2059 ,
932 1999 994 2046 ut
1024 1987 1169 2067 apud
1202 1990 1499 2047 Homerum
1534 1985 1640 2058 ἃλς
1676 1988 1850 2060 θεῖος
1880 1991 1963 2062 (Il.
1994 2013 2039 2062 ι,
2075 1996 2249 2064 214),

201 2069 459 2150 ἀλφίτου
493 2075 661 2155 ἱεροῦ
697 2070 845 2146 ἀκτή
883 2072 974 2150 (ΙΙ.
1004 2076 1059 2145 λ,
1090 2078 1278 2149 631),
1321 2075 1543 2153 aliaque
1587 2094 1729 2153 quae
1763 2077 1950 2155 populi
1982 2077 2250 2157 religiosa

199 2158 535 2236 simplicitas
581 2160 802 2236 profert
844 2159 1132 2230 similiter,
1192 2159 1284 2218 hic
1327 2161 1536 2219 acerbe
1579 2159 1821 2232 dictum,
1870 2164 1998 2241 quia
2041 2181 2250 2222 avarus

202 2256 484 2323 tamquam
516 2263 683 2302 sacro
717 2247 913 2322 parcit.
945 2247 1058 2303 Hic
1076 2264 1236 2323 puer
1262 2245 1357 2317 (V,
1378 2249 1524 2318 167)
1549 2249 1977 2323 magnanimus,
2011 2249 2248 2318 ironice,

200 2340 265 2389 ut
292 2329 556 2389 Maenius
587 2329 732 2408 apud
768 2330 1051 2388 Horatium
1086 2338 1239 2410 (epp.
1268 2331 1311 2402 1,
1347 2335 1446 2400 15,
1473 2335 1579 2402 27)
1612 2351 1733 2391 rem
1766 2332 1994 2392 fortiter
2023 2333 2249 2393 absum-

201 2418 309 2486 sit,
375 2416 523 2474 bona
565 2418 827 2493 grandia
868 2418 1041 2474 dente
1077 2418 1361 2495 peragit,
1421 2415 1624 2475 edendi
1681 2417 1898 2477 luxuria
1951 2421 2248 2478 consumit.

208 2503 365 2561 Utar
403 2521 551 2578 ego,
600 2511 775 2571 utar,
822 2501 902 2559 cf.
954 2501 1092 2559 Hor.
1142 2522 1275 2579 epp.
1322 2502 1391 2572 11,
1429 2505 1489 2573 2,
1521 2506 1640 2565 190
1672 2524 1830 2583 sqq.,
1884 2505 1978 2583 qui
2012 2503 2249 2577 eandem

203 2588 542 2645 sententiam
576 2588 879 2663 expressit.
936 2588 1064 2644 Nee
1099 2588 1264 2657 ideo,
1311 2607 1493 2666 neque
1526 2598 1712 2646 tamen
1748 2595 1823 2659 (v.
1861 2589 2043 2649 Hand.
2080 2591 2249 2649 Turs-

200 2671 279 2732 111
310 2692 367 2750 p.
409 2676 590 2744 183),
638 2673 839 2730 lautus
871 2672 974 2745 (cf.
1008 2671 1177 2730 Mart.
1222 2671 1262 2742 1,
1294 2676 1396 2742 99,
1428 2677 1469 2734 2
1496 2692 1614 2753 sq.:
1664 2672 1780 2731 Sed
1821 2684 1932 2731 tam
1981 2674 2248 2753 prodigus

200 2768 377 2836 atque
409 2756 657 2815 liberalis
688 2757 762 2815 Et
791 2768 903 2814 tam
935 2758 1117 2816 lautus
1148 2763 1304 2829 eras)
1330 2777 1556 2834 ponere
1590 2758 1656 2828 (1,
1680 2762 1778 2821 63.
1812 2760 2121 2831 Iuven.XI,
2141 2764 2248 2833 84)

202 2844 442 2901 libertis
461 2885 480 2912 ‚
530 2844 622 2920 qui
666 2842 864 2901 viliore
912 2844 1039 2901 loco
1071 2843 1456 2913 habebantur,
1490 2843 1757 2902 rhombos
1778 2888 1796 2914 ,
1842 2847 2031 2923 pisces
2063 2847 2251 2923 magni

201 2929 395 3007 pretii,
427 2947 570 3006 quos
600 2925 766 2986 valde
799 2927 1061 2986 amabant
1088 2929 1326 3005 gulones
1363 2930 1462 3000 (cs.
1481 2931 1654 3006 intpp.
1674 2928 1814 2988 Hor·
1836 2941 1939 2988 sat.
1961 2930 2002 2999 Ι,
2021 2935 2081 3000 2,
2109 2928 2250 2993 116.

202 3014 323 3072 luv.
365 3012 465 3082 IV,
482 3016 608 3083 39).
652 3014 780 3071 Nec
807 3014 1023 3071 sollers
1053 3033 1225 3072 nosse
1251 3012 1344 3086 (ad
1363 3013 1508 3091 prol.
1532 3019 1633 3086 11)
1665 3016 1917 3073 salivam
1936 3057 1953 3086 ,
1989 3035 2250 3093 saporem

203 3098 401 3176 (Prop.
432 3097 643 3176 v[1v]‚
674 3102 734 3167 8,
767 3102 867 3160 38.
910 3097 1054 3156 Pliu.
1091 3099 1157 3157 H.
1184 3097 1261 3158 N.
1294 3097 1453 3169 XIV,
1485 3103 1543 3169 6,
1575 3103 1635 3170 8,
1670 3103 1776 3161 60.
1812 3100 2017 3170 XXIII,
2058 3107 2112 3171 1,
2146 3104 2252 3173 22,

199 3188 307 3246 40.
355 3184 433 3241 cf.
464 3195 570 3241 sat.
603 3184 678 3252 V,
714 3188 892 3254 112),
942 3194 1204 3255 tenuem,
1261 3184 1547 3242 subtiliter
1584 3195 1795 3242 tautum
1843 3205 1910 3244 ac
1945 3184 2254 3246 difficulter

201 3266 619 3327 diiudicandum
654 3275 740 3336 (ut
768 3268 912 3347 apud
945 3270 1138 3328 Horat.
1174 3268 1578 3339 sat.11‚4‚36:
1613 3281 1817 3329 exacta
1846 3274 1999 3329 tenui
2030 3273 2251 3331 ratione

201 3374 493 3433 saporum,
526 3355 601 3411 cf.
623 3354 693 3422 V,
711 3357 816 3424 93)
853 3357 1184 3413 turdarum.
1218 3353 1425 3412 Turdis
1457 3357 1689 3432 primum
1719 3357 1869 3414 inter
1899 3376 2035 3414 aves
2070 3357 2250 3415 locum

201 3438 598 3498 concedebant
641 3439 874 3497 Romani
922 3439 1081 3513 (Hor.
1113 3459 1240 3517 epp.
1272 3440 1315 3510 l,
1353 3445 1453 3510 15,
1484 3444 1567 3501 40
1588 3460 1673 3519 sq.
1718 3440 1884 3499 Mart.
1931 3441 2079 3512 XIII,
2122 3446 2252 3513 92),

202 3545 347 3604 quos
393 3524 782 3583 ornithonibus
828 3524 1167 3602 saginabant
1209 3525 1452 3597 (Colum.
1500 3523 1569 3584 R.
1619 3525 1684 3583 R.
1726 3525 1873 3596 VIII,
1920 3531 2016 3588 10.
2077 3527 2153 3585 cf.
2180 3526 2251 3586 de

201 3609 444 3670 Lucullo
476 3610 740 3668 fabellam
771 3609 914 3687 apud
962 3609 1103 3668 Plut.
1137 3609 1280 3668 Luc.
1313 3614 1414 3671 40.
1468 3609 1660 3688 Pomp.
1690 3614 1752 3672 2.
1784 3612 2012 3689 apopbt.
2047 3623 2085 3670 t.
2121 3612 2253 3673 VIII

202 3718 261 3775 p.
298 3699 416 3758 161
457 3695 609 3754 Hutt.
653 3715 722 3753 an
767 3697 890 3754 seui
936 3715 1060 3772 ger.
1101 3714 1257 3772 resp.
1294 3700 1356 3765 4)
1402 3706 1462 3754 et
1505 3696 1688 3774 amplo
1718 3698 1902 3774 pretio
1931 3696 2254 3756 vendebant

206 3780 403 3853 (Varr.
436 3778 503 3838 R.
536 3780 602 3839 R.
629 3780 696 3851 II,
724 3785 809 3852 3).
871 3780 1047 3851 Quam
1097 3780 1379 3840 subtiliter
1425 3779 1634 3840 diversi
1664 3784 1898 3859 generis
1930 3781 2124 3842 turdos
2158 3803 2253 3842 sa-

203 3886 345 3945 pore
391 3863 736 3943 dignoscere
780 3866 1049 3925 sciverint
1092 3885 1386 3944 ganeones
1433 3878 1626 3925 narrat
1680 3866 1895 3936 schol„
1957 3866 2104 3947 quod
2146 3887 2251 3927 ex-

204 3953 397 4031 primit
442 3950 670 4010 Persius
713 3948 839 4008 dum
888 3953 1099 4009 tardas
1141 3971 1272 4028 geu.
1323 3952 1456 4009 fem.
1489 3949 1657 4022 dicit,
1704 3972 1827 4010 cum
1876 3955 2045 4012 turdi
2077 3954 2247 4032 vulgo

206 4035 536 4096 dicerentur
565 4038 666 4110 (cf.
684 4055 816 4095 ann.
837 4038 1019 4107 crit.),
1064 4047 1127 4095 ut
1156 4036 1466 4096 sollertiam
1512 4038 1790 4116 significet
1831 4039 2010 4117 ipsum
2040 4040 2243 4099 avicu-

209 4123 384 4182 larum
417 4141 600 4200 genus
629 4140 838 4199 sapore
868 4118 1263 4210 distinguendi.
