2764 4738
448 418 668 463 cuxm
1112 389 1834 456 PROLEGOMENA.

448 587 701 654 prorsus
742 567 908 631 inter
948 585 1019 631 se
1060 562 1387 641 convenit,
1433 561 1521 627 ita
1565 572 1632 626 ut
1672 578 1970 646 perpauca
2011 561 2168 646 apud
2224 560 2508 625 Linden-

448 669 722 752 brogium
781 668 1158 744 invenerim,
1226 686 1378 750 quae
1440 684 1565 729 nou
1621 662 1843 727 habeat
1897 661 2212 741 Eremita,
2283 675 2510 728 contra

449 771 650 857 paullo
679 770 846 853 plura
878 770 1032 855 apud
1064 769 1251 846 hunc,
1284 766 1497 851 quibus
1525 767 1629 831 ille
1659 775 1886 830 careat.
1924 764 2507 849 Lindeubrogianas

449 872 910 938 emendationes
938 872 1002 935 in
1035 872 1379 956 exemplum
1410 889 1581 932 suum
1612 868 2029 954 transscripsit
2058 866 2504 946 Christius,

450 974 607 1058 quod
655 994 816 1037 nuuc
858 973 922 1037 in
972 973 1338 1037 bibliotheca
1378 969 1794 1034 universitatis
1839 969 2191 1056 Lipsiensis
2220 980 2314 1033 est
2343 968 2507 1052 (Ru-

451 1086 609 1162 pert.
641 1076 715 1139 ad
749 1072 966 1139 Iuveu.
1004 1086 1050 1139 t.
1085 1072 1115 1137 Ι
1145 1097 1206 1159 p.
1242 1070 1587 1152 CXLIV),
1626 1083 1690 1135 et
1718 1083 2005 1158 utrasque
2035 1083 2320 1139 accurate
2354 1091 2506 1135 cou-

452 1178 683 1244 sentire
730 1176 935 1242 docuit
977 1196 1072 1241 me
1115 1173 1244 1239 Fr.
1292 1173 1345 1238 P
1362 1174 1674 1240 assovii
1717 1177 2094 1260 exemplum,
2140 1176 2206 1239 in
2255 1194 2373 1258 quo
2418 1194 2508 1237 ex

456 1277 810 1346 Christiano
869 1288 1226 1356 notaverat,
1288 1277 1462 1341 cuius
1518 1296 1690 1339 usum
1745 1276 1892 1341 mihi
1942 1278 2136 1342 amice
2198 1275 2511 1342 concessit

453 1381 575 1447 W.
608 1379 1042 1446 A.Passovius
1074 1380 1252 1444 lilius·
1302 1377 1658 1444 Christiano
1677 1380 1958 1463 exemplo
1990 1390 2200 1463 aperte
2230 1400 2378 1443 usus
2408 1387 2512 1442 est

452 1483 825 1562 Reizius,
870 1484 967 1567 qui
1012 1483 1170 1548 haud
1213 1502 1435 1567 paucas
1496 1481 1708 1546 harum
1753 1482 2201 1547 correctionum
2243 1480 2505 1565 recepit.

454 1586 692 1671 Quodsi
733 1586 1086 1671 quaeritur,
1133 1608 1170 1650 a
1215 1605 1471 1668 quonam
1516 1585 1827 1669 profectae
1872 1586 1998 1649 sint
2050 1583 2165 1648 hae
2221 1582 2511 1646 emenda-

455 1690 693 1767 tiones,
741 1700 808 1752 ut
837 1686 916 1752 D.
952 1687 1286 1754 Eremitam
1319 1697 1551 1772 patrem
1596 1708 1804 1751 earum
1852 1687 2219 1766 habeamus,
2263 1686 2513 1749 videtur

455 1792 756 1868 suadere,
805 1791 964 1874 quod
1014 1788 1346 1855 Graevii
1389 1810 1566 1852 manu
1607 1790 1673 1852 in
1713 1791 1888 1853 titulo
1934 1801 2072 1875 post
2099 1812 2206 1854 vv.
2240 1810 2378 1852 cum
2407 1809 2513 1853 ue-

457 1894 697 1958 teribus
725 1894 1181 1957 commentariis
1218 1912 1386 1955 nunc
1421 1892 1697 1977 primum
1737 1892 1923 1956 editis
1965 1892 2233 1956 additum
2262 1902 2398 1956 este
2446 1902 2515 1955 et

456 1997 668 2061 multis
698 1996 854 2060 locis
882 1995 1224 2063 emendatis
1252 2014 1295 2057 a
1322 1994 1409 2059 D.
1442 1993 1506 2057 E
1516 1995 1812 2058 remita
1848 2001 1895 2056 ¹.

630 2129 799 2196 Haec
847 2131 1076 2195 scholia
1119 2129 1615 2195 annotationibus
1658 2148 1772 2194 nec
1816 2150 2040 2195 ornare
2085 2153 2200 2195 nec
2245 2152 2512 2196 onerare

456 2243 659 2319 aptum
709 2233 891 2312 duxi,
954 2253 1102 2317 ergo
1144 2233 1198 2296 si
1250 2252 1475 2316 paucos
1532 2219 1704 2296 locos
1762 2233 2074 2319 excipiaS,
2136 2233 2238 2297 ubi
2289 2234 2514 2317 aliquid

456 2334 731 2400 breviter
770 2343 987 2399 notare
1030 2356 1062 2399 e
1108 2355 1177 2399 re
1219 2336 1414 2400 visum
1458 2345 1589 2415 est,
1639 2345 1885 2420 praeter
1914 2338 2119 2403 varias
2151 2335 2451 2401 lectiones
2489 2343 2518 2379 ²

457 2437 687 2502 subieci
733 2448 964 2500 tautum
1008 2438 1278 2502 locorum
1327 2442 1392 2504 in
1437 2441 1682 2505 scholiis
1725 2440 2105 2504 laudatorum
2167 2449 2514 2504 accuratam

454 2538 930 2617 indicationem,
989 2551 1052 2603 et
1104 2550 1171 2604 ut
1229 2541 1622 2627 colligeretur
1674 2543 1953 2626 quicquid
2013 2543 2090 2607 ad
2157 2543 2271 2606 hoc
2316 2562 2516 2627 genus

455 2639 981 2725 interpretationis
1019 2643 1408 2707 referendum
1453 2644 1810 2722 videretur,
1870 2644 2073 2708 addidi
2119 2666 2152 2709 e
2198 2644 2518 2729 glossariis

460 2744 945 2829 graeco-latinis
990 2744 1063 2807 ab
1109 2744 1379 2810 Henrico
1423 2744 1735 2832 Stephano
1768 2747 1946 2811 editis
1980 2758 2045 2811 et
2070 2744 2300 2832 Papiae
2333 2759 2515 2831 atque

456 2843 708 2909 loannis
751 2865 787 2908 a
833 2843 1023 2910 Ianua
1064 2848 1507 2927 vocabulariis,
1574 2870 1727 2933 quae
1788 2849 1863 2913 ad
1911 2846 2189 2913 Persium
2233 2860 2518 2934 spectare

457 2948 864 3026 videbantur,
910 2949 1086 3013 simul
1132 2952 1478 3036 comparavi
1526 2971 1672 3035 quas
1703 2951 1858 3035 apud
1889 2948 2187 3015 Isidorum
2221 2952 2515 3030 maxime,

462 3048 744 3116 Servium
791 3051 969 3114 etiam
1018 3051 1290 3135 aliosque
1335 3053 1761 3135 grammaticos
1806 3053 2032 3117 similes
2074 3053 2519 3137 explicationes

459 3151 693 3216 inveni.
758 3149 1135 3235 Quamquam
1182 3174 1275 3217 me
1324 3175 1447 3218 non
1493 3155 1680 3233 latet,
1727 3154 1872 3219 talia
1915 3154 1989 3218 ab
2035 3155 2150 3233 iis,
2198 3155 2388 3237 quiin
2422 3155 2519 3220 his

461 3253 676 3318 studiis
722 3265 786 3317 et
822 3253 1216 3338 scriptoribus
1264 3256 1455 3340 magis
1499 3255 1728 3320 versati
1773 3267 1956 3335 sunt,
2014 3257 2254 3343 plenius
2312 3257 2518 3322 afferri

461 3375 677 3439 posse,
736 3367 941 3421 tamen
984 3358 1083 3423 vel
1131 3358 1218 3422 sic
1265 3377 1375 3435 ea,
1436 3379 1588 3442 quae
1633 3369 1842 3442 parata
1889 3357 2070 3422 habui
2117 3379 2241 3421 non
2287 3360 2519 3424 invitos

463 3469 824 3541 accepturos
858 3478 997 3524 esse
1026 3453 1173 3524 VV.
1208 3457 1351 3522 DD.
1397 3460 1679 3544 speravi,
1728 3460 1900 3544 quasi
1944 3461 2232 3544 quasdam
2278 3463 2520 3549 symbo-

464 3560 555 3624 las
587 3562 662 3625 ad
694 3561 1002 3626 historiam
1034 3561 1466 3646 explicationis
1497 3562 1672 3626 huius
1704 3573 1945 3648 poetae.

473 3775 496 3830 1
539 3775 618 3827 Ab
657 3777 831 3828 eodem
870 3778 1091 3831 Graevio
1127 3780 1287 3831 multa
1337 3781 1596 3847 adscripta
1645 3787 1800 3844 suut,
1852 3795 1981 3845 quae
2025 3778 2087 3831 ad
2133 3781 2527 3847 interpretatio·-

536 3861 652 3897 nem
687 3845 947 3898 luvenalis
981 3855 1249 3914 spectant,
1288 3850 1423 3900 haud
1459 3850 1629 3915 magui
1665 3850 1926 3901 momenti.

466 3947 501 4003 2
541 3946 830 4000 Editionem
855 3946 1106 4000 Venetam
1134 3951 1305 4001 notavi
1331 3951 1415 4003 ed.
1444 3968 1577 4019 μνη,-
1613 3951 1881 4003 Parisiuae
1918 3968 2015 4002 non
2057 3951 2153 4003 feci
2194 3954 2522 4014 mentionem,

541 4018 641 4138 nasi
666 4018 767 4137 lubi
802 4033 835 4069 a
869 4015 1057 4071 Viuoto
1094 4017 1342 4083 discedit,
1399 4037 1520 4085 crgo
1555 4021 1642 4073 ubi
1680 4020 1807 4072 Vin.
1846 4020 2130 4085 tondatur,
2182 4021 2315 4071 idem
2354 4029 2436 4071 est
2473 4022 2523 4071 in
2558 4063 2569 4073 .

544 4103 572 4136 e
611 4123 625 4139 .
713 4101 796 4138 ar.

570 4393 685 4532 N
