2764 4738
896 407 1626 473 PROLEGOMENA.
2120 433 2284 479 cxcv

220 596 359 640 num
388 587 571 641 recte
603 587 669 641 et
697 596 831 641 cum
862 577 1084 642 indicio
1115 578 1416 663 egissem,
1450 589 1513 642 et
1541 577 1877 663 ubicunque
1906 597 2277 663 peccassem,

219 700 322 743 res
351 678 417 741 in
449 679 758 763 integrum
799 680 1041 743 restitui
1082 690 1312 763 posset.

391 778 694 844 Codicum
727 781 884 846 ratio
906 827 925 859 ,
971 781 1045 845 de
1077 803 1192 864 qua
1225 781 1403 845 modo
1449 782 1742 867 exposui,
1791 782 2102 847 molestias
2133 784 2281 848 facit

218 883 434 947 critico
458 928 477 960 ,
528 904 682 966 quae
715 903 850 946 cum
881 882 942 945 in
973 882 1393 963 gravioribus,
1443 884 1543 947 ubi
1590 884 1788 948 omnia
1833 884 2281 948 consideranda

218 996 281 1049 et
308 984 708 1069 ponderanda
735 993 881 1048 sunt
899 1028 918 1060 ,
965 994 1031 1048 ut
1059 984 1196 1066 quid
1229 997 1464 1049 rectum
1500 986 1580 1049 sit
1609 986 1960 1051 inveniatur
1989 996 2053 1050 et
2081 986 2278 1049 firme-

217 1096 355 1162 tur,
402 1087 607 1150 minus
638 1085 1020 1163 sentiantur,
1066 1086 1330 1149 maxime
1373 1086 1437 1149 in
1479 1087 1732 1151 minoris
1774 1088 2065 1152 momenti
2095 1088 2278 1151 rebus

216 1207 329 1251 usn
388 1188 692 1264 veniunt,
751 1188 815 1250 in
875 1187 1087 1270 quibus
1146 1188 1208 1250 in
1268 1199 1585 1271 utramque
1647 1189 1990 1271 plerumque
2048 1198 2278 1272 partem

218 1290 399 1353 multa
448 1290 745 1374 disputari
792 1298 1083 1372 possunt,
1132 1288 1249 1353 nisi
1293 1310 1329 1354 a
1372 1290 1549 1352 codd.
1598 1291 1963 1355 auctoritate
2009 1292 2274 1355 ultimam

215 1390 521 1455 rationem
555 1402 769 1475 petere
801 1392 965 1456 licet.
1033 1391 1235 1473 Atque
1267 1391 1363 1455 hic
1395 1392 1608 1468 doleo,
1656 1393 1811 1475 quod
1846 1413 2008 1456 nuuc
2039 1394 2274 1457 demum

218 1493 351 1555 cod.
388 1493 577 1557 Rom.
613 1492 911 1556 lectiones
943 1492 1082 1555 mihi
1113 1493 1533 1557 innotuerunt.
1593 1491 1754 1555 Nam
1789 1515 1921 1557 cum
1955 1495 2093 1558 cod.
2127 1494 2270 1580 Mp.

216 1596 375 1658 solas
405 1617 518 1658 vv.
554 1596 619 1658 ΙΙ.
658 1604 936 1658 enotatas
968 1593 1287 1674 haberem,
1324 1616 1446 1659 non
1478 1595 1639 1678 potui
1674 1594 1813 1659 mihi
1846 1594 1985 1660 inde
2019 1597 2270 1676 codicis,

217 1697 372 1759 unde
422 1698 642 1761 ductus
688 1707 860 1773 erat,
908 1707 1247 1760 accuratam
1295 1696 1617 1780 imaginem
1662 1710 2161 1780 repraesentare,
2211 1710 2275 1764 et

215 1797 274 1861 in
317 1800 431 1863 bac
480 1819 760 1862 errorum
808 1799 977 1882 copia
1025 1799 1241 1861 dubius
1285 1797 1496 1874 haesi,
1544 1797 1682 1881 quid
1727 1798 1803 1861 ad
1848 1799 2267 1884 archetypum,

216 1901 347 1982 qnid
379 1901 460 1963 ad
499 1899 901 1964 describentis
934 1900 1163 1983 culpam
1194 1899 1587 1965 referendum
1619 1912 1806 1964 esset.
1867 1897 1960 1962 De
2007 1901 2119 1965 bac
2164 1923 2271 1965 an-

215 2012 330 2064 tem
362 2024 435 2065 re
473 2003 591 2064 iam
622 2002 850 2067 certius
882 2012 1081 2085 potest
1109 2001 1399 2079 indicari,
1448 2022 1564 2065 nec
1607 2002 1786 2064 ultum
1832 2000 2068 2065 dubium
2103 2023 2267 2080 esse,

214 2104 351 2187 quin
396 2104 675 2182 codicis,
724 2125 810 2167 ex
852 2124 966 2185 quo
1016 2104 1301 2188 descripti
1347 2114 1528 2181 sunt,
1592 2103 1926 2180 lectiones,
1974 2113 2269 2186 quatenus

211 2226 317 2290 per
375 2207 597 2269 horum
655 2206 804 2269 vitia
865 2207 1151 2290 cognosci
1212 2216 1276 2269 et
1329 2205 1567 2268 restitui
1615 2215 1905 2287 possunt,
1969 2205 2269 2269 maximae

212 2308 599 2372 auctoritatis
630 2308 777 2371 sint.
825 2306 982 2372 Nam
1017 2310 1070 2371 is
1093 2353 1112 2386 ,
1159 2308 1222 2372 in
1268 2317 1552 2391 quantum
1585 2306 1994 2390 redintegrari
2024 2303 2269 2371 a‘nobis

214 2422 453 2495 potest,
503 2409 771 2473 omnium
816 2420 909 2474 est
946 2411 1420 2493 antiquissimus.
1495 2407 1646 2473 Cum
1680 2429 1829 2473 vero
1863 2409 1937 2473 de
1970 2408 2100 2473 eius
2131 2430 2267 2473 cor·

212 2513 468 2596 rupteiis
510 2522 741 2574 tantum
787 2512 979 2576 adbuc
1023 2533 1225 2576 sermo
1269 2512 1519 2587 fuisset,
1579 2511 1674 2575 hic
1731 2510 2013 2588 sufficiat,
2075 2531 2268 2595 pauca

213 2614 497 2698 exempla
528 2614 776 2691 afferre,
810 2613 912 2677 ubi
942 2615 1262 2698 genuinam
1294 2613 1644 2691 lectionem,
1677 2613 1739 2675 in
1765 2613 2066 2697 plerisque
2085 2613 2260 2676 codd.

210 2718 402 2797 magis
437 2716 716 2779 minusve
748 2715 1131 2778 obscuratam
1153 2762 1171 2793 ,
1219 2714 1582 2779 auctoritate
1613 2735 1719 2777 sua
1755 2715 2034 2778 firmavit.
2091 2710 2260 2777 Prol.

209 2840 273 2881 v.
313 2816 395 2880 14
442 2828 666 2880 nectar
705 2828 873 2882 recte
921 2816 1173 2880 exbibet
1217 2838 1324 2901 pro
1372 2838 1488 2895 eo,
1537 2817 1693 2898 quod
1732 2816 2050 2900 plerosque
2083 2814 2258 2878 codd.

210 2920 440 2983 invasit
468 2919 698 2994 melos,
750 2916 832 2997 V,
865 2917 952 2983 25
999 2939 1131 2983 cum
1162 2919 1368 3002 paucis
1403 2921 1705 2992 tectoria,
1755 2929 1817 2982 et
1860 2913 1975 2994 Vl,
2008 2914 2052 2980 6
2081 2937 2263 3002 egre—

204 3024 358 3106 gius
405 3020 627 3097 habet,
684 3042 837 3104 quae
883 3021 1183 3084 lectiones
1227 3021 1445 3084 dubiae
1492 3022 1622 3084 fere
1667 3019 2045 3083 auctoritatis
2090 3020 2261 3083 visae
2363 3058 2367 3061 <
2405 3023 2411 3029 ’

209 3133 390 3198 sunt,
440 3133 506 3186 ut
537 3123 755 3185 multos
787 3123 955 3186 locos
987 3143 1149 3186 nunc
1180 3133 1450 3200 taceam,
1498 3121 1710 3206 quibus
1752 3143 1883 3186 cum
1916 3122 2049 3186 aliis
2082 3121 2255 3184 codd.

210 3226 492 3307 optimam
536 3224 855 3287 lectionem
900 3233 1111 3288 servat
1149 3231 1192 3284 ¹.
1266 3221 1339 3286 In
1379 3225 1778 3288 recensendis
1820 3224 2002 3306 igitur
2043 3234 2261 3307 poetae

208 3327 419 3390 verbis
477 3325 649 3388 buius
682 3326 820 3389 cod.
856 3337 918 3389 et
948 3326 1000 3388 si
1031 3324 1129 3408 qui
1162 3325 1235 3389 ad
1269 3345 1403 3389 eum
1436 3326 1737 3390 accedunt
1780 3347 2010 3390 summa
2052 3336 2262 3389 aucto·

208 3430 360 3492 ritas
408 3448 548 3491 esse
594 3427 874 3504 videtur,
935 3447 1186 3510 eamque
1232 3437 1477 3491 secutus
1526 3415 1686 3491 nunc
1731 3427 2023 3511 quaedam
2082 3427 2264 3491 aliter

210 3531 673 3594 constituerem.
749 3525 842 3592 lta
888 3524 940 3607 l,
987 3526 1070 3591 57
1113 3528 1519 3612 recipiendum
1562 3539 1657 3593 est
1689 3537 1996 3614 protenso
2041 3548 2076 3591 e
2119 3528 2255 3591 cod.

208 3631 350 3717 up.
398 3630 623 3705 Rom„
682 3631 836 3713 quod
885 3629 1099 3694 suadet
1141 3652 1261 3693 non
1307 3629 1716 3716 Hieronymus
1761 3630 1993 3708 solum,
2040 3630 2150 3695 sed
2197 3640 2262 3693 et

209 3731 607 3811 Priscianus,
656 3753 1007 3816 quamquam
1054 3734 1150 3796 hic
1183 3742 1478 3818 protento
1525 3731 1726 3797 habet.
1787 3732 2135 3796 Protensus
2178 3752 2256 3795 an

210 3837 491 3900 usitatum
536 3836 653 3910 sit,
706 3834 951 3912 nescio,
1000 3843 1212 3897 tensus
1252 3845 1420 3898 certe
1462 3845 1578 3899 est.
1642 3830 1693 3912 l,
1731 3833 1850 3898 111
1885 3835 2256 3919 praeferrem

211 3959 371 4002 nnnc
404 3957 614 4030 omnes
643 3957 851 3999 omnes
879 3937 1015 3999 loco
1047 3957 1255 3999 omncs
1281 3938 1528 4000 etenim.
1597 3933 1829 4000 Dubius
1860 3947 2056 3999 autem
2098 3956 2253 4013 sum,

214 4093 237 4146 t
278 4092 359 4144 Cf.
401 4091 442 4156 ¹,
482 4092 572 4144 24.
613 4092 700 4144 60.
740 4092 826 4145 74.
864 4090 951 4153 ΙΙΙ,
992 4091 1045 4144 9.
1083 4088 1171 4156 lv,
1210 4092 1261 4144 9.
1299 4090 1365 4156 V,
1405 4092 1488 4144 73.
1530 4089 1615 4143 77.
1661 4089 1938 4219 'anigm-
1980 4091 2095 4144 12⁴.
2125 4096 2252 4140 cett.
