2764 4738
546 412 673 479 174
1232 413 1402 476 sAT.
1434 414 1533 488 lv,
1563 418 1647 480 28
1677 448 1761 463 —-
1792 420 1893 480 31.

543 586 618 648 L.
652 586 722 658 11,
752 587 899 658 246,
929 587 1013 647 27
1042 583 1108 644 Β.
1139 604 1199 645 n.
1240 587 1382 658 105,
1411 588 1496 648 27
1525 584 1665 660 Μ.),
1705 595 1768 645 et
1795 585 1939 644 Cato
1985 590 2059 660 (r.
2089 604 2139 644 r.
2173 589 2276 656 57)
2306 587 2574 664 compita-

543 673 688 731 libus
718 673 832 730 vini
862 672 1096 748 congios
1130 671 1367 750 siugulis
1414 673 1600 731 servis
1632 690 1803 749 supra
1833 669 1890 730 id
1924 668 2071 751 quod
2102 669 2346 751 quotidie
2374 672 2435 728 iis
2463 668 2576 728 da·

542 758 712 818 batur
753 757 1019 836 praeberi
1063 756 1240 816 iubet.
1325 754 1528 834 Longe
1575 755 1744 815 aliter
1785 756 1877 815 bic
1917 775 2147 816 avarus.
2228 757 2578 833 Quandoque

543 845 787 924 positum
819 852 912 901 est
939 860 1043 921 pro
1075 842 1575 920 quandocunque,
1621 852 1683 899 ut
1711 841 1785 913 V,
1816 845 1899 903 73
1931 844 2177 921 quisque
2204 861 2304 920 pro
2334 844 2575 919 quicun-

546 949 696 1009 ραι,-
739 929 816 987 cf.
847 946 989 1007 quos
1035 926 1201 985 affert
1230 927 1404 987 Hans,
1451 925 1523 985 ad
1553 925 1772 1004 Reisig.
1806 947 1895 1005 gr.
1928 928 2028 987 lat.
2065 949 2120 1005 p.
2154 930 2295 996 352,
2326 925 2577 984 adbibita

544 1013 926 1094 disputatione
970 1010 1240 1091 Madvigii
1282 1009 1377 1084 (ad
1423 1012 1544 1072 Cic.
1587 1009 1658 1070 de
1701 1013 1833 1070 finn.
1866 1032 1995 1071 exc.
2026 1012 2106 1071 Vt
2150 1033 2204 1092 p.
2238 1015 2356 1074 846
2398 1015 2572 1091 sqq.).

552 1101 843 1178 Compita,
878 1098 971 1157 ubi
999 1099 1127 1156 viae
1159 1107 1485 1174 competunt
1514 1097 1726 1170 (Varro
1755 1096 1823 1155 L.
1855 1097 1926 1155 L.
1957 1097 2055 1168 VI,
2085 1101 2192 1169 25,
2222 1098 2298 1156 cf.
2329 1096 2574 1175 Philarg.

545 1183 617 1244 ad
646 1185 808 1261 Virg.
843 1182 1059 1260 Georg.
1108 1182 1176 1255 ΙΙ,
1219 1186 1366 1254 382)
1416 1201 1590 1261 saepe
1636 1181 1707 1241 de
1738 1203 1909 1254 arcu,
1941 1184 2033 1262 qui
2063 1182 2140 1241 ibi
2171 1203 2294 1241 cum
2325 1181 2580 1241 aedicula

546 1268 835 1329 aedificari
883 1268 1107 1326 solebat
1151 1266 1334 1340 (Grut.
1389 1272 1532 1340 107,
1579 1273 1633 1329 1.
1680 1267 1853 1327 Fabr.
1902 1272 2063 1340 232,
2097 1271 2269 1340 610),
2303 1278 2575 1347 per-lma,

544 1357 762 1435 pervia,
809 1355 938 1433 quia
979 1354 1035 1411 iu
1083 1372 1281 1412 omnes
1310 1364 1507 1431 partes
1538 1363 1754 1431 patent.
1843 1355 2056 1431 Iugum
2068 1353 2277 1431 figere
2318 1355 2442 1432 quin
2481 1372 2580 1411 re·

545 1443 730 1521 quiem
764 1459 799 1497 a
828 1438 1022 1497 labore
1036 1438 1337 1516 significet,
1369 1457 1477 1496 uon
1497 1449 1590 1497 est
1610 1437 1854 1509 dubium,
1885 1437 2163 1518 quomodo
2195 1436 2577 1516 explicandum

547 1528 624 1585 sit
651 1534 846 1604 potest
873 1534 1061 1583 tamen
1091 1523 1316 1600 ambigi.
1365 1521 1559 1581 Scbol.
1591 1533 1743 1583 teste
1789 1524 2049 1583 solebant
2079 1524 2369 1601 agricolae
2400 1524 2580 1581 fracta

546 1614 916 1670 iustrumenta
945 1610 999 1667 in
1033 1610 1290 1686 compitis
1335 1606 1685 1687 suspendere
1715 1619 1777 1668 et
1806 1628 2180 1679 consecrare,
2213 1607 2361 1688 quod
2392 1629 2579 1688 quam-

546 1698 633 1755 vis
665 1694 798 1754 alibi
829 1694 1065 1753 relatum
1115 1714 1223 1752 uon
1270 1696 1345 1752 sit
1388 1694 1441 1752 iu
1488 1695 1669 1752 sacris
1731 1693 2125 1773 compitaliciis
2171 1695 2382 1753 factum
2428 1711 2579 1764 esse,

546 1779 692 1841 haud
736 1779 879 1840 male
922 1790 1108 1837 tamen
1156 1777 1438 1858 quadrare
1480 1777 1705 1838 videtur
1746 1799 1871 1838 cum
1919 1799 2075 1838 more
2124 1780 2269 1858 pilas
2302 1792 2364 1839 ct
2391 1781 2578 1839 laneas

546 1867 772 1944 effigies
803 1884 907 1944 pro
938 1864 1215 1923 bominum
1247 1863 1429 1922 salute
1461 1864 1672 1923 laribus
1703 1862 2082 1944 suspendendi
2116 1865 2218 1938 (cf.
2252 1864 2412 1924 Fest.
2443 1886 2492 1923 s.
2523 1884 2577 1922 v.

537 1953 706 2031 pilae
726 1953 978 2022 laneae).
1024 1949 1107 2008 Ita
1137 1949 1410 2009 Veianius
1441 1968 1594 2008 arma
1626 1947 1697 2008 ad
1727 1962 1945 2029 postem
1978 1949 2239 2008 llerculis
2271 1951 2395 2008 fixit
2424 1949 2577 2022 (Hor.

545 2036 968 2200 3332313123.
999 2034 1393 2198 ..ξῖἓῖἓῗῖῗ
1417 2055 1647 2179 iffi?
1665 2035 2318 2193 1¹1'‚¹⁸1‘s⁰='3¹.²3‘v⁸fflf³}'.⁰.‘1¹3
2349 2055 2582 2190 ῗῗῗέἔέ

549 2220 612 2267 et
651 2209 708 2266 in
754 2206 1118 2266 ruricolarum
1163 2206 1324 2264 feriis
1368 2205 1534 2264 boum
1578 2208 1711 2283 iuga
1748 2208 1859 2265 rite
1919 2206 2227 2264 solvuntur.
2315 2207 2585 2264 Serioluc

548 2292 801 2353 vinariae
849 2290 1108 2365 (Terent.
1154 2291 1357 2349 Heaut.
1403 2290 1498 2361 111,
1546 2296 1604 2362 1,
1651 2297 1755 2362 51)
1793 2302 2044 2350 veterem
2075 2292 2306 2362 limum,
2354 2293 2449 2371 qui
2493 2288 2584 2348 diu

545 2390 769 2440 servate
802 2376 1062 2436 adhaesit
1109 2375 1274 2450 (Hor.
1326 2386 1436 2435 sat.
1469 2377 1539 2449 ll,
1581 2381 1643 2448 4,
1676 2381 1781 2449 80)
1830 2378 2118 2436 deradere
2154 2387 2442 2449 metucns,
2474 2396 2586 2435 uon

547 2466 654 2525 uisi
686 2481 862 2540 aegre
894 2459 1177 2521 deradens
1207 2462 1307 2535 (cf.
1326 2461 1523 2520 Horat.
1558 2474 1663 2521 sat.
1695 2461 1767 2535 11,
1801 2466 1859 2534 5,
1892 2466 1973 2525 65
2002 2464 2305 2522 metuentis
2338 2460 2586 2521 reddere

546 2548 811 2621 eoldum),
843 2547 1113 2623 ingemit,
1148 2544 1296 2626 quod
1339 2566 1463 2605 cum
1495 2548 1711 2606 laetitia
1743 2548 2047 2607 exclamari
2079 2547 2249 2619 solet,
2281 2550 2412 2627 qnia
2441 2548 2589 2606 invi-

544 2648 636 2697 tus
665 2636 850 2693 vinum
894 2633 1132 2711 promit,
1189 2633 1318 2690 Hoc
1345 2633 1487 2691 bene
1515 2634 1613 2691 sit.
1686 2636 1844 2692 Bene
1882 2653 2009 2692 esse
2046 2652 2150 2712 pro
2191 2632 2347 2693 laute
2387 2635 2588 2692 vivere

546 2723 627 2783 cf.
666 2719 842 2778 Plaut.
891 2717 1024 2775 Cas.
1076 2716 1142 2788 ΙΙ,
1177 2722 1236 2788 3,
1267 2721 1384 2779 37:
1433 2716 1537 2776 Ubi
1585 2718 1663 2776 illi
1693 2718 1839 2777 bene
1879 2720 1952 2776 sit
1982 2719 2156 2796 liguo,
2201 2738 2346 2798 aqua
2379 2717 2588 2789 calida,

545 2807 695 2877 cibo,
739 2803 1109 2863 vestimentis.
1158 2801 1294 2860 Hor.
1342 2813 1455 2863 sat.
1499 2802 1568 2873 ΙΙ,
1611 2805 1672 2873 2,
1722 2801 1844 2865 130
1888 2823 2008 2883 sq.:
2082 2804 2241 2862 Bene
2301 2814 2431 2863 erat
2474 2825 2587 2862 non

544 2890 794 2974 piscibus
825 2888 966 2947 urbe
1012 2888 1239 2966 petitia,
1286 2886 1403 2946 Sed
1443 2886 1596 2966 pullo
1639 2900 1809 2967 atque
1855 2887 2060 2947 haedo.
2108 2885 2268 2947 Ovid.
2316 2890 2452 2947 fast.
2485 2888 2588 2959 lv,

544 2982 692 3041 399.
724 2972 937 3033 Eadem
983 2973 1390 3031 acclamatione
1434 2974 1577 3032 benc
1625 2976 1745 3032 sit!
1810 2973 2070 3032 bibentes
2118 2974 2457 3044 utebantur,
2506 2975 2586 3034 cf.

544 3063 726 3123 Plaut.
760 3059 922 3118 Pers.
953 3058 1025 3130 V,
1062 3063 1118 3128 1,
1165 3062 1270 3119 20.
1316 3057 1501 3117 Sticb.
1549 3058 1623 3130 V,
1655 3064 1716 3130 4,
1759 3063 1863 3121 27.
1893 3059 2016 3117 Tib.
2064 3057 2135 3129 ΙΙ,
2187 3065 2242 3130 1,
2275 3064 2380 3122 32.
2414 3057 2583 3119 Ovid.

543 3147 619 3209 A.
650 3147 722 3207 A.
756 3146 814 3216 Ι,
848 3147 992 3206 601.
1042 3144 1180 3201 fast.
1223 3142 1291 3215 ΙΙ,
1338 3147 1484 3205 635.
1535 3146 1752 3221 Cacpe‚
1797 3147 1891 3224 qui
1935 3155 2029 3202 est
2068 3144 2317 3221 vulgaris
2363 3155 2426 3203 et
2453 3146 2586 3205 vilis

545 3234 704 3295 cibus
738 3229 903 3306 (Hor.
950 3247 1083 3308 epp.
1132 3228 1177 3299 1,
1225 3232 1322 3299 12,
1353 3233 1500 3299 21),
1548 3230 1905 3300 tunicatum,
1938 3249 2062 3287 cum
2094 3230 2266 3308 pelle.
2340 3229 2498 3289 Idem
2531 3251 2583 3287 v.

548 3322 782 3379 tunicae
804 3334 940 3374 usus
971 3311 1117 3393 apud
1149 3313 1339 3372 Iuveu.
1371 3312 1530 3385 XIV,
1550 3318 1706 3398 ¹153,
1738 3316 1926 3372 tunica
1956 3314 2215 3393 lupinae3
2253 3313 2400 3373 Stat.
2436 3314 2579 3374 Silv.

544 3406 646 3477 lv,
678 3408 738 3474 9,
766 3405 871 3472 29,
916 3399 1208 3458 bulborum
1249 3400 1497 3458 tunicae.
1565 3398 2083 3477 Ollamsarratam
2126 3398 2403 3459 audacter
2445 3400 2587 3460 dixit

545 3491 730 3560 ollam,
762 3490 817 3546 in
857 3502 966 3565 qua
992 3482 1287 3562 sarraca,
1333 3494 1398 3542 ut
1426 3485 1504 3543 ait
1533 3484 1812 3543 Iuvenalis
1846 3484 1970 3556 (xl,
2004 3489 2170 3557 109),
2201 3486 2327 3565 puls
2356 3505 2390 3544 e
2424 3486 2583 3544 farre

545 3573 953 3656 apponebatur,
985 3570 1358 3646 agricolarum
1391 3569 1550 3628 cibus
1584 3569 1723 3642 (luv.
1756 3569 1912 3641 xlv,
1948 3575 2112 3642 171).
2188 3570 2350 3629 Hanc
2376 3575 2612 3649 puer-1⁰,-

545 3664 717 3731 servi,
750 3658 843 3738 qui
873 3672 1082 3714 summa
1113 3655 1341 3713 licentia
1369 3656 1426 3712 in
1458 3654 1566 3713 boc
1596 3656 1746 3714 festo
1778 3656 2128 3726 fruebantur,
2147 3653 2512 3735 plaudunti.
2531 3676 2583 3716 e.

546 3767 669 3807 cum
700 3746 899 3825 plausu
930 3742 1247 3819 excipiunt,
1293 3751 1355 3798 ut
1387 3738 1619 3798 Ovidius
1653 3740 1849 3810 (l'rist.
1882 3738 1982 3811 lV,
2015 3744 2075 3811 3,
2106 3745 2249 3812 49):
2327 3742 2583 3800 manibus

545 3823 1030 3908 circumplaudere
1076 3833 1328 3896 tuorum3
1376 3823 1593 3883 Statius
1641 3824 1803 3898 (Silv.
1856 3826 1935 3896 V,
1968 3829 2029 3894 3,
2063 3830 2247 3897 um:
2305 3826 2436 3886 Nec
2468 3828 2582 3886 fra·

544 3930 688 3977 trem
721 3922 920 3974 caestu
949 3907 1159 3968 virides
1188 3911 1454 3988 plausere
1486 3910 1843 3988 Therapnae.
1891 3909 2163 3972 Similiter
2192 3909 2341 3971 idem
2376 3912 2582 3986 (Theb.

545 4003 646 4075 IV,
680 4005 814 4073 11)=
859 3995 1093 4055 Bellona
1122 3993 1335 4074 plaudit
1364 4014 1562 4075 equos,
1594 3994 1739 4075 quod
1759 3996 1937 4055 scbol.
1972 3995 2252 4075 explicat:
2297 3998 2585 4076 plausibus

546 4090 781 4151 excitat.
830 4082 1094 4142 Ceterum
1140 4081 1216 4140 cf.
1249 4080 1513 4159 Calpurn.
1549 4081 1661 4141 ecl.
1700 4080 1799 4149 lv,
1847 4086 1968 4144 125
2013 4102 2135 4161 sq.:
2213 4081 2406 4162 thue
2437 4084 2584 4143 bono

348 4428 759 4644 Ἣ
