2764 4738
528 395 654 462 158
1244 397 1412 459 SAT.
1443 398 1538 473 111,
1570 402 1847 463 67—75.

524 561 778 649 periculo
817 570 1175 628 coniunctum
1204 580 1332 630 erat
1373 570 1476 642 (cf.
1520 567 1700 648 Sopb.
1744 570 1836 629 El.
1883 573 2008 632 710
2054 589 2140 649 sq.
2194 569 2275 629 ib.
2324 567 2565 640 Herm).

524 655 846 733 Diligenter
876 655 1048 732 igitur
1077 654 1488 716 observandum
1508 656 1632 728 snit,
1662 657 2570 738 metaefleoeus(metamfleceere

525 739 664 799 dicit
695 739 844 800 Stat.
878 740 1059 800 Theb.
1105 741 1204 811 Vl,
1234 746 1384 813 440)
1417 760 1568 819 qua,
1603 762 1714 820 quo
1746 741 1909 812 loco,
1939 742 2169 813 mollis,
2206 743 2379 799 minus
2408 742 2572 817 peri-

525 825 756 886 culosus
785 836 951 904 atque
984 827 1208 885 facilior
1250 826 1339 908 (nt
1367 828 1567 885 molles
1607 828 1803 885 aditus
1836 824 1982 904 apud
2017 825 2119 885 Sil.
2164 826 2228 885 It.
2263 826 2357 895 Ν,
2385 829 2569 897 489),

526 921 587 971 et
618 910 901 981 unde‚'ex
930 932 1037 990 quo
1069 912 1230 982 loco,
1279 910 1428 991 quod
1472 913 1819 989 potissimum
1866 923 1991 982 est,
2021 932 2223 972 currus
2253 909 2568 971 flectendus

526 1007 710 1057 esset.
760 996 915 1055 Haec
947 994 1019 1054 ad
1048 999 1214 1056 vitam
1234 998 1386 1056 facili
1404 1000 1826 1076 comparatione
1844 996 2231 1057 traducuntur.
2288 999 2568 1071 Quisno-

526 1083 636 1141 dus
666 1092 918 1159 argento
936 1125 957 1153 ,
1004 1092 1068 1141 nt
1112 1082 1295 1142 Lucil.
1346 1083 1380 1141 Ι.
1416 1082 1498 1143 l.=
1544 1083 1781 1155 „Virtus
1814 1089 1974 1155 (est),
2006 1081 2365 1161 quaerendae
2394 1083 2564 1141 linem

524 1168 611 1226 rei
643 1167 792 1226 scire
826 1166 1221 1247 modumque.“
1269 1170 1428 1243 Quid
1438 1165 1552 1244 sas
1579 1179 1811 1246 optare,
1845 1189 1954 1247 qua
1986 1168 2055 1228 de
2098 1188 2162 1227 re
2195 1178 2307 1227 sat.
2342 1168 2392 1227 11
2421 1169 2563 1245 agit.

522 1255 729 1330 Asper
757 1250 825 1310 de
873 1272 1091 1311 nummo
1136 1274 1313 1324 novo,
1358 1256 1452 1332 qui
1496 1252 1735 1312 nondum
1766 1252 2004 1312 detritus
2035 1264 2160 1324 est,
2203 1255 2374 1331 igitur
2401 1273 2565 1312 suum

524 1336 742 1417 pondus
772 1337 978 1410 habet,
1013 1337 1173 1397 Suet.
1198 1338 1343 1398 Ner.
1379 1343 1493 1400 44:
1549 1339 1763 1417 Exegit
1790 1341 2002 1416 ingenti
2034 1337 2263 1397 fastidio
2308 1351 2367 1399 et
2398 1358 2566 1397 acer·

523 1423 699 1483 bitate
731 1442 1008 1482 nummum
1039 1443 1323 1502 asperum.
1358 1423 1568 1485 Senec.
1601 1444 1731 1503 epp.
1763 1424 1918 1492 ΧΙΧ,
1950 1428 2018 1487 9:
2063 1424 2190 1484 Nec
2220 1425 2384 1483 voles
2416 1421 2565 1503 qnod

523 1506 708 1568 debeo
740 1509 846 1566 nisi
877 1506 930 1567 in
962 1528 1169 1588 aspero
1199 1529 1269 1568 ac
1300 1509 1476 1588 probo
1508 1512 1794 1588 accipere.
1837 1513 2085 1568 Patriae
2113 1521 2251 1569 cett.
2285 1510 2363 1568 cf.
2380 1508 2564 1568 Lucil.

523 1593 564 1653 l.
595 1592 671 1652 La
732 1592 1035 1653 Commoda
1096 1606 1398 1672 praeterea
1449 1593 1669 1674 patriae
1715 1595 1820 1654 sibi
1864 1598 2043 1674 prima
2102 1606 2300 1674 putare
2341 1593 2565 1654 Deinde

521 1689 836 1758 parentum,
867 1681 1037 1738 tertia
1068 1681 1176 1738 iam
1207 1692 1605 1760 postremaque
1636 1692 1846 1739 nostra.
1898 1683 2190 1751 Cat-isque
2206 1680 2563 1758 propinquis

522 1773 586 1823 nt
607 1763 744 1823 Hor.
774 1774 883 1823 sat.
916 1765 960 1835 1,
997 1770 1052 1836 1,
1084 1770 1188 1827 83.
1230 1768 1410 1841 Quem
1438 1776 1494 1824 te
1518 1769 1680 1825 Deus
1710 1768 1809 1839 (cf.
1841 1764 2004 1825 Lact.
2035 1764 2077 1837 1,
2111 1771 2174 1838 5)
2206 1767 2386 1825 iussit
2402 1776 2563 1824 arcte

523 1868 649 1909 cnm
692 1870 821 1929 sqq.
866 1849 1148 1928 iungenda
1193 1863 1341 1910 sunt.
1422 1854 1551 1927 Qua
1572 1862 1753 1929 parte
1795 1854 2020 1911 locatus
2057 1871 2161 1922 es,
2211 1849 2566 1927 τεταγμένος

526 1933 785 2008 (Arrian.
816 1933 952 1994 diss.
997 1935 1042 2006 1,
1074 1941 1135 2007 9,
1185 1939 1285 1998 16.
1331 1935 1605 1996 Antonin.
1641 1937 1741 2009 XI,
1773 1942 1859 2008 3),
1892 1939 1951 1996 in
1983 1956 2052 1994 re
2079 1938 2364 2004 humana,
2400 1936 2563 1994 borno

521 2021 671 2079 inter
700 2020 975 2079 homines.
1035 2020 1291 2081 Variatio
1336 2021 1621 2081 indicativi
1666 2034 1726 2082 et
1754 2023 2112 2092 coniunctivi,
2144 2041 2291 2100 quae
2322 2021 2415 2079 his
2447 2040 2559 2079 νεα.

522 2105 704 2164 locum
735 2105 925 2180 habet,
958 2126 1068 2165 non
1098 2107 1189 2166 hic
1221 2108 1400 2166 solnm
1432 2109 1732 2180 invenitur,
1763 2108 1841 2167 cf.
1871 2128 1929 2165 v.
1965 2111 2045 2169 73
2070 2128 2192 2187 sqq.
2238 2106 2285 2174 1,
2323 2109 2448 2168 126
2478 2126 2562 2184 sq.

521 2189 870 2250 Lachmann.
902 2189 973 2250 ad
1005 2191 1172 2271 Prop.
1205 2192 1248 2264 1,
1279 2197 1340 2263 2,
1373 2197 1433 2255 9.
1466 2193 1717 2252 Huscbk.
1749 2191 1821 2252 ad
1849 2192 1972 2252 Tib.
2004 2192 2046 2263 1,
2079 2197 2139 2263 7,
2172 2197 2276 2254 22.
2311 2191 2560 2267 Madvig.

521 2273 593 2334 ad
626 2275 747 2335 Cic.
784 2275 854 2335 de
887 2277 1017 2336 finn.
1048 2276 1118 2347 11,
1168 2282 1266 2348 10,
1301 2282 1405 2340 61.
1469 2281 1644 2337 Disce
1673 2299 1732 2338 v.
1769 2282 1883 2349 66,
1925 2297 2032 2337 nec
2061 2279 2330 2336 invideas
2359 2296 2445 2336 sc.
2476 2275 2561 2334 di-

521 2380 689 2421 scere
723 2361 823 2435 (cs.
855 2360 1073 2422 Lucan.
1116 2362 1185 2434 11,
1233 2368 1359 2426 550
1400 2368 1547 2444 sq.),
1591 2365 1704 2423 noli
1744 2362 1995 2424 discendi
2038 2362 2290 2423 lahorem
2334 2363 2562 2441 fugere,

522 2448 654 2526 quia
694 2445 915 2525 agendo
957 2467 1163 2508 causas
1210 2451 1507 2529 acquirere
1555 2452 1776 2528 possis,
1823 2448 1970 2509 unde
2012 2451 2189 2508 vivas.
2286 2446 2564 2507 Solebant

521 2532 758 2591 clientes
793 2552 1088 2592 causarum
1106 2538 1358 2613 patronis
1374 2535 1635 2594 victualia
1648 2536 1875 2607 afferre,
1888 2536 1964 2593 cs.
1982 2536 2097 2594 IuV.
2110 2534 2234 2605 VII,
2257 2538 2380 2596 119
2399 2554 2523 2614 sqq.
2543 2556 2560 2592 ε

521 2617 730 2691 „Quod
760 2620 918 2677 vocis
948 2621 1227 2697 pretium?
1250 2621 1438 2679 siccus
1472 2621 1865 2699 petasunculus
1897 2631 1956 2681 et
1986 2638 2086 2680 vas
2107 2618 2472 2697 pelamydum
2504 2630 2562 2679 et

517 2714 772 2775 veteres,
801 2704 1123 2763 Maurorum
1156 2706 1454 2782 epimenia,
1473 2706 1645 2776 bulbi,
1667 2706 1783 2764 Aut
1799 2708 1982 2765 vinum
2014 2705 2208 2764 Tiberi
2238 2703 2562 2774 devectum,

519 2790 762 2869 quinque
806 2789 1110 2867 lagenae.“
1147 2789 1319 2849 Mart.
1368 2791 1467 2863 IV,
1498 2794 1605 2852 46.
1653 2791 1910 2862 Fidelia,
1952 2810 2054 2853 vas
2088 2790 2368 2862 Samium,
2412 2801 2561 2849 teste

516 2872 667 2933 Non.
700 2894 748 2933 s.
780 2895 863 2945 v.,
894 2873 966 2933 ad
1007 2875 1274 2953 plurimos
1308 2896 1444 2935 usus
1490 2888 1676 2955 aptum
1710 2876 1806 2951 (V,
1858 2880 2038 2948 183),
2070 2877 2254 2934 multa
2287 2877 2560 2953 singulari

518 2978 782 3030 numero,
852 2962 945 3038 qui
1003 2961 1224 3037 singula
1272 2963 1451 3039 magis
1511 2972 1702 3034 notat,
1763 2981 1996 3041 quorum
2055 2981 2257 3037 magno
2321 2980 2560 3020 numero

517 3042 694 3105 densa
725 3044 1013 3104 multitudo
1045 3048 1309 3118 efficitur,
1342 3048 1419 3105 cs.
1451 3046 1551 3117 lv,
1582 3052 1685 3110 49.
1731 3046 1829 3119 VI,
1861 3051 1922 3108 8.
1958 3048 2075 3105 luv.
2107 3046 2206 3117 IV,
2235 3050 2342 3107 47.
2374 3045 2559 3124 Intpp.

517 3129 645 3190 Tib.
677 3129 721 3202 1,
755 3135 814 3202 3,
845 3136 964 3204 273
1004 3142 1181 3209 putet
1217 3135 1435 3210 copiam
1468 3134 1764 3211 exprimit,
1815 3153 1937 3191 cum
1969 3144 2052 3191 tot
2084 3142 2388 3192 serventur
2416 3131 2560 3191 fide-

517 3216 627 3275 liae
660 3227 718 3274 nt
749 3218 856 3274 iam
888 3226 1224 3294 putrescere
1257 3228 1316 3277 et
1364 3218 1588 3277 foetere
1620 3219 1917 3295 incipiant3
1966 3220 2025 3277 in
2055 3218 2345 3295 locuplete
2364 3236 2556 3295 penu,

515 3299 609 3360 ubi
641 3303 847 3371 omnia,
891 3321 1038 3380 quae
1080 3300 1153 3361 ad
1192 3304 1400 3362 victum
1433 3305 1748 3381 pertinent,
1799 3304 2135 3380 praesertim
2167 3303 2335 3372 talia,
2368 3304 2560 3380 qualia

515 3386 683 3446 affert
712 3385 964 3458 Persius,
996 3398 1314 3459 servantur,
1346 3389 1423 3447 cf.
1441 3390 1691 3448 Klausen
1710 3385 1856 3447 Aen.
1890 3387 1940 3447 11
1969 3409 2025 3466 p.
2045 3391 2167 3450 637
2200 3407 2323 3466 sqq.
2350 3388 2565 3446 Umbri

515 3473 665 3530 sicut
698 3472 925 3531 Etrusci
965 3474 1224 3551 pingues
1264 3485 1429 3533 erant
1471 3474 1626 3549 (Cat.
1661 3473 1932 3543 XXXIX,
1978 3479 2076 3534 11.
2121 3472 2289 3550 Virg.
2337 3471 2557 3551 Geor-g.

514 3555 583 3627 11,
617 3560 797 3629 193),
843 3566 904 3615 nt
946 3577 1020 3617 ex
1049 3560 1286 3630 statuis,
1334 3579 1480 3638 quae
1524 3560 1682 3618 cistis
1724 3560 2045 3617 mortuariis
2083 3559 2379 3635 impositae
2419 3576 2558 3617 esse

514 3641 736 3715 solent,
770 3640 1049 3722 hodieque
1092 3664 1372 3722 apparere
1401 3647 1610 3703 monuit
1639 3644 1913 3703 Mulierus
1950 3644 2203 3717 (Etrusk.
2238 3642 2262 3701 1
2291 3663 2344 3722 p.
2376 3648 2557 3713 275).

513 3729 721 3806 Piper,
754 3739 816 3787 ut
844 3726 1131 3788 adnotavit
1162 3729 1403 3789 Meister
1434 3730 1550 3801 (ub.
1584 3728 1659 3789 A.
1684 3728 1843 3787 Pers.
1879 3728 1923 3787 F
1928 3729 1965 3787 Ι.
2010 3749 2064 3806 p.
2096 3734 2200 3800 55)
2244 3748 2355 3785 non
2402 3726 2559 3787 Indi—

515 3832 638 3872 cum
674 3822 781 3884 est,
815 3811 958 3891 quod
988 3814 1241 3893 pondere
1288 3815 1616 3886 emebatur,
1654 3826 1716 3873 ut
1749 3834 1943 3873 aurum
1981 3814 2073 3874 vel
2101 3823 2417 3891 argentum,
2447 3811 2557 3872 sed

514 3898 765 3957 Italicum
811 3895 908 3957 illo
944 3900 1111 3977 longe
1148 3902 1388 3960 inferius
1441 3900 1608 3973 (Plin.
1637 3900 1760 3970 XII,
1789 3905 1850 3968 7,
1885 3905 1962 3963 14
1989 3900 2060 3958 cl.
2093 3898 2249 3968 XVI,
2280 3901 2386 3969 32,
2422 3901 2557 3967 59),

516 3981 664 4063 quod
704 3985 950 4042 Marsus
984 3987 1201 4057 cliem,
1252 3987 1345 4065 qni
1388 3997 1642 4045 veterem
1680 3986 2093 4063 simplicitatem
2135 3985 2389 4043 servavit
2441 3986 2554 4056 (cf.

512 4068 635 4129 Iuv.
669 4067 764 4141 111,
795 4072 936 4133 169.
961 4069 1114 4138 XIV,
1148 4075 1334 4149 180),
1370 4073 1557 4132 attulit
1579 4092 1705 4132 cum
1730 4089 1925 4149 perna
1943 4113 1963 4144 ,
1994 4089 2140 4149 quae
2169 4079 2230 4129 et
2256 4070 2383 4147 ipsa
2419 4070 2557 4128 sim-
