2764 4738
888 438 1055 500 SAT.
1084 440 1161 513 V,
1195 444 1414 504 149-
1437 446 1575 505 154.
2096 436 2225 506 205

172 611 463 690 (nummos
495 629 739 689 pascere
771 607 906 669 dicit
937 609 1075 670 Hor.
1110 631 1238 690 epp.
1271 610 1316 683 1,
1352 616 1450 682 18,
1478 611 1588 689 35)
1622 615 1942 689 quincunce
1966 613 2219 672 modesto

168 698 272 776 (ex
312 707 519 756 nostra
564 697 783 755 ratione
828 702 865 758 5
909 717 961 774 p.
995 705 1108 771 c.),
1155 701 1403 757 deunces
1449 699 1641 776 (uobis
1689 702 1755 759 11
1795 719 1850 775 p.
1884 699 1969 775 c)
2016 700 2219 757 avidos

171 788 260 854 (ut
305 783 537 840 avidum
582 784 783 841 foenus
823 781 1038 841 Lucan.
1082 783 1125 853 Ι,
1162 787 1305 856 181)
1361 785 1585 842 sudare
1628 793 1901 862 pergant
1937 783 2220 853 (similiter

169 887 295 926 cum
329 868 542 926 Cicero
588 873 759 939 (orat.
791 878 936 945 part.
968 872 1028 938 8,
1060 872 1167 938 28)
1214 870 1448 927 strictim
1494 878 1995 928 commemorasset
2023 877 2217 946 partes

169 963 456 1032 quatuor,
497 951 632 1011 dicit
674 953 852 1011 filius:
894 954 1086 1031 Perge
1128 955 1300 1031 igitur
1343 953 1540 1013 ordine
1584 973 1685 1013 eas
1727 954 2063 1031 explicare).
2127 952 2216 1012 De

171 1039 507 1097 centesimis
539 1058 842 1118 earumque
874 1040 1091 1097 ratione
1135 1060 1187 1096 v.
1220 1037 1382 1109 Rein,
1416 1039 1576 1098 Rom.
1610 1038 1849 1098 Privatr.
1879 1060 1934 1116 p.
1968 1042 2092 1100 308
2122 1058 2210 1117 sq.

168 1125 431 1201 Indulge
471 1125 650 1201 genio
693 1125 730 1181 i.
777 1143 831 1182 e.
879 1123 1029 1183 laute
1076 1125 1267 1193 vivas,
1314 1145 1440 1183 nam
1487 1123 1747 1205 quiequid
1777 1126 1882 1183 sibi
1915 1126 2037 1203 quis
2069 1125 2216 1183 bene

171 1209 349 1278 l'ecit,
393 1207 455 1266 id
495 1211 646 1286 genii
691 1228 864 1267 causa
896 1210 1053 1279 fecit,
1085 1229 1209 1268 cum
1243 1210 1407 1269 festis
1439 1208 1636 1269 diebus
1670 1229 1897 1288 semper
1923 1210 2092 1287 genio
2123 1227 2217 1267 sa-

169 1294 553 1365 crificaretur,
584 1294 659 1351 cf.
679 1292 815 1352 Sen.
832 1313 959 1372 epp.
992 1294 1171 1367 XCV,
1193 1299 1268 1357 41
1295 1317 1310 1352 3
1343 1294 1532 1367 „Quid
1563 1305 1649 1354 est
1680 1314 1860 1354 coena
1893 1305 2219 1372 sumptuosa

171 1379 514 1457 flagitiosius
546 1412 628 1425 —
659 1381 707 1437 si
738 1380 900 1458 quis,
946 1389 1007 1437 ut
1048 1381 1142 1437 isti
1186 1400 1479 1457 ganeones
1512 1380 1839 1461 loquuntur,
1887 1380 1993 1438 sibi
2025 1382 2130 1438 hoc
2161 1390 2220 1438 et

170 1467 346 1541 genio
379 1484 487 1523 suo
518 1468 854 1542 praestet‘?“
899 1464 1081 1525 Plaut.
1117 1464 1278 1524 Pers.
1294 1465 1363 1537 11,
1381 1469 1452 1537 3,
1478 1471 1592 1527 11:
1638 1465 1861 1537 „Genio
1893 1485 2018 1524 meo
2048 1466 2220 1524 multa

172 1550 324 1609 bona
347 1551 613 1609 saciam.“
659 1548 904 1610 Indeilla
923 1570 1171 1630 quoque:
1199 1570 1437 1627 geneum
1452 1508 1834 1639 defraudare
1862 1550 2069 1630 (Plaut.
2084 1550 2217 1609 Aul.

174 1634 271 1706 IV,
305 1639 370 1706 9,
411 1640 509 1697 14.
542 1636 678 1694 Ter.
710 1635 999 1704 Phorm.1,
1037 1642 1092 1706 1,
1125 1639 1222 1697 10.
1254 1635 1439 1695 Lucil.
1478 1638 1642 1715 frgm.
1673 1636 1887 1706 XXVI,
1925 1641 2060 1708 11),
2091 1655 2217 1694 cum

169 1740 353 1798 gemo
380 1722 742 1799 belligerare
775 1721 977 1794 (Plaut.
1009 1722 1180 1780 Truc.
1213 1721 1257 1793 Ι,
1283 1725 1343 1793 2,
1376 1726 1520 1794 81),
1553 1724 1628 1781 cf.
1660 1722 1759 1793 lV,
1790 1727 1893 1784 27.
1941 1720 2217 1780 Sermone

174 1809 434 1886 antiquo,
466 1817 615 1866 teste
649 1804 857 1865 Santra
901 1826 992 1884 ap.
1036 1805 1185 1865 Non.
1219 1825 1266 1864 s.
1298 1827 1352 1865 v.
1382 1810 1678 1884 gemalis,
1727 1807 2084 1886 appellabant
2113 1827 2218 1885 ge·-

175 1892 359 1951 niales
389 1892 669 1963 homines,
701 1889 794 1971 qui
825 1890 895 1950 ad
927 1890 1261 1950 invitandum
1293 1903 1352 1951 et
1384 1894 1593 1971 largius
1626 1891 2005 1971 apparandum
2035 1892 2217 1950 cibum

176 1979 563 2056 promptiores
595 1987 810 2048 essent,
843 1978 1207 2056 similiterque
1240 1977 1360 2037 dies
1394 1978 1536 2049 (Iuv.
1559 1977 1657 2048 IV,
1680 1979 1787 2055 66)
1817 1978 1995 2037 hiems
2030 1976 2216 2055 (Virg.

176 2062 394 2140 Georg.
446 2062 488 2132 Ι,
533 2067 656 2124 302
700 2062 775 2121 ib.
821 2063 1019 2134 Voss.)
1063 2064 1301 2140 genialis
1347 2062 1583 2133 dicitur,
1644 2084 1753 2143 quo
1798 2064 1948 2123 laute
1992 2065 2218 2122 vivitur.

183 2150 522 2227 Car-panius
562 2149 798 2218 dulcaea,
845 2147 924 2205 it'a
960 2149 1242 2217 fruamur,
1288 2159 1349 2206 ut
1387 2149 1588 2207 nullam
1626 2148 1951 2226 particulam
1995 2150 2218 2207 omitta-

178 2253 338 2304 mus,
387 2234 465 2291 cf.
506 2232 677 2292 Mart.
708 2231 968 2306 v[1‚47,
1006 2238 1116 2295 113
1159 2232 1526 2313 Fugitivaque
1572 2233 1777 2313 gaudia
1821 2254 2019 2313 carpe.
2082 2234 2217 2292 Hor.

178 2339 356 2379 earm.
393 2318 437 2389 Ι,
471 2323 569 2389 11,
600 2322 673 2380 83
707 2338 878 2398 carpe
910 2317 1075 2378 diem.
1120 2320 1401 2379 Nostrum
1428 2330 1552 2391 est,
1588 2322 1745 2399 quod
1770 2322 1916 2380 vzvz‘s
1956 2321 1993 2379 i.
2026 2339 2078 2379 e.
2125 2338 2219 2379 re-

180 2425 320 2463 vera
347 2407 464 2463 vita
498 2406 739 2477 frueris,
781 2405 856 2463 cf.
888 2404 1090 2464 Horat.
1125 2424 1298 2463 carm.
1327 2405 1423 2475 lll,
1449 2411 1553 2474 29,
1584 2411 1658 2467 41
1684 2427 1843 2485 sqq.
1885 2406 1985 2466 Ille
2018 2415 2218 2484 potens

181 2492 270 2549 sui
301 2490 630 2570 Laetusque
660 2489 859 2567 deget,
891 2492 981 2548 cui
1010 2491 1186 2549 licet
1171 2511 1224 2548 ιιι
1260 2489 1408 2549 diem
1433 2491 1697 2550 Dixisse:
1729 2493 1892 2550 Vixi·
1879 2536 1893 2561 ,
1926 2491 2016 2549 ubi
2050 2491 2222 2549 multa

181 2577 448 2655 apposuit
489 2575 800 2634 Mitscherl.
855 2577 992 2633 Fies
1033 2577 1180 2634 cinis
1223 2586 1287 2634 et
1325 2596 1523 2635 manes
1569 2586 1645 2651 (v.
1673 2575 1741 2635 ad
1775 2576 1816 2646 Ι,
1848 2580 1930 2638 36
1963 2577 2116 2655 sqq.)
2162 2585 2226 2633 et

179 2659 395 2735 sabula
413 2705 429 2731 ,
467 2672 523 2718 ut
550 2672 787 2719 vocatur
815 2663 897 2730 is,
931 2659 1001 2719 de
1033 2682 1142 2740 quo
1174 2680 1369 2719 omues
1402 2673 1661 2731 narrant,
1695 2672 1754 2720 et
1783 2661 1851 2720 de
1877 2682 1987 2740 quo
2011 2671 2219 2719 tantum

182 2758 486 2819 narratur,
533 2747 609 2804 cf.
654 2746 721 2804 Η.
757 2745 981 2804 Peerlk.
1028 2745 1098 2803 ad
1125 2746 1259 2804 Hor.
1292 2766 1465 2807 carm.
1501 2748 1543 2817 Ι,
1571 2752 1631 2815 4,
1667 2751 1763 2808 18.
1828 2749 1971 2804 Vive
2006 2765 2222 2804 memor

186 2835 322 2904 leti,
352 2829 536 2909 sugit
572 2832 758 2902 hora,
807 2832 915 2890 hoc
952 2833 1108 2909 quod
1149 2833 1354 2909 loquor·
1398 2834 1532 2890 inde
1559 2842 1684 2903 est,
1718 2833 1792 2890 cl’.
1822 2831 1957 2891 Hor.
1984 2830 2221 2901 carm.l‚

187 2922 285 2987 11,
306 2923 344 2980 7
367 2938 486 2996 sq.:
518 2916 662 2975 Dum
694 2917 998 2995 loquimur,
1032 2918 1243 2993 fugerit
1276 2916 1462 2975 invida
1488 2916 1706 2988 Aetam
1753 2915 1846 2976 ubi
1881 2918 2221 2975 seutentiam

183 3003 485 3061 illustravit
526 3001 592 3059 H.
625 3001 979 3079 Peerlkamp.
1015 3001 1263 3060 Persium
1294 3004 1545 3080 respexit
1586 3003 1959 3080 Hieronymus
1998 3008 2220 3074 (comm.

184 3089 236 3145 in
278 3107 371 3166 ep.
421 3085 491 3145 ad
525 3086 647 3145 Gal.
692 3086 785 3157 ΙΙΙ,
816 3090 854 3149 6
885 3099 922 3146 t.
952 3086 1049 3158 IV,
1085 3092 1111 3147 1
1151 3108 1205 3165 p.
1238 3092 1422 3159 314)3
1470 3088 1696 3158 „Breve
1738 3097 1828 3147 est
1871 3087 2020 3146 vitae
2059 3088 2220 3145 istius

185 3172 562 3243 curriculumr,
596 3172 703 3231 hoc
736 3174 912 3251 ipsum
962 3170 1108 3252 quod
1154 3173 1353 3253 loquor
1390 3207 1476 3217 -—
1518 3172 1587 3233 de
1623 3184 1879 3253 tempore
1918 3192 2044 3231 meo
2088 3172 2221 3229 mihi

184 3270 279 3317 aut
317 3260 534 3317 crescit
581 3269 677 3316 aut
707 3257 992 3335 deperit.“

355 3364 409 3401 v.
449 3347 801 3405 154—160.
838 3344 1084 3420 Duplici
1107 3344 1276 3401 hamo
1307 3344 1366 3401 in
1397 3344 1692 3401 diversum
1721 3344 2039 3412 scinderis,
2073 3340 2220 3421 quod

186 3430 264 3487 ait
303 3427 528 3487 Seneca
568 3426 662 3499 (de
707 3430 823 3486 vita
869 3429 1032 3486 beata
1080 3428 1191 3507 28)
1236 3430 1406 3486 vitam
1462 3430 1767 3506 propositis
1822 3427 2223 3487 diversissimis

186 3513 384 3572 scindi.
446 3511 659 3572 Eadem
704 3514 946 3591 imagine
991 3515 1163 3571 utitur
1210 3512 1534 3590 Propertius
1567 3512 1646 3586 (V
1677 3514 1816 3591 [lV],
1858 3519 1910 3584 1,
1945 3518 2055 3574 141
2092 3532 2222 3592 sq.:

184 3599 300 3670 „Et
336 3597 486 3658 bene
526 3619 650 3657 cum
692 3599 856 3657 lixum
900 3608 1089 3657 mento
1127 3597 1470 3657 discusseris
1514 3618 1711 3657 uncum
1757 3598 1872 3670 (Nil
1919 3600 2031 3657 erit
2069 3598 2222 3670 hoc),

185 3695 375 3743 rostro
409 3696 466 3743 te
498 3696 716 3763 premet
746 3704 882 3742 ansa
930 3691 1098 3742 suo.“
1147 3683 1283 3742 Utro
1318 3694 1372 3743 te
1405 3694 1634 3753 vertas,
1682 3704 1909 3762 semper
1949 3682 2223 3761 cupidita-

187 3780 290 3828 tem
350 3768 628 3828 dominam
684 3769 954 3840 habebis,
1016 3771 1310 3849 errorique
1371 3768 1649 3828 obnoxius
1707 3771 1841 3828 eris·
1913 3767 2048 3827 Seu.
2092 3788 2221 3846 epp.

187 3853 481 3925 xxxvu,
511 3859 580 3915 3:
629 3854 786 3925 „llos
818 3864 928 3913 tam
969 3874 1176 3932 graves
1205 3855 1459 3913 dominos
1497 3854 1800 3927 (affectus),
1830 3854 2106 3913 interdum
2138 3855 2223 3913 al-

187 3942 365 3999 ternis
395 3942 743 4018 imperantes
775 3938 1051 3998 interdum
1083 3941 1319 4017 pariter,
1348 3938 1573 3998 dimittit
1599 3960 1633 3997 a
1659 3950 1718 3999 te
1747 3941 2045 4017 sapientia,
2079 3959 2222 4018 quae

188 4026 309 4084 sola
347 4026 629 4104 sapientia
670 4032 831 4084 est.“
887 4024 1090 4104 Neque
1136 4044 1275 4083 vero
1320 4027 1367 4082 si
1410 4025 1586 4084 semel
1617 4025 1939 4097 obstiteris,
1970 4026 2077 4083 iam
2102 4028 2223 4084 vin-

187 4112 313 4171 cula
341 4122 513 4190 rupta
539 4129 673 4172 esse
700 4108 886 4186 (Ovid.
915 4110 1046 4171 Am.
1076 4109 1173 4182 111,
1209 4116 1305 4181 11,
1331 4113 1370 4172 3
1398 4133 1413 4169 3
1465 4109 1699 4170 Scilicet
1733 4112 1954 4171 asserui
1994 4112 2102 4169 iam
2133 4130 2222 4170 me
