2764 4738
459 398 592 474 282
935 406 1202 470 scum..
1244 405 1353 469 An
1399 406 1571 470 SAT.
1619 407 1690 480 11,
1737 412 2032 474 17—24.

641 585 740 643 17.
784 581 949 640 Heus
975 599 1091 659 age
1132 581 1441 660 responde.
1499 577 1592 640 Ad
1622 598 1854 640 avarum
1885 578 2022 640 dicit
2049 590 2223 661 poeto
2251 592 2517 643 votorum

468 666 658 725 talium
689 663 1001 726 editoremx
1056 663 1186 726 Non
1216 676 1275 725 te
1305 668 1503 746 pigeat
1532 686 1643 725 uno
1672 666 1869 725 verbo.
2041 669 2347 727 Minimum
2393 681 2515 741 est,

470 754 627 830 quod
667 753 826 810 seim
869 752 1109 823 laboro,
1158 748 1215 811 id
1261 763 1382 824 est,
1448 749 1597 832 quod
1642 762 1700 810 te
1745 752 2003 811 consulo.
2088 753 2276 813 lovem
2336 755 2518 827 illum,

469 857 633 917 quem
678 848 735 895 tu
779 837 1033 915 postulas
1079 837 1247 908 talia,
1294 837 1514 917 qualem
1548 856 1682 896 esse
1712 840 1921 916 putus?
1964 837 2273 898 excordem
2319 851 2381 899 et
2409 839 2513 900 de·

468 932 711 981 mentem
752 941 925 995 esse,
971 923 1066 1002 qui
1095 924 1408 994 assentiat,
1451 919 1508 981 id
1552 932 1678 994 est,
1722 924 1818 1002 qui
1848 925 2170 983 consentiat
2199 924 2517 985 huiusmodi

467 1007 777 1087 precibus?

643 1113 739 1171 19.
790 1111 894 1168 Vis
937 1110 1158 1168 Staio?
1228 1106 1446 1167 Nomen
1493 1108 1676 1167 fletum
1695 1150 1713 1180 ,
1759 1107 2039 1188 quomodo
2086 1130 2258 1190 supra
2304 1114 2515 1173 Nerio.

465 1193 667 1256 Aelius
706 1202 727 1235 ¹
761 1194 951 1253 Staius
982 1195 1037 1252 in
1068 1193 1300 1254 Iuniano
1333 1191 1540 1252 iudicio
1571 1203 1632 1253 et
1661 1198 1950 1254 consortio
1981 1193 2161 1269 sedit,
2214 1200 2306 1277 qni
2336 1218 2518 1277 pecu-

467 1282 612 1339 niam
644 1299 677 1339 a
710 1300 812 1340 reo
843 1291 903 1339 et
931 1290 1269 1338 accusatore
1299 1284 1561 1357 accepit,
1606 1277 1946 1360 decepitque
1991 1291 2309 1363 utrumqne.
2369 1282 2518 1343 Erat

466 1385 611 1443 ergo
639 1368 788 1425 inter
821 1365 1146 1425 notissimos
1177 1360 1359 1423 ciues.
1422 1363 1623 1423 Potest
1651 1365 1824 1444 igitur
1850 1366 2103 1445 Iuppiter
2132 1368 2221 1427 vel
2252 1368 2361 1428 hoc
2392 1389 2519 1428 me-

465 1451 577 1510 lior
603 1449 826 1510 videri?
881 1452 971 1511 An
1003 1452 1171 1509 etiam
1202 1451 1258 1508 in
1288 1450 1399 1510 hoc
1429 1447 1685 1521 dubitas,
1732 1452 1857 1531 quis
1904 1453 2085 1530 possit
2114 1452 2311 1513 melior
2339 1453 2517 1515 iudex

467 1555 633 1607 esse,
692 1536 945 1614 luppiter
981 1553 1052 1594 an
1099 1534 1330 1594 Staius?
1387 1534 1477 1594 An
1522 1533 1706 1595 adhuc
1751 1535 1972 1595 dubitas
2012 1537 2104 1596 vel
2152 1537 2311 1598 Staio
2342 1560 2518 1618 prae-

467 1641 683 1700 ponere
731 1621 960 1680 lovem?
1016 1620 1182 1698 Elige
1212 1620 1314 1679 tibi
1344 1621 1597 1699 quemvis
1640 1624 1974 1699 pessimum,
2020 1623 2110 1681 cui
2143 1622 2317 1684 duces
2349 1637 2517 1686 ante-

466 1704 782 1786 ponendum
813 1705 1001 1764 Iovem
1033 1707 1200 1765 animi
1232 1706 1505 1764 bonitate.
1559 1704 1861 1765 *Staius
1906 1718 2141 1767 antem
2199 1721 2517 1788 praetor

466 1790 875 1851 tutelarum
911 1796 939 1831 ³
967 1792 1140 1862 fuit,
1189 1789 1413 1848 Gutta
1455 1799 1529 1849 et
1558 1789 1789 1850 Albus
1817 1796 1844 1832 ³
1873 1802 1946 1851 et
1974 1798 2271 1854 caeteri
2303 1816 2515 1875 prae-

466 1877 708 1957 positi
762 1877 1088 1936 fuerunt·
1127 1872 1466 1947 indices,
1537 1876 1650 1955 qni
1725 1878 1796 1934 in
1858 1877 2168 1941 Iuniano
2223 1879 2516 1941 iudicio

467 1961 839 2040 corrupti,
888 1960 1365 2040 Oppianicum
1409 1959 1970 2021 damnaverunt.
2000 1962 2027 1990 *

636 2067 739 2125 21.
784 2065 911 2122 Hoc
939 2064 1162 2140 igitur,
1197 2082 1309 2140 quo
1340 2071 1405 2120 tu
1433 2063 1609 2123 lovis.
1663 2061 1882 2122 Sensus
1915 2075 2039 2123 est:
2074 2063 2136 2123 Si
2168 2065 2263 2125 ille
2297 2064 2517 2140 Staius,

466 2168 763 2207 comessor
794 2150 1033 2207 omnium
1065 2148 1480 2217 innocentium,
1524 2168 1632 2205 non
1677 2159 1866 2227 potest
1894 2149 2016 2208 sine
2048 2149 2337 2210 iracundia
2366 2151 2517 2212 haec

466 2253 531 2293 se
564 2233 939 2313 postulantem
972 2231 1205 2305 audire,
1248 2230 1350 2291 sed
1382 2232 1567 2290 statim
1601 2230 1769 2292 dicite
1829 2236 1878 2293 0
1904 2236 2218 2312 Iuppiter!

636 2339 740 2399 23.
786 2337 878 2396 At
915 2356 981 2396 se
1025 2355 1138 2396 non
1182 2336 1459 2414 Iuppiter
1503 2337 1754 2396 clamet?
1815 2336 2197 2397 huiuscemodi
2258 2359 2369 2398 non
2427 2339 2519 2399 in-

466 2420 762 2500 dignetur,
823 2442 934 2481 non
994 2421 1316 2481 obtestatur
1372 2422 1727 2481 maiestatem
1775 2425 2012 2482 numinis
2059 2426 2176 2496 sui,
2235 2423 2517 2485 dicendo:

469 2511 517 2567 0
556 2509 876 2586 Iuppiter?
930 2506 1009 2566 At
1051 2506 1243 2566 Staius
1289 2508 1467 2586 ipsum
1518 2507 1800 2567 invocabit
1845 2508 2071 2581 lovem,
2115 2529 2280 2589 quem
2310 2520 2369 2570 tu
2403 2531 2517 2570 non

465 2591 653 2652 credis
685 2591 915 2672 perfidia
948 2604 1041 2652 tua
1074 2593 1316 2664 moveri,
1364 2604 1425 2651 et
1465 2592 1730 2651 clamabit
1768 2604 2029 2673 tanquam
2071 2592 2141 2653 de
2172 2598 2515 2675 importuno.

461 2676 608 2738 Nam
640 2689 699 2737 et
728 2678 856 2737 mali
888 2680 1165 2749 sentiunt,
1208 2675 1336 2757 quid
1369 2688 1533 2756 turpe
1566 2689 1627 2737 et
1654 2679 1933 2738 nefarium
1965 2680 2068 2750 sit,
2111 2692 2169 2738 et
2200 2701 2519 2760 aspernan-

463 2774 593 2835 tur,
640 2762 734 2822 ubi
778 2765 1024 2843 ipsorum
1067 2764 1215 2823 nulla
1247 2763 1460 2821 utilitas
1504 2773 1612 2822 est.
1671 2763 2018 2824 Referuntur
2046 2775 2234 2825 autem
2266 2760 2411 2828 haec
2443 2765 2517 2826 ad

463 2860 626 2920 vota,
672 2869 817 2928 quae
866 2847 937 2908 ad
970 2850 1134 2908 funus
1167 2849 1348 2927 patrui
1382 2859 1442 2907 et
1474 2849 1663 2927 pupilli
1695 2850 1999 2928 pertinent.
2059 2850 2277 2911 Sensus
2323 2864 2516 2913 autem

464 2944 587 2995 est:
619 2933 737 2994 Iovi
769 2955 882 2993 non
911 2934 1172 2994 videatur
1200 2936 1608 3013 importunum,
1640 2932 1787 3015 quod
1822 2933 1980 2994 Staio
2012 2935 2278 2997 videtur?

634 3041 736 3098 24.
781 3036 1091 3112 Ignovzlsse
1113 3047 1302 3113 putas
1319 3080 1343 3108 ,
1379 3039 1540 3115 quia.
1586 3036 1677 3096 An
1709 3047 1872 3115 putas
1902 3036 2092 3097 lovem
2123 3040 2345 3097 veniam
2377 3058 2518 3117 pro-

463 3133 719 3181 secutum
751 3121 1008 3201 petitioni
1038 3132 1192 3192 tuae,
1223 3123 1350 3200 quia
1384 3132 1440 3180 te
1472 3120 1707 3181 necdum
1742 3122 1950 3180 fulmen
1983 3123 2266 3202 perculit?
2300 3122 2518 3183 Nescis

462 3206 784 3267 dilutionem
827 3226 938 3264 non
984 3225 1118 3265 esse
1164 3207 1220 3264 in
1265 3210 1546 3285 poenam?
1606 3205 1824 3277 Crede,
1873 3205 2065 3267 ditatio
2109 3208 2348 3288 periculi
2378 3208 2521 3269 illud

462 3292 609 3374 quod
642 3295 926 3364 imminet,
955 3292 1187 3369 gravius
1220 3293 1390 3364 facit,
1422 3304 1483 3351 ut
1513 3294 1593 3350 ait
1623 3292 1904 3352 luvenalis
1924 3296 1987 3351 ⁴:

967 3396 1116 3436 cura
1141 3379 1431 3454 graviore
1465 3380 1706 3437 timetur

791 3465 1073 3523 Proxima
1107 3473 1445 3541 tempestas-

458 3550 668 3608 Aliter.
744 3547 918 3607 Putes
964 3548 1062 3607 tibi
1107 3548 1296 3608 Iovem
1339 3550 1563 3608 veniam
1606 3546 1870 3621 dedisse,
1929 3550 2061 3629 quia
2104 3553 2316 3610 tonitru
2357 3552 2521 3611 facto

463 3635 826 3693 fulminantur
853 3633 1091 3694 arbores
1122 3635 1316 3706 ocius,
1347 3654 1512 3714 quam
1544 3644 1602 3692 tu
1650 3644 1710 3694 et
1741 3632 1936 3694 domus
1968 3638 2106 3694 tua?

465 3820 488 3870 1
528 3819 686 3870 Alius
709 3817 830 3871 Vin.
872 3819 953 3870 Cf.
984 3819 1094 3871 Cic.
1121 3821 1269 3872 Brut.
1299 3818 1387 3878 68,
1414 3821 1535 3872 241.
1566 3836 1612 3886 p.
1644 3819 1856 3871 Cluent.
1884 3821 1972 3882 26,
2002 3821 2087 3872 7⁰.

461 3891 496 3944 2
599 3893 758 3939 actor
794 3889 1091 3939 hatelarim
1127 3891 1207 3941 ed.
1250 3904 1326 3954 pr.
1382 3888 1465 3938 cf.
1509 3886 1747 3939 Gothosr.
1789 3891 1852 3941 ad
1892 3890 2005 3940 cod.
2037 3889 2233 3941 Theod.
2263 3890 2283 3941 1
2312 3907 2360 3955 p.
2392 3893 2520 3945 361.

575 3973 754 4021 rgmm.
782 3956 956 4009 Vatic.
988 3958 1088 4010 232
1117 3975 1163 4022 p.
1198 3957 1283 4009 56.
1309 3958 1413 4010 244
1443 3973 1492 4022 p.
1515 3958 1584 4008 58
1600 3957 1671 4009 M.
1704 3964 1862 4011 tutor·
1876 3959 2218 4027 pupilla-&u
2242 3966 2371 4012 cett.

462 4026 494 4078 3
527 4025 729 4077 Bulbus
755 4026 875 4078 Cos.
905 4027 970 4076 cl.
1002 4027 1111 4077 Cic.
1141 4026 1295 4079 Verr.
1320 4025 1387 4088 11,
1413 4026 1502 4088 32,
1532 4027 1615 4080 78.

468 4097 498 4147 4
535 4093 642 4146 Inv-
683 4093 830 4159 xm,
866 4095 968 4150 227
995 4112 1071 4162 sq.
