2764 4738
100 4118 308 4294 Γ

507 405 590 472 84
1224 401 1392 462 SA'r.
1426 401 1468 474 Ι,
1497 403 1574 463 21
1609 430 1696 444 ·-
1724 399 1828 458 26.

512 581 600 638 nis
631 596 856 638 sensum
887 576 1166 646 excitent,
1196 575 1356 634 cuius
1388 567 1558 631 sedes
1590 561 2157 633 lumbz'babebantur,
2187 554 2337 618 unde
2378 554 2467 616 de
2498 575 2576 615 re

516 665 680 722 simili
723 662 999 722 Iuvenalis
1046 659 1168 733 (VI,
1214 662 1340 721 314
1379 661 1531 736 sq.):
1602 654 1747 714 tibia
1793 649 2015 710 lambos
2052 647 2276 705 meant.
2351 644 2578 700 Versu

518 750 763 809 tremulo
792 749 829 805 i.
863 766 916 807 e.
950 744 1280 815 libidinoso,
1310 742 1487 803 verbo
1533 759 1568 799 a
1608 737 1907 797 saltatione
1938 746 1997 793 ut
2035 729 2261 791 videtur
2288 725 2578 787 desumto

521 835 622 903 (cf.
655 834 768 892 Iuv.
800 831 901 904 XI,
936 836 1077 893 164.
1123 829 1373 889 Martial.
1421 826 1555 886 XIV
1556 868 1574 897 ,
1604 827 1730 886 203
1772 831 1834 881 et
1872 837 2099 879 versum
2130 815 2311 893 ignoti
2341 822 2577 891 poetae

521 918 664 999 apud
706 918 856 977 Mar.
899 917 1052 976 Vict.
1093 913 1166 974 A.
1198 933 1290 992 gr.
1325 912 1406 972 IV
1446 932 1499 990 p.
1532 913 1701 972 2602
1748 906 1850 965 P.=
1919 904 2219 962 Tremulus
2248 898 2410 977 quod
2433 915 2582 955 esse

526 1006 716 1062 Gallis
749 1003 970 1060 habiles
988 1010 1211 1079 putant
1237 999 1478 1070 modos),
1510 996 1737 1063 intima,
1789 993 1844 1051 in
1876 989 2075 1068 quibus
2116 985 2335 1044 habitat
2362 981 2581 1052 libido,

520 1090 892 1166 scalpuntur,
920 1083 1066 1165 quod
1094 1106 1149 1143 v.
1182 1082 1252 1142 de
1297 1079 1451 1141 molli
1495 1080 1813 1138 titillatione
1842 1082 2179 1151 usurpatur,
2223 1070 2303 1128 cf.
2345 1066 2582 1126 Senee.

521 1193 614 1251 ep.
647 1171 880 1243 LXXV,
914 1179 951 1232 5
996 1190 1051 1249 p.
1082 1174 1207 1232 262
1242 1167 1467 1228 δοίην..
1526 1162 1672 1238 Quid
1716 1179 1886 1220 aures
1918 1176 2075 1217 meas
2115 1156 2386 1233 scalpis?
2432 1150 2583 1232 quid

523 1254 825 1318 oblectas?
869 1255 1133 1315 Ceterum
1166 1252 1542 1327 Quintilianus
1587 1266 1810 1329 quoque
1840 1243 1978 1303 dicit
2008 1242 2104 1315 (V,
2138 1244 2239 1312 12,
2269 1242 2406 1310 20),
2442 1239 2585 1296 eius

524 1342 791 1487 temlporis
822 1341 1206 1419 eloquentiam
1245 1338 1607 1397 libidinosam
1631 1332 1910 1410 resupina
1936 1329 2230 1406 voluptate
2257 1323 2586 1383 auditoria

523 1447 629 1508 pro
670 1446 780 1485 ari.

697 1532 752 1569 v.
783 1513 866 1572 22
897 1528 987 1589 sq.
1041 1509 1310 1578 Vemlns,
1350 1517 1415 1565 ut
1444 1505 1693 1564 Passow.
1739 1498 2175 1567 demonstravit,
2216 1513 2346 1553 enm
2390 1494 2590 1571 signi-

529 1597 695 1666 licat,
738 1596 831 1674 qui
862 1594 1183 1654 effeminato
1227 1590 1446 1651 vivendi
1493 1609 1648 1649 more
1691 1584 2121 1662 libidinibusque
2166 1590 2297 1639 ante
2344 1589 2589 1657 tempus

530 1690 831 1740 enervatus
875 1689 935 1738 et
980 1697 1162 1737 senex
1204 1675 1390 1738 factus
1434 1686 1560 1746 est,
1600 1674 1678 1733 cf.
1709 1672 1941 1731 Petu-on.
1968 1673 2087 1730 282
2147 1664 2392 1725 deliciae
2426 1666 2591 1734 eius,

524 1784 684 1844 puer
711 1766 954 1823 vetulus.
1015 1762 1260 1821 Martini.
1293 1762 1336 1832 Ι,
1368 1766 1473 1829 41,
1509 1764 1586 1822 13
1617 1758 1795 1817 bucca
1827 1755 2011 1813 vetuli
2034 1751 2282 1811 cinaedi.
2343 1750 2587 1809 Aur-ic.

532 1851 665 1909 coll.
694 1869 807 1908 esc.
849 1850 928 1907 cf.
961 1848 1182 1907 Aeliau.
1215 1847 1289 1905 V.
1321 1847 1391 1906 fl.
1432 1845 1525 1916 111,
1585 1850 1611 1906 1
1664 1837 2025 1918 Κατᾴδουσι
2062 1835 2129 1894 δὲ
2168 1834 2273 1894 καὶ
2320 1829 2593 1914 ὄρνιθες

531 1967 614 1979 -
643 1932 747 1992 καῖ
769 1932 1041 1991 ἑστιῶσιν
1076 1920 1141 1990 εὖ
1172 1928 1333 2008 μάλα
1360 1925 1470 1998 τὰς
1496 1924 1705 1997 ἀκοάς.
1750 1928 1897 1984 Cute
1915 1923 2191 2002 perditus
2220 1917 2593 1998 hydropicus

533 2023 643 2090 est,
673 2019 728 2077 in
760 2038 869 2097 quo
899 2017 1124 2075 morbus
1154 2020 1261 2075 iam
1294 2014 1622 2073 insanabilis
1654 2020 1903 2072 tumente
1947 2019 2077 2067 cute
2108 2005 2339 2084 patefit,
2371 2004 2455 2062 ef.
2490 2002 2595 2074 111,

536 2106 637 2166 63.
670 2106 770 2165 95.
817 2100 878 2161 Id
907 2103 998 2160 bic
1029 2101 1358 2160 translatum
1391 2109 1482 2159 est
1513 2096 1582 2156 ad
1615 2115 1883 2156 summum
1929 2093 2097 2152 animi
2129 2101 2191 2150 et
2217 2087 2411 2148 iudicii
2448 2108 2597 2168 per-

532 2188 888 2247 versitatem.
938 2187 1093 2245 Olte!
1123 2187 1203 2245 cf.
1238 2185 1380 2244 Hor.
1419 2183 1540 2242 Sat.
1573 2183 1640 2252 11,
1674 2186 1732 2254 5,
1764 2184 1847 2244 96
1880 2199 2005 2258 sq.:
2038 2177 2398 2254 Importunas
2431 2184 2599 2231 amat

536 2270 773 2341 laudari,
803 2270 1016 2331 donec:
1068 2272 1186 2329 Olee
1215 2272 1377 2328 iam!
1422 2267 1493 2327 ad
1524 2268 1738 2327 caelum
1770 2264 2025 2325 manibus
2069 2261 2307 2319 sublatis
2351 2258 2596 2318 dixerit.

538 2356 628 2416 cf.
658 2356 704 2432 1,
737 2360 796 2428 5,
832 2361 932 2419 12.
964 2355 1209 2415 Martial.
1240 2354 1338 2427 IV,
1369 2358 1474 2426 89,
1509 2360 1567 2416 1.

705 2461 764 2500 v.
799 2445 884 2504 24
913 2460 1002 2521 sq.
1065 2440 1436 2502 Fermentum
1480 2440 1719 2498 farinam
1767 2446 2107 2512 turgescere
2138 2431 2281 2490 facit
2324 2425 2600 2486 tandem-

541 2544 651 2606 que
682 2527 905 2604 rumpit,
935 2527 1013 2584 cl'.
1056 2525 1198 2584 Plin.
1243 2523 1449 2596 XVIII,
1500 2529 1598 2595 11,
1641 2524 1759 2594 263
1807 2518 1976 2600 idque
2020 2515 2093 2576 ad
2139 2517 2385 2575 animum
2428 2514 2603 2571 varie

539 2610 908 2680 transfertur,
939 2611 1019 2669 cf.
1068 2610 1301 2688 Rupert.
1351 2607 1424 2667 ad
1454 2608 1574 2667 Ιιιν.
1609 2606 1702 2677 111,
1751 2609 1896 2667 187.
1973 2601 2308 2681 Caprfficus
2340 2599 2397 2655 in
2433 2617 2603 2657 com-

541 2695 799 2753 missuris
832 2713 1092 2753 saxorum
1125 2705 1303 2764 ortus,
1336 2705 1537 2771 postea
1569 2690 1695 2750 dum
1727 2692 1973 2759 crescit,
2018 2692 2144 2766 ipsa
2186 2703 2332 2744 saxa
2379 2679 2605 2741 ‹lirum-

541 2780 658 2857 pit,
687 2799 742 2836 ν.
794 2777 929 2837 Sen.
974 2789 1218 2858 quaestt.
1265 2788 1379 2836 nat.
1427 2776 1499 2849 ΙΙ,
1542 2781 1601 2839 6.
1646 2775 1771 2834 luv.
1804 2774 1880 2846 X,
1932 2776 2072 2835 146.
2119 2770 2291 2830 Mart.
2323 2768 2407 2840 X,
2437 2772 2507 2839 2,
2539 2772 2603 2829 9.

542 2861 674 2922 Isid.
710 2863 866 2940 Orig.
897 2862 1077 2935 xvn,
1109 2867 1167 2926 6.
1204 2860 1399 2922 Sebol.
1450 2862 1586 2921 Hor.
1620 2858 1786 2938 epod.
1819 2859 1893 2930 V,
1931 2864 2028 2920 17.
2085 2858 2266 2916 Iecur
2290 2850 2483 2931 rumpi
2517 2851 2608 2911 di-

544 2948 724 3017 citur,
771 2949 898 3026 quia
939 2949 1102 3006 iecur
1144 2948 1387 3027 antiquis
1430 2945 1601 3005 sedes
1630 2945 1797 3002 animi
1839 2955 1901 3003 et
1940 2943 2241 3002 affectuum
2272 2938 2612 2997 habebatur

548 3033 648 3103 (cf.
681 3031 858 3109 Intpp.
904 3031 1043 3090 Hor.
1089 3052 1262 3090 canu.
1305 3032 1350 3102 Ι,
1386 3035 1489 3104 13,
1520 3037 1580 3092 4.
1628 3029 1889 3106 Bottiger
1934 3026 2106 3086 Ideen
2148 3026 2197 3085 ΙΙ
2243 3045 2300 3103 p.
2345 3026 2478 3085 464
2516 3042 2607 3102 sq.

545 3115 748 3193 Kopke
779 3118 834 3173 in
867 3115 1149 3175 Zeitschr.
1195 3118 1236 3175 f.
1281 3114 1355 3175 A.
1391 3116 1492 3174 W.
1525 3135 1578 3174 a.
1624 3117 1790 3176 1837
1821 3134 1877 3171 n.
1926 3116 2055 3186 56),
2088 3109 2239 3170 unde
2271 3108 2347 3179 V,
2387 3111 2514 3169 129
2547 3109 2609 3165 in

548 3202 739 3257 iecore
768 3219 954 3275 aegro
986 3211 1314 3260 nascuntur
1347 3202 1587 3271 domini,
1622 3209 1683 3258 ut
1715 3198 1768 3256 b.
1803 3198 1840 3256 Ι.
1873 3199 2080 3257 innata
2119 3205 2212 3253 est
2252 3193 2611 3271 capnficas.

718 3305 770 3341 v.
802 3287 885 3346 26
917 3304 1002 3364 sq.
1034 3287 1269 3344 Pallet-e
1296 3286 1351 3343 in
1381 3305 1489 3344 usu
1503 3295 1596 3344 est
1610 3283 1680 3342 de
1694 3280 1923 3341 assiduo
1955 3279 2305 3340 eruditorum
2325 3290 2389 3336 et
2403 3289 2612 3355 poeta·

550 3387 669 3426 rum
704 3366 909 3437 studio,
952 3370 1032 3428 cf.
1081 3391 1136 3429 v.
1190 3373 1331 3431 124.
1376 3368 1473 3439 ΠΙ,
1520 3374 1621 3431 85.
1654 3368 1770 3427 Iuv.
1803 3367 1929 3437 Vll,
1961 3369 2065 3428 97.
2100 3366 2291 3437 Quint.
2324 3363 2370 3434 Ι,
2402 3367 2470 3432 2,
2510 3366 2612 3423 18.

551 3451 673 3521 VII,
710 3456 807 3521 10,
842 3458 941 3514 14.
975 3453 1234 3513 Martian.
1283 3454 1422 3532 Cap.
1472 3455 1517 3526 Ι,
1553 3459 1651 3526 13,
1682 3457 1762 3514 3:
1838 3451 2323 3511 lucubrationum
2372 3449 2616 3506 nescire

542 3537 849 3614 pallorem.
931 3540 1166 3598 Senium
1208 3539 1491 3616 significat
1534 3558 1738 3608 curas,
1784 3556 1932 3616 qnae
1979 3536 2265 3596 hominem
2313 3533 2617 3610 frangunt,

552 3620 630 3678 cf.
662 3621 759 3690 VI,
795 3624 891 3683 16.
935 3621 1153 3682 Auson.
1198 3621 1277 3682 ld.
1320 3623 1419 3696 IV,
1471 3630 1583 3685 14:
1630 3624 1819 3682 trzktzk
1849 3622 2032 3680 senio.
2079 3620 2221 3679 Hor.
2258 3637 2395 3695 epp.
2428 3617 2475 3689 Ι,
2516 3622 2619 3688 18,

552 3709 667 3802 47:
716 3705 1063 3765 inhumanae
1079 3710 1300 3767 sem'um
1314 3710 1535 3786 depone
1560 3710 1872 3766 Camenae.
1925 3709 2220 3765 Omores!
2263 3702 2621 3762 celebratis-

554 3787 1019 3887 sima-Ciceronis
1064 3813 1173 3852 vox
1220 3794 1296 3863 (in
1344 3792 1471 3851 Cat.
1503 3794 1546 3866 Ι,
1582 3799 1639 3865 1,
1669 3796 1709 3852 2
1752 3793 1807 3849 in
1840 3790 2015 3851 Verr.
2061 3788 2159 3860 IV,
2192 3792 2300 3859 25,
2334 3791 2486 3857 56),
2535 3785 2619 3847 cf.

552 3869 797 3929 Mffl’tffil·
828 3871 929 3945 IX,
974 3881 1076 3937 70.
1134 3911 1218 3922 -
1297 3878 1487 3955 Usque
1528 3879 1750 3936 adeone
1777 3876 1855 3935 cf.
1890 3876 2055 3934 Cort.
2102 3872 2179 3932 ad
2210 3872 2356 3931 Luc.
2389 3872 2434 3944 Ι,
2469 3873 2621 3934 366.

554 3986 642 4053 -.-
679 3953 905 4054 ’Lauda
949 3959 1092 4021 baec
1138 3961 1328 4035 Quint.
1384 3962 1449 4034 (I.
1499 3964 1566 4022 0.
1596 3963 1698 4034 ΙΧ,
1744 3966 1805 4031 3,
1836 3964 1945 4033 42)
1990 3970 2056 4018 ut
2084 3958 2411 4035 exemplum
2441 3959 2626 4014 itera-

557 4049 725 4096 tionis
770 4041 1068 4104 verborum
1110 4047 1494 4106 crebrioribus
1540 4046 2009 4107 declinationibus
2056 4053 2353 4113 mutatae,
2415 4040 2626 4101 Lucilii
