2764 4738
485 425 615 491 218
650 520 656 528 ἰ
1180 427 1349 488 SAT.
1388 427 1487 500 vl,
1518 430 1794 489 25-28.

657 620 712 657 v.
742 601 1017 660 25—33.
1063 599 1260 658 Messe
1299 608 1467 657 tenus
1496 574 1924 677 proprt’tz‘vt've
1958 597 2049 655 ita
2090 594 2314 656 videtur
2354 597 2544 675 expli-

490 682 758 753 candum,
816 693 876 741 nt
920 703 1101 742 messe
1142 685 1396 762 propria
1442 686 1572 742 vive
1631 686 1926 760 iungatur,
1983 701 2255 741 consume
2315 684 2542 740 fructus

490 789 751 847 agrorum
796 779 1016 827 tuorum
1036 812 1054 838 ,
1113 771 1203 828 cui
1246 768 1525 828 adiectum
1583 781 1670 827 est
1721 767 1978 829 adverbii
2022 768 2151 826 loco
2205 779 2413 838 tenus,
2478 779 2544 825 ut

492 856 875 933 significetur,
908 874 1083 934 usque
1110 853 1182 912 ad
1212 855 1410 925 finem,
1443 853 1627 933 quoad
1660 864 1980 932 suppetunt.
2027 853 2185 925 Quae
2216 855 2363 911 ratio
2395 873 2541 912 sane

490 941 828 999 insolentior
857 950 981 1011 est,
1027 959 1211 1018 neque
1244 960 1369 997 eam
1402 941 1527 997 aliis
1560 939 1699 997 locis
1731 939 1895 1018 plane
1927 940 2370 1016 congruentibus
2399 958 2543 996 con-

492 1026 714 1083 firmare
748 1045 990 1103 possum.
1055 1024 1323 1084 Similiter
1353 1035 1540 1084 antem
1571 1023 1775 1083 dictum
1807 1022 2031 1082 videtur
2060 1022 2206 1102 apud
2238 1023 2540 1101 Virgilium

493 1113 663 1184 (Aen.
688 1111 894 1182 1‚737)
926 1130 1146 1192 summo
1175 1121 1344 1169 tenus
1379 1113 1592 1185 attigit
1617 1130 1756 1181 ore,
1792 1110 1883 1167 ubi
1916 1108 1987 1167 ad
2018 1108 2072 1166 id
2104 1108 2254 1189 quod
2285 1110 2541 1166 sufficie-

492 1197 589 1255 bat
616 1215 834 1254 summo
873 1197 1083 1272 attigit
1122 1216 1225 1255 ore
1264 1193 1506 1254 additum
1539 1205 1628 1253 est
1659 1205 1827 1253 tenus
1857 1191 1926 1252 ad
1959 1195 2121 1252 finem
2156 1195 2401 1253 ultimum
2433 1216 2543 1252 no-

491 1280 740 1340 tandum.
790 1281 929 1339 Eum
961 1292 1148 1340 autem
1180 1302 1235 1339 v.
1268 1292 1439 1340 tenus
1467 1297 1659 1351 usum,
1703 1300 1812 1359 quo
1843 1301 1953 1338 non
1985 1280 2150 1339 finem
2184 1280 2396 1348 solnm,
2436 1299 2542 1338 ve-

492 1387 614 1426 rum
659 1386 853 1425 earum
901 1385 1087 1425 rerum
1133 1367 1343 1427 seriem
1390 1367 1705 1443 significat,
1775 1385 1882 1444 per
1924 1385 2065 1444 quas
2109 1367 2235 1444 quis
2266 1364 2337 1423 ad
2369 1366 2540 1423 finem

492 1454 785 1532 pervenit,
830 1454 1047 1510 notavit
1088 1454 1257 1511 etiam
1301 1450 1368 1509 G.
1417 1451 1490 1511 D.
1541 1451 1770 1526 K(oler)
1816 1454 1871 1509 in
1921 1450 2114 1509 Wotfii
2145 1450 2338 1508 Anall.
2370 1449 2453 1507 lv
2483 1471 2540 1526 p.

492 1542 612 1600 341
650 1556 733 1616 sq.
756 1580 773 1606 ‚
821 1548 882 1595 et
927 1537 1110 1595 attulit
1154 1538 1329 1595 Curtii
1362 1536 1541 1595 locum
1575 1534 1747 1609 (VIII,
1783 1541 1883 1607 14,
1914 1539 2014 1605 9):
2061 1538 2254 1595 Pauci
2286 1536 2541 1593 hostium

497 1634 666 1682 tenus
709 1624 913 1680 exacte·
942 1631 1332 1701 penetravere
1370 1623 1454 1680 ad
1491 1624 1745 1693 Porum,
1793 1622 1832 1679 i.
1863 1641 1916 1679 e.
1960 1622 2037 1678 ita
2068 1633 2128 1678 ut
2158 1640 2265 1699 per
2294 1621 2542 1679 hostium

494 1718 668 1776 totam
699 1709 880 1766 aciem
910 1717 1359 1785 perrumperent.
1419 1706 1509 1765 Ex
1538 1707 1757 1784 vulgari
1788 1717 1973 1765 autem
2004 1704 2417 1784 interpretandi
2447 1725 2544 1764 ras

496 1795 670 1865 tione,
719 1804 782 1851 ut
810 1793 1156 1870 significaret
1188 1812 1370 1870 usque
1401 1794 1484 1851 ad
1501 1793 1812 1870 propriam
1841 1811 2076 1851 messem
2103 1793 2269 1862 vive,
2302 1793 2539 1869 primum

496 1877 628 1938 illud
672 1881 803 1937 vive
844 1879 950 1936 hoc
990 1878 1209 1957 quidem
1257 1879 1384 1936 loco
1429 1879 1608 1936 minus
1649 1889 1781 1954 apte
1828 1879 2065 1956 positum
2098 1887 2291 1946 esset,
2337 1888 2451 1934 tum
2485 1897 2541 1935 v.

488 1965 744 2043 propria
791 1982 1017 2023 sensum
1066 1984 1173 2022 non
1221 1964 1500 2033 baberet,
1544 1961 1785 2041 denique
1819 1965 2098 2021 sententia
2132 1983 2242 2020 non
2274 1974 2406 2040 apte
2438 1982 2544 2020 ex·

496 2069 699 2128 pressa
742 2060 916 2108 esset.
974 2048 1123 2109 Nam
1174 2047 1321 2128 quod
1365 2050 1446 2106 ita
1490 2050 1543 2106 in
1594 2068 1664 2106 ea
1707 2050 2026 2128 primarium
2061 2059 2198 2118 est,
2243 2068 2428 2124 usque
2465 2050 2549 2106 ad

497 2154 731 2193 messem
752 2177 770 2204 ,
804 2133 859 2192 id
889 2155 974 2193 vs.
1006 2139 1089 2196 26
1122 2134 1328 2193 dictum
1361 2144 1486 2192 est:
1532 2151 1710 2204 occa,
1753 2144 1816 2192 et
1840 2153 2009 2211 seges
2040 2135 2236 2192 altera
2267 2135 2326 2191 in
2358 2134 2544 2191 herba

495 2230 605 2291 est,
641 2221 825 2298 ibique
858 2232 1018 2278 recte
1051 2231 1110 2279 et
1140 2230 1305 2298 apte,
1338 2217 1487 2297 quod
1519 2238 1655 2297 prae
1687 2221 1897 2277 ceteris
1928 2216 2351 2298 exprimendum
2385 2229 2543 2277 erat:

503 2306 680 2364 Utere
706 2307 943 2384 paratis
963 2349 982 2376 ,
1016 2307 1070 2363 id
1103 2325 1211 2363 non
1246 2306 1352 2363 nisi
1384 2305 1627 2363 obscure
1660 2305 2029 2382 significatum
2065 2305 2290 2362 fuisset.
2352 2304 2546 2377 Quare

497 2391 679 2449 altera
712 2392 805 2448 illa
838 2389 1155 2469 explicandi
1188 2393 1278 2449 via
1324 2388 1747 2467 ingrediendum
1792 2389 2106 2449 videbatur.
2167 2390 2426 2469 Amplius
2473 2410 2547 2448 ea

498 2478 782 2535 sententia
829 2477 1144 2554 explicatur
1188 2474 1412 2534 addito:
1464 2486 1527 2533 et
1562 2479 1863 2552 granaria
1905 2476 2001 2549 (V,
2051 2479 2232 2547 110),
2270 2473 2386 2553 sas
2430 2487 2544 2545 est,

498 2562 680 2620 emole
701 2605 718 2631 ,
753 2562 1021 2630 exhauri,
1055 2563 1392 2620 frumentum
1424 2559 1684 2619 molendo
1715 2562 1767 2618 in
1803 2581 1960 2619 usum
1993 2564 2164 2620 vitae.
2231 2563 2394 2636 Quid
2429 2581 2547 2618 me-

501 2649 667 2706 tuis?
712 2644 851 2705 Sine
899 2646 1273 2705 sollicitudine
1304 2649 1375 2704 iis
1408 2648 1487 2704 uti
1517 2657 1717 2724 potes;
1766 2665 1944 2717 occa,
1993 2666 2187 2723 agrum
2231 2657 2382 2704 tuum
2416 2648 2547 2705 cole

502 2732 666 2805 (Hor.
700 2752 826 2810 epp.
869 2730 937 2801 11,
968 2737 1028 2802 2,
1066 2736 1219 2794 161:
1267 2732 1406 2790 Cum
1449 2742 1683 2809 segetes
1728 2743 1895 2790 occat
1944 2733 2041 2790 tibi
2086 2752 2214 2790 mox
2263 2732 2549 2790 frumenta

499 2818 758 2889 datura),
791 2827 851 2875 et
870 2838 1043 2895 seges
1072 2821 1266 2877 altera
1298 2819 1356 2875 in
1391 2816 1577 2875 herba
1606 2826 1731 2891 est,
1766 2817 1864 2874 tibi
1897 2828 2150 2876 veterem
2191 2818 2549 2875 consumenti

500 2904 846 2970 succrescit,
880 2924 1004 2961 nam
1039 2904 1374 2962 frumentum
1406 2905 1460 2960 in
1490 2902 1667 2960 herba
1696 2905 1817 2961 sive
1846 2905 1900 2959 in
1934 2902 2125 2960 herbis
2156 2921 2289 2960 esse
2319 2901 2547 2973 dicitur,

498 2986 646 3067 quod
674 2989 907 3047 virescit
938 2987 1171 3047 necdum
1204 2990 1411 3046 aristas
1445 2990 1806 3065 procreavit,
1855 2989 1931 3046 cf.
1966 2987 2102 3044 Plin.
2136 2987 2206 3045 H.
2237 2987 2308 3045 N.
2336 2988 2549 3053 xvttl,

502 3080 562 3143 7,
597 3077 693 3143 10,
729 3079 827 3134 52.
862 3074 1023 3151 Virg.
1054 3073 1269 3150 Georg.
1298 3073 1342 3141 Ι,
1376 3076 1517 3133 112.
1548 3071 1671 3131 Tib.
1702 3073 1770 3141 Il,
1811 3078 1866 3142 1,
1901 3077 2001 3135 19.
2040 3071 2201 3132 ovid.
2230 3072 2369 3131 Met.
2397 3072 2550 3141 vlu,

501 3164 649 3221 289.
687 3159 758 3229 V,
786 3164 930 3221 482.
977 3159 1132 3217 Fast.
1168 3159 1264 3226 tv,
1298 3162 1443 3227 645,
1491 3161 1663 3236 intpp.
1710 3157 1834 3217 Liv.
1869 3159 2056 3227 XXV,
2108 3162 2208 3227 15.
2244 3162 2347 3220 18.
2414 3156 2547 3216 lude

501 3243 573 3302 ad
605 3264 761 3322 spem
795 3246 1165 3314 transfertur,
1197 3244 1394 3302 Front.
1426 3263 1556 3321 epp.
1589 3242 1660 3302 ad
1689 3243 1824 3301 Ant.
1857 3246 1991 3321 imp.
2022 3244 2066 3314 l.
2094 3248 2131 3304 5
2159 3264 2216 3320 p.
2245 3248 2362 3304 154
2386 3243 2550 3301 Rom.

502 3328 662 3390 Ovid.
709 3329 845 3388 Her.
888 3329 1066 3400 XVII,
1112 3333 1236 3392 263
1284 3329 1364 3387 ib.
1412 3330 1585 3406 intpp.
1655 3333 1780 3388 Ast
1834 3339 2009 3388 vocat
2051 3327 2350 3406 officium,
2397 3327 2547 3407 quod

501 3416 684 3473 amico
731 3414 1008 3474 laboranti
1053 3415 1307 3473 succurri
1355 3414 1530 3472 iubet.
1600 3416 1849 3473 Amicus
1899 3417 2067 3491 inops
2117 3415 2300 3471 factus
2349 3415 2548 3483 trabe,

502 3502 632 3559 navi
664 3498 760 3573 (V,
797 3505 963 3571 141),
994 3510 1171 3578 rupta
1196 3501 1448 3578 prendit
1471 3516 1624 3557 saxa
1662 3499 1855 3577 (Virg.
1880 3499 2143 3569 Aen-Vl,
2173 3503 2299 3561 360
2332 3498 2404 3558 de
2443 3499 2552 3558 Pa-

501 3586 684 3644 linuro
725 3587 1035 3663 naufrago:
1104 3585 1585 3663 Prensantemque
1617 3586 1778 3643 uncis
1823 3585 2075 3643 manibus
2120 3587 2307 3662 capita
2339 3605 2551 3663 aspera

503 3673 730 3742 montis)
777 3673 1055 3741 Bruttia,
1099 3690 1243 3750 quae
1292 3670 1449 3728 alluit
1497 3689 1651 3727 mare
1696 3672 1961 3740 Ionium,
2014 3668 2084 3728 de
2117 3672 2275 3728 cuius
2308 3674 2555 3729 nominis

503 3756 742 3814 diversis
775 3756 1119 3833 temporibus
1152 3755 1378 3814 diversa
1409 3756 1819 3831 significatione
1851 3757 1928 3814 cs.
1959 3754 2274 3824 Letronne,
2307 3756 2469 3813 rech.
2504 3777 2554 3814 s.

502 3841 688 3900 Dicuil
719 3862 773 3919 p.
812 3847 930 3904 170
958 3863 1080 3921 sqq.
1126 3842 1185 3900 In
1219 3861 1289 3900 eo
1320 3841 1495 3917 igitur
1525 3841 1834 3916 naufragus
1865 3839 2112 3899 condidit
2142 3860 2264 3899 rem
2300 3860 2552 3911 omnem,

504 3925 764 4006 quicquid
798 3926 1125 4003 possidebat
1153 3928 1238 4000 (ν.
1266 3930 1371 3987 34.
1403 3930 1506 3986 78.
1526 3926 1602 3983 cf.
1622 3925 1876 3986 Hildebr.
1911 3924 1982 3983 ad
1999 3925 2165 4001 Apul.
2185 3925 2255 3984 de
2273 3945 2425 4003 mag.
2444 3933 2554 3994 77)

506 4023 567 4071 et
595 4032 739 4091 quae
773 4014 825 4071 in
857 4030 1059 4070 vanum
1092 4031 1124 4069 a
1157 4011 1260 4070 diis
1292 4012 1570 4089 petierat,
1617 4021 1753 4069 vota
1783 4014 1967 4071 surda
1989 4055 2006 4081 ‚
2040 4031 2186 4090 qnae
2220 4031 2329 4069 non
2361 4010 2557 4069 audita

508 4109 652 4156 sunt.
705 4100 964 4157 Surdum
995 4099 1140 4157 enim
1173 4096 1226 4156 id
1258 4115 1481 4176 quoque
1510 4107 1777 4169 vocatur,
1811 4095 1955 4177 quod
1990 4117 2097 4155 non
2131 4094 2388 4167 auditur,
2423 4099 2554 4175 qnia
