2764 4738
937 411 1105 474 SA'r.
1136 413 1206 487 11,
1236 418 1276 476 8
1306 449 1392 459 —
1426 417 1523 477 10.
2117 409 2237 479 121

230 596 463 644 metuens
502 583 711 645 andin-i:
758 583 1001 644 Pulchra
1045 584 1340 656 Laverna,
1399 583 1486 643 Da
1516 584 1648 644 mihi
1691 583 1929 656 fallere,
1976 583 2047 644 da
2089 589 2240 648 insto

227 681 508 750 sanctoque
536 669 739 742 videri,
768 669 1011 731 Noctem
1056 672 1308 749 peccatis
1339 679 1401 728 et
1429 669 1719 729 fraudibus
1760 670 1944 729 obiice
1975 671 2239 731 nubem.“

227 755 355 815 Huic
394 757 699 815 simillimus
762 758 850 815 vir
886 756 1067 816 bonus
1139 753 1285 834 apud
1329 754 1586 815 Persium
1631 756 1787 816 clare
1845 767 1904 816 et
1949 766 2010 815 nt
2052 754 2244 817 audiat

229 841 452 918 hospes,
498 843 590 920 qni
635 861 764 901 enm
810 862 919 900 non
965 843 1122 901 novit
1178 841 1336 914 (Hor.
1381 860 1558 901 earm.
1608 841 1679 912 11,
1725 846 1784 912 5,
1827 845 1957 913 22),
2002 841 2242 902 honesta

226 928 383 1006 eupit.
440 929 696 986 Mentem
741 928 948 986 bonam
993 928 1217 986 invocat
1260 925 1591 1005 Propertius
1635 926 1759 998 (IV,
1802 930 1884 989 24
1934 925 2070 1006 [111‚
2115 928 2241 1006 23],

226 1015 349 1078 19)ε
388 1011 587 1082 „Mens
604 1011 777 1081 bona,
794 1013 841 1069 si
857 1031 964 1092 qun
981 1009 1091 1071 (lea
1111 1032 1198 1082 σε,
1230 1022 1434 1070 mame
1466 1014 1520 1069 in
1553 1013 1808 1070 sacraria
1839 1010 2053 1082 dono,“
2085 1013 2241 1073 eius·

221 1114 321 1173 qne
355 1099 775 1156 venerationem
820 1107 1100 1156 testantur
1146 1097 1543 1174 inscriptiones
1592 1096 1795 1170 (Orell.
1836 1101 2017 1159 1818.
2055 1102 2239 1161 1819.

222 1179 407 1238 uorat.
445 1184 548 1253 90,
595 1186 695 1255 2);
743 1201 868 1242 cnm
911 1183 1059 1241 Fide
1101 1183 1388 1259 coniungit
1430 1181 1575 1242 haee
1618 1180 1802 1257 (Gi-ut.
1834 1186 1939 1253 99,
1969 1188 2028 1245 7.
2062 1183 2238 1243 Orell.

829 1351 907 1411 M.
970 1349 1390 1410 SEPTIMIVS.
1455 1351 1519 1410 C.
1581 1352 1624 1411 F

893 1435 1161 1496 MENTI.
1197 1434 1553 1508 FIDEIQVE

542 1521 871 1583 DEABVS.
903 1519 1499 1581 PRAESENTIBVS.
1534 1520 1660 1581 EX.
1692 1521 1899 1582 VOTO

222 1689 361 1748 Bona
391 1711 548 1749 mens
582 1710 720 1750 vero
750 1710 860 1749 non
894 1691 1072 1749 solum
1105 1709 1243 1747 sana
1275 1700 1336 1749 et
1350 1700 1512 1749 recta
1542 1700 1653 1761 est,
1676 1700 1739 1748 ut
1767 1701 1963 1749 natura
1996 1689 2239 1769 benigna

218 1775 405 1833 bomini
436 1774 533 1832 (lat
563 1781 700 1854 (qno
730 1794 903 1834 sensu
934 1775 1060 1835 fere
1091 1772 1237 1852 apud
1269 1774 1591 1834 Petronium
1622 1773 1897 1854 capienda
1927 1785 2045 1846 est,
2096 1796 2151 1834 v.
2186 1795 2237 1835 e.

217 1862 268 1919 3.
299 1863 394 1922 70.
431 1864 572 1922 115.
610 1865 778 1932 131),
809 1879 999 1920 verum
1032 1861 1279 1931 animus,
1310 1862 1404 1939 qui
1436 1861 1589 1919 serio
1619 1859 1805 1919 studio
1836 1860 2238 1920 corroboratus

214 1941 276 2001 sd
304 1946 422 2004 veri
467 1947 726 2024 rectique
776 1945 1202 2024 intelligentiam
1246 1955 1551 2022 provectus
1598 1955 1723 2017 est,
1755 1946 1831 2005 cf.
1867 1944 2076 2005 Senec.
2108 1966 2237 2025 epp.

213 2027 365 2089 xvh
409 2028 943 2101 „Perseverandum
963 2041 1056 2090 est
1072 2041 1133 2091 et
1147 2027 1376 2089 assiduo
1396 2028 1582 2090 studio
1599 2029 1772 2090 robur
1786 2028 2123 2103 addendum,
2139 2031 2239 2091 do-

209 2115 463 2174 nocbonn
480 2135 640 2175 mens
658 2117 752 2186 sit,
769 2113 915 2195 qnod
929 2116 1079 2175 bona
1096 2115 1352 2176 voluntas
1368 2123 1523 2176 est.“
1553 2115 1639 2175 Ita
1666 2117 2001 2196 saepissime
2034 2118 2241 2195 legitur

208 2197 342 2277 apud
372 2198 677 2271 Senecam,
705 2222 761 2259 v.
792 2200 865 2260 de
897 2220 1056 2280 prov.
1091 2206 1152 2265 6.
1189 2199 1259 2260 de
1292 2210 1475 2281 tranq.
1509 2220 1598 2260 nn.
1636 2205 1691 2262 1.
1724 2221 1820 2281 ep.
1859 2207 1962 2265 17.
1997 2206 2101 2264 23.
2133 2206 2237 2264 27.

204 2287 297 2347 28.
341 2289 446 2348 37.
477 2291 583 2348 41.
627 2291 712 2349 44
753 2297 890 2346 cett.
943 2287 962 2356 ς’
980 2285 1170 2366 Atque
1215 2285 1360 2345 hane
1406 2305 1440 2344 a
1471 2285 1577 2345 diis
1624 2297 1824 2364 petere
1866 2289 1990 2366 ipse
2037 2284 2240 2348 suadet

205 2368 418 2431 Seneca
463 2378 580 2450 (ep.
632 2376 767 2443 im:
844 2363 1048 2451 „Rfoga
1080 2374 1279 2432 bonam
1321 2384 1585 2444 mentem,
1616 2373 1818 2433 bonam
1861 2372 2235 2432 valetudinem

202 2458 387 2530 animi,
417 2455 628 2517 deinde
659 2469 789 2517 tnnc
820 2458 1151 2535 corporis.“
1205 2455 1296 2516 Ad
1341 2457 1486 2516 hanc
1531 2455 1687 2516 addit
1715 2457 1950 2537 samam
1978 2470 2039 2518 et
2047 2459 2237 2535 fidem

204 2561 283 2601 se.
315 2543 543 2614 bonam,
572 2546 721 2603 sient
749 2554 1013 2603 mentem.
1056 2543 1258 2622 Longe
1289 2540 1517 2603 diversa
1546 2545 1865 2602 introrsum
1899 2551 1983 2621 (ut
2015 2544 2240 2603 Sennea

204 2628 309 2700 tit,
366 2627 442 2688 ‹le
489 2628 686 2688 henes.
736 2626 809 2699 11,
855 2634 910 2699 1,
957 2631 1120 2688 intra
1158 2638 1384 2688 nosmet
1439 2630 1600 2706 ipsos
1660 2630 1885 2707 precari
1943 2630 2237 2702 malumus)

202 2723 542 2783 murmurat,
595 2724 658 2773 et
682 2714 792 2773 sub
818 2715 1066 2791 lingua,
1109 2715 1188 2772 ita
1219 2723 1281 2772 ut
1308 2712 1519 2785 verba,
1551 2732 1695 2793 qnae
1727 2713 1917 2791 lingna
1949 2711 2149 2773 dentes
2181 2724 2242 2773 et

201 2799 439 2875 palatum
484 2799 733 2858 feriente
776 2798 962 2878 palam
1014 2797 1345 2870 edicuntur,
1377 2798 1511 2858 >snb
1564 2817 1635 2858 ea
1680 2798 1905 2858 occulta
1950 2810 2234 2859 maneant.

202 2883 352 2955 ane
395 2894 711 2961 sequnntur
752 2886 910 2942 avari
939 2894 1069 2943 vota
1119 2895 1281 2955 sunt,
1328 2894 1391 2942 nt
1431 2881 1580 2963 opud
1623 2883 1945 2943 Petronium
1990 2890 2064 2957 (e.
2097 2889 2236 2956 88):

202 2968 322 3039 „Ae
340 2987 415 3028 ne
433 2967 636 3026 bonam
654 2966 876 3047 quidem
908 2967 1283 3030 valetudinem
1316 2979 1534 3047 petunt,
1566 2966 1668 3028 sed
1701 2970 1911 3038 statim,
1939 2980 2238 3049 antequam

199 3053 359 3113 limen
392 3053 662 3131 Capitolii
692 3064 962 3132 tangunt,
1009 3054 1151 3113 alius
1194 3052 1398 3113 donum
1430 3055 1733 3134 promittit,
1777 3055 1827 3112 si
1870 3055 2239 3133 propinquum

198 3136 419 3199 divitem
467 3138 771 3210 extulerit,
814 3138 959 3199 alius
1007 3140 1058 3197 si
1089 3139 1415 3198 thesaurum
1448 3137 1743 3211 effoderit,
1775 3140 1919 3199 alius
1948 3142 1995 3196 si
2028 3139 2096 3198 nd
2121 3150 2239 3199 tre-

198 3226 412 3285 eonties
447 3220 543 3282 HS
573 3224 765 3284 salvus
806 3226 1195 3303 perveneiit.“
1241 3225 1515 3283 Ebullire
1550 3226 1802 3284 om'rnam
1834 3245 1935 3301 pro
1967 3245 2058 3294 eo,
2091 3222 2240 3304 qnod

197 3310 330 3369 alins
375 3307 585 3368 dicitnr
627 3310 881 3369 anz’rnam
924 3308 1142 3391 efflare
1201 3309 1345 3385 (Cic.
1393 3308 1568 3369 Tuse.
1615 3310 1662 3381 1,
1694 3313 1753 3381 9,
1791 3314 1928 3382 19),
1975 3330 2238 3371 sermone

198 3395 452 3474 populari
483 3395 745 3453 usitatum
791 3395 973 3454 fnisse
1019 3391 1273 3465 videtur,
1318 3405 1580 3473 qnantum
1611 3393 1869 3454 concludi
1902 3395 2036 3455 licet
2064 3415 2100 3455 e
2132 3394 2238 3455 Se-

198 3500 370 3540 necae
419 3480 768 3559 (apocolynt.
824 3484 865 3542 4
894 3501 948 3559 p.
979 3484 1107 3543 246
1149 3479 1296 3559 Bip.)
1344 3489 1406 3539 et
1447 3479 1701 3540 Petronii
1746 3485 1876 3553 (42.
1925 3485 2028 3553 62)
2074 3478 2238 3550 locis,

199 3563 337 3625 nude
353 3564 593 3624 Persius
625 3565 875 3625 ebullire
901 3566 1078 3625 solnm
1110 3564 1310 3625 eodem
1340 3584 1517 3624 sensu
1544 3567 1854 3643 usurpavit.
1903 3564 2065 3639 Quod
2085 3564 2239 3625 addit

192 3652 569 3729 praeclarum
593 3648 830 3725 sunus,
876 3649 931 3709 id
978 3650 1215 3729 egregie
1247 3652 1514 3710 convenit
1545 3651 1733 3709 talium
1765 3650 2045 3711 hominnm
2077 3653 2238 3730 inge-

199 3738 304 3808 nio,
335 3737 430 3816 qni
461 3754 600 3814 prae
629 3738 841 3795 ceteris
872 3755 1128 3814 pompam
1150 3736 1365 3795 funeris
1381 3734 1647 3794 admirari
1679 3735 1866 3795 solent
1896 3748 1957 3797 et
1985 3734 2238 3806 laudare,

201 3831 255 3880 nt
281 3819 430 3900 apud
459 3832 760 3880 nostrates·
792 3820 1070 3900 hodieque
1115 3824 1266 3892 (eine
1303 3822 1621 3899 prc'ichttge
1652 3822 1862 3880 Leicke
1878 3827 1944 3894 I).
1994 3822 2082 3880 Cf.
2116 3823 2239 3900 epi-

198 3907 442 3983 taphium
485 3908 777 3965 metricum
826 3905 1026 3982 (Spon.
1073 3908 1231 3965 mise.
1279 3927 1334 3985 p.
1375 3909 1522 3969 219.
1556 3906 1724 3965 Febr.
1770 3925 1824 3987 p.
1878 3911 2019 3969 184.
2056 3907 2233 3966 Anth.

201 3992 262 4051 L.
292 3992 387 4062 IV,
424 3995 565 4054 103.
598 4013 654 4051 n.
691 3996 853 4054 1236
894 3992 1034 4063 M.)=
1093 3990 1355 4063 „Nomen
1388 4001 1518 4051 erat
1546 4011 1727 4071 puero
1760 3992 1965 4069 Pagus»,
1997 4004 2058 4050 at
2088 4012 2232 4051 nunc

200 4079 357 4137 funs
387 4077 654 4138 acerbum
686 4087 747 4138 et
775 4078 916 4138 einis
938 4078 991 4137 in
1024 4077 1234 4140 tnmnlo
1267 4080 1420 4138 iacet
1449 4088 1510 4137 et
1539 4078 1661 4138 sine
1695 4079 1914 4137 nomine
1948 4086 2230 4158 corpus.“
