<?xml version="1.0" encoding="UTF-8"?>
<!DOCTYPE html PUBLIC "-//W3C//DTD XHTML 1.0 Transitional//EN"
    "http://www.w3.org/TR/xhtml1/DTD/xhtml1-transitional.dtd">
<html xmlns="http://www.w3.org/1999/xhtml" xml:lang="en" lang="en">
 <head>
  <title>
</title>
<meta http-equiv="Content-Type" content="text/html;charset=utf-8" />
  <meta name='ocr-system' content='tesseract 3.04.00' />
  <meta name='ocr-capabilities' content='ocr_page ocr_carea ocr_par ocr_line ocrx_word'/>
</head>
<body>
  <div class='ocr_page' id='page_1' title='image "./satirarumliberc01jahngoog_0076.png"; bbox 0 0 2764 4738; ppageno 0'>
   <div class='ocr_carea' id='block_1_1' title="bbox 883 432 2314 501">
    <p class='ocr_par' dir='ltr' id='par_1_1' title="bbox 883 432 2314 501">
     <span class='ocr_line' id='line_1_1' title="bbox 883 432 2314 501; baseline 0.003 -7"><span class='ocrx_word' id='word_1_1' title='bbox 883 432 1653 496; x_wconf 81' lang='lat' dir='ltr'><strong>PROLEGOMENA.&#39;</strong></span> <span class='ocrx_word' id='word_1_2' title='bbox 2151 460 2314 501; x_wconf 72' lang='grc' dir='ltr'><strong>ιιι.</strong></span> 
     </span>
    </p>
   </div>
   <div class='ocr_carea' id='block_1_2' title="bbox 202 601 2264 3857">
    <p class='ocr_par' dir='ltr' id='par_1_2' title="bbox 202 601 2263 1788">
     <span class='ocr_line' id='line_1_2' title="bbox 203 601 2260 691; baseline 0.005 -26"><span class='ocrx_word' id='word_1_3' title='bbox 203 602 384 666; x_wconf 82' lang='lat' dir='ltr'><strong>novit</strong></span> <span class='ocrx_word' id='word_1_4' title='bbox 412 612 662 687; x_wconf 85' lang='lat' dir='ltr'><strong>praeter</strong></span> <span class='ocrx_word' id='word_1_5' title='bbox 692 603 893 670; x_wconf 90' lang='lat' dir='ltr'><strong>odium</strong></span> <span class='ocrx_word' id='word_1_6' title='bbox 923 615 1103 689; x_wconf 83' lang='lat' dir='ltr'><strong>atque</strong></span> <span class='ocrx_word' id='word_1_7' title='bbox 1134 625 1402 670; x_wconf 84' lang='lat' dir='ltr'><strong>amorem</strong></span> <span class='ocrx_word' id='word_1_8' title='bbox 1424 652 1444 683; x_wconf 89' lang='lat'><strong>,</strong></span> <span class='ocrx_word' id='word_1_9' title='bbox 1492 601 1825 669; x_wconf 75' lang='lat' dir='ltr'><strong>ferebatur.</strong></span> <span class='ocrx_word' id='word_1_10' title='bbox 1889 603 2090 691; x_wconf 82' lang='lat' dir='ltr'><strong>Atque</strong></span> <span class='ocrx_word' id='word_1_11' title='bbox 2122 607 2260 677; x_wconf 85' lang='lat' dir='ltr'><strong>huic</strong></span> 
     </span>
     <span class='ocr_line' id='line_1_3' title="bbox 204 703 2261 796; baseline 0.004 -30"><span class='ocrx_word' id='word_1_12' title='bbox 204 703 461 767; x_wconf 76' lang='lat' dir='ltr'><strong>iuvenili</strong></span> <span class='ocrx_word' id='word_1_13' title='bbox 491 705 733 786; x_wconf 87' lang='lat' dir='ltr'><strong>studio,</strong></span> <span class='ocrx_word' id='word_1_14' title='bbox 780 708 939 790; x_wconf 85' lang='lat' dir='ltr'><strong>quod</strong></span> <span class='ocrx_word' id='word_1_15' title='bbox 983 727 1284 789; x_wconf 83' lang='lat' dir='ltr'><strong>nunquam</strong></span> <span class='ocrx_word' id='word_1_16' title='bbox 1330 706 1480 770; x_wconf 85' lang='lat' dir='ltr'><strong>satis</strong></span> <span class='ocrx_word' id='word_1_17' title='bbox 1529 705 1769 771; x_wconf 83' lang='lat' dir='ltr'><strong>fortiter</strong></span> <span class='ocrx_word' id='word_1_18' title='bbox 1807 717 1872 770; x_wconf 91' lang='lat' dir='ltr'><strong>et</strong></span> <span class='ocrx_word' id='word_1_19' title='bbox 1902 709 2133 775; x_wconf 77' lang='lat' dir='ltr'><strong>fervide</strong></span> <span class='ocrx_word' id='word_1_20' title='bbox 2164 713 2261 796; x_wconf 85' lang='lat' dir='ltr'><strong>agi</strong></span> 
     </span>
     <span class='ocr_line' id='line_1_4' title="bbox 204 806 2262 896; baseline 0.005 -28"><span class='ocrx_word' id='word_1_21' title='bbox 204 806 452 889; x_wconf 85' lang='lat' dir='ltr'><strong>dieique</strong></span> <span class='ocrx_word' id='word_1_22' title='bbox 484 826 665 889; x_wconf 86' lang='lat' dir='ltr'><strong>posse</strong></span> <span class='ocrx_word' id='word_1_23' title='bbox 696 818 903 894; x_wconf 86' lang='lat' dir='ltr'><strong>putat,</strong></span> <span class='ocrx_word' id='word_1_24' title='bbox 951 809 1195 873; x_wconf 89' lang='lat' dir='ltr'><strong>nimium</strong></span> <span class='ocrx_word' id='word_1_25' title='bbox 1225 807 1370 871; x_wconf 87' lang='lat' dir='ltr'><strong>illud</strong></span> <span class='ocrx_word' id='word_1_26' title='bbox 1404 808 1694 889; x_wconf 87' lang='lat' dir='ltr'><strong>debetur,</strong></span> <span class='ocrx_word' id='word_1_27' title='bbox 1741 809 1898 892; x_wconf 87' lang='lat' dir='ltr'><strong>quod</strong></span> <span class='ocrx_word' id='word_1_28' title='bbox 1939 810 2155 896; x_wconf 87' lang='lat' dir='ltr'><strong>ubique</strong></span> <span class='ocrx_word' id='word_1_29' title='bbox 2198 814 2262 878; x_wconf 93' lang='lat' dir='ltr'><strong>in</strong></span> 
     </span>
     <span class='ocr_line' id='line_1_5' title="bbox 202 904 2262 998; baseline 0.004 -27"><span class='ocrx_word' id='word_1_30' title='bbox 202 904 513 971; x_wconf 73' lang='lat' dir='ltr'><strong>Pet-siano</strong></span> <span class='ocrx_word' id='word_1_31' title='bbox 546 909 789 976; x_wconf 84' lang='lat' dir='ltr'><strong>dicendi</strong></span> <span class='ocrx_word' id='word_1_32' title='bbox 821 912 999 976; x_wconf 89' lang='lat' dir='ltr'><strong>modo</strong></span> <span class='ocrx_word' id='word_1_33' title='bbox 1031 909 1432 975; x_wconf 84' lang='lat' dir='ltr'><strong>animadverti</strong></span> <span class='ocrx_word' id='word_1_34' title='bbox 1463 920 1702 996; x_wconf 87' lang='lat' dir='ltr'><strong>potest,</strong></span> <span class='ocrx_word' id='word_1_35' title='bbox 1750 923 1814 975; x_wconf 90' lang='lat' dir='ltr'><strong>et</strong></span> <span class='ocrx_word' id='word_1_36' title='bbox 1855 911 1938 975; x_wconf 89' lang='lat' dir='ltr'><strong>ibi</strong></span> <span class='ocrx_word' id='word_1_37' title='bbox 1983 934 2262 998; x_wconf 85' lang='lat' dir='ltr'><strong>praeser-</strong></span> 
     </span>
     <span class='ocr_line' id='line_1_6' title="bbox 204 1009 2261 1102; baseline 0.005 -30"><span class='ocrx_word' id='word_1_38' title='bbox 204 1009 357 1087; x_wconf 78' lang='lat' dir='ltr'><strong>tim,</strong></span> <span class='ocrx_word' id='word_1_39' title='bbox 402 1010 544 1088; x_wconf 85' lang='lat' dir='ltr'><strong>ubi,</strong></span> <span class='ocrx_word' id='word_1_40' title='bbox 591 1023 660 1076; x_wconf 89' lang='lat' dir='ltr'><strong>nt</strong></span> <span class='ocrx_word' id='word_1_41' title='bbox 705 1013 823 1077; x_wconf 89' lang='lat' dir='ltr'><strong>iam</strong></span> <span class='ocrx_word' id='word_1_42' title='bbox 868 1014 1158 1078; x_wconf 90' lang='lat' dir='ltr'><strong>monitum</strong></span> <span class='ocrx_word' id='word_1_43' title='bbox 1205 1023 1339 1090; x_wconf 87' lang='lat' dir='ltr'><strong>est,</strong></span> <span class='ocrx_word' id='word_1_44' title='bbox 1399 1011 1792 1076; x_wconf 89' lang='lat' dir='ltr'><strong>Horatianam</strong></span> <span class='ocrx_word' id='word_1_45' title='bbox 1840 1014 2076 1080; x_wconf 77' lang='lat' dir='ltr'><strong>facilem</strong></span> <span class='ocrx_word' id='word_1_46' title='bbox 2122 1039 2261 1102; x_wconf 87' lang='lat' dir='ltr'><strong>gra—</strong></span> 
     </span>
     <span class='ocr_line' id='line_1_7' title="bbox 206 1112 2260 1202; baseline 0.004 -28"><span class='ocrx_word' id='word_1_47' title='bbox 206 1112 357 1175; x_wconf 82' lang='lat' dir='ltr'><strong>tiam</strong></span> <span class='ocrx_word' id='word_1_48' title='bbox 389 1113 468 1176; x_wconf 87' lang='lat' dir='ltr'><strong>ad</strong></span> <span class='ocrx_word' id='word_1_49' title='bbox 498 1114 620 1177; x_wconf 79' lang='lat' dir='ltr'><strong>vim</strong></span> <span class='ocrx_word' id='word_1_50' title='bbox 652 1126 716 1180; x_wconf 87' lang='lat' dir='ltr'><strong>et</strong></span> <span class='ocrx_word' id='word_1_51' title='bbox 744 1116 1135 1180; x_wconf 84' lang='lat' dir='ltr'><strong>acerbitatem</strong></span> <span class='ocrx_word' id='word_1_52' title='bbox 1168 1114 1499 1180; x_wconf 89' lang='lat' dir='ltr'><strong>deflectere</strong></span> <span class='ocrx_word' id='word_1_53' title='bbox 1541 1125 1819 1179; x_wconf 85' lang='lat' dir='ltr'><strong>conatur.</strong></span> <span class='ocrx_word' id='word_1_54' title='bbox 1885 1113 2260 1202; x_wconf 77' lang='lat' dir='ltr'><strong>Quamquam</strong></span> 
     </span>
     <span class='ocr_line' id='line_1_8' title="bbox 206 1214 2261 1301; baseline 0.003 -25"><span class='ocrx_word' id='word_1_55' title='bbox 206 1215 287 1277; x_wconf 85' lang='lat' dir='ltr'><strong>ad</strong></span> <span class='ocrx_word' id='word_1_56' title='bbox 337 1214 455 1278; x_wconf 79' lang='lat' dir='ltr'><strong>hoe</strong></span> <span class='ocrx_word' id='word_1_57' title='bbox 497 1215 758 1279; x_wconf 90' lang='lat' dir='ltr'><strong>studium</strong></span> <span class='ocrx_word' id='word_1_58' title='bbox 799 1218 1140 1301; x_wconf 85' lang='lat' dir='ltr'><strong>augendum</strong></span> <span class='ocrx_word' id='word_1_59' title='bbox 1181 1217 1328 1281; x_wconf 91' lang='lat' dir='ltr'><strong>illud</strong></span> <span class='ocrx_word' id='word_1_60' title='bbox 1376 1237 1613 1301; x_wconf 78' lang='lat' dir='ltr'><strong>quoque</strong></span> <span class='ocrx_word' id='word_1_61' title='bbox 1645 1215 1937 1296; x_wconf 88' lang='lat' dir='ltr'><strong>contulit,</strong></span> <span class='ocrx_word' id='word_1_62' title='bbox 1984 1219 2139 1300; x_wconf 87' lang='lat' dir='ltr'><strong>quod</strong></span> <span class='ocrx_word' id='word_1_63' title='bbox 2170 1220 2261 1283; x_wconf 91' lang='lat' dir='ltr'><strong>ni-</strong></span> 
     </span>
     <span class='ocr_line' id='line_1_9' title="bbox 206 1316 2262 1405; baseline 0.004 -28"><span class='ocrx_word' id='word_1_64' title='bbox 206 1316 370 1380; x_wconf 83' lang='lat' dir='ltr'><strong>miae</strong></span> <span class='ocrx_word' id='word_1_65' title='bbox 414 1316 694 1381; x_wconf 89' lang='lat' dir='ltr'><strong>mollitiei</strong></span> <span class='ocrx_word' id='word_1_66' title='bbox 753 1329 816 1382; x_wconf 91' lang='lat' dir='ltr'><strong>et</strong></span> <span class='ocrx_word' id='word_1_67' title='bbox 874 1320 1156 1384; x_wconf 76' lang='lat' dir='ltr'><strong>luxuriae</strong></span> <span class='ocrx_word' id='word_1_68' title='bbox 1201 1329 1379 1401; x_wconf 86' lang='lat' dir='ltr'><strong>atque</strong></span> <span class='ocrx_word' id='word_1_69' title='bbox 1433 1318 1581 1383; x_wconf 89' lang='lat' dir='ltr'><strong>artis</strong></span> <span class='ocrx_word' id='word_1_70' title='bbox 1639 1317 1954 1405; x_wconf 79' lang='lat' dir='ltr'><strong>pueriliter</strong></span> <span class='ocrx_word' id='word_1_71' title='bbox 2001 1321 2262 1387; x_wconf 89' lang='lat' dir='ltr'><strong>ludentis</strong></span> 
     </span>
     <span class='ocr_line' id='line_1_10' title="bbox 208 1417 2262 1508; baseline 0.004 -29"><span class='ocrx_word' id='word_1_72' title='bbox 208 1417 655 1491; x_wconf 77' lang='lat' dir='ltr'><strong>ostentationi,</strong></span> <span class='ocrx_word' id='word_1_73' title='bbox 703 1441 876 1504; x_wconf 83' lang='lat' dir='ltr'><strong>quam</strong></span> <span class='ocrx_word' id='word_1_74' title='bbox 908 1431 1052 1486; x_wconf 91' lang='lat' dir='ltr'><strong>tunc</strong></span> <span class='ocrx_word' id='word_1_75' title='bbox 1081 1420 1450 1506; x_wconf 81' lang='lat' dir='ltr'><strong>temporibus</strong></span> <span class='ocrx_word' id='word_1_76' title='bbox 1481 1441 1652 1502; x_wconf 89' lang='lat' dir='ltr'><strong>quam</strong></span> <span class='ocrx_word' id='word_1_77' title='bbox 1696 1421 1958 1484; x_wconf 79' lang='lat' dir='ltr'><strong>maxime</strong></span> <span class='ocrx_word' id='word_1_78' title='bbox 1999 1441 2262 1508; x_wconf 84' lang='lat' dir='ltr'><strong>regnare</strong></span> 
     </span>
     <span class='ocr_line' id='line_1_11' title="bbox 209 1520 2263 1606; baseline 0.004 -24"><span class='ocrx_word' id='word_1_79' title='bbox 209 1520 274 1582; x_wconf 90' lang='lat' dir='ltr'><strong>in</strong></span> <span class='ocrx_word' id='word_1_80' title='bbox 306 1520 534 1584; x_wconf 87' lang='lat' dir='ltr'><strong>litteris</strong></span> <span class='ocrx_word' id='word_1_81' title='bbox 563 1520 745 1601; x_wconf 85' lang='lat' dir='ltr'><strong>vidit,</strong></span> <span class='ocrx_word' id='word_1_82' title='bbox 795 1524 1007 1606; x_wconf 82' lang='lat' dir='ltr'><strong>quavis</strong></span> <span class='ocrx_word' id='word_1_83' title='bbox 1052 1524 1290 1588; x_wconf 85' lang='lat' dir='ltr'><strong>ratione</strong></span> <span class='ocrx_word' id='word_1_84' title='bbox 1324 1523 1709 1587; x_wconf 90' lang='lat' dir='ltr'><strong>renitendum</strong></span> <span class='ocrx_word' id='word_1_85' title='bbox 1740 1532 1920 1606; x_wconf 86' lang='lat' dir='ltr'><strong>atque</strong></span> <span class='ocrx_word' id='word_1_86' title='bbox 1950 1523 2263 1590; x_wconf 84' lang='lat' dir='ltr'><strong>obluctan-</strong></span> 
     </span>
     <span class='ocr_line' id='line_1_12' title="bbox 211 1622 2262 1710; baseline 0.004 -26"><span class='ocrx_word' id='word_1_87' title='bbox 211 1622 353 1685; x_wconf 85' lang='lat' dir='ltr'><strong>dum</strong></span> <span class='ocrx_word' id='word_1_88' title='bbox 396 1641 537 1686; x_wconf 87' lang='lat' dir='ltr'><strong>esse</strong></span> <span class='ocrx_word' id='word_1_89' title='bbox 586 1623 857 1709; x_wconf 84' lang='lat' dir='ltr'><strong>putavit,</strong></span> <span class='ocrx_word' id='word_1_90' title='bbox 903 1646 1019 1708; x_wconf 84' lang='lat' dir='ltr'><strong>qua</strong></span> <span class='ocrx_word' id='word_1_91' title='bbox 1063 1626 1127 1688; x_wconf 90' lang='lat' dir='ltr'><strong>in</strong></span> <span class='ocrx_word' id='word_1_92' title='bbox 1170 1646 1238 1691; x_wconf 89' lang='lat' dir='ltr'><strong>re</strong></span> <span class='ocrx_word' id='word_1_93' title='bbox 1282 1635 1346 1691; x_wconf 88' lang='lat' dir='ltr'><strong>et</strong></span> <span class='ocrx_word' id='word_1_94' title='bbox 1387 1624 1517 1710; x_wconf 89' lang='lat' dir='ltr'><strong>ipse</strong></span> <span class='ocrx_word' id='word_1_95' title='bbox 1550 1645 1683 1689; x_wconf 91' lang='lat' dir='ltr'><strong>cum</strong></span> <span class='ocrx_word' id='word_1_96' title='bbox 1714 1624 1846 1689; x_wconf 88' lang='lat' dir='ltr'><strong>aliis</strong></span> <span class='ocrx_word' id='word_1_97' title='bbox 1879 1625 2116 1691; x_wconf 91' lang='lat' dir='ltr'><strong>modum</strong></span> <span class='ocrx_word' id='word_1_98' title='bbox 2150 1649 2262 1693; x_wconf 89' lang='lat' dir='ltr'><strong>ex-</strong></span> 
     </span>
     <span class='ocr_line' id='line_1_13' title="bbox 212 1724 430 1788; baseline -0.005 -1"><span class='ocrx_word' id='word_1_99' title='bbox 212 1724 430 1788; x_wconf 80' lang='lat' dir='ltr'><strong>cessit.</strong></span> 
     </span>
    </p>

    <p class='ocr_par' dir='ltr' id='par_1_3' title="bbox 206 1823 2264 3857">
     <span class='ocr_line' id='line_1_14' title="bbox 386 1823 2262 1916; baseline 0.004 -28"><span class='ocrx_word' id='word_1_100' title='bbox 386 1823 571 1908; x_wconf 80' lang='lat' dir='ltr'><strong>Quod</strong></span> <span class='ocrx_word' id='word_1_101' title='bbox 608 1846 677 1891; x_wconf 86' lang='lat' dir='ltr'><strong>se</strong></span> <span class='ocrx_word' id='word_1_102' title='bbox 728 1829 1069 1916; x_wconf 89' lang='lat' dir='ltr'><strong>exemplum</strong></span> <span class='ocrx_word' id='word_1_103' title='bbox 1111 1828 1360 1894; x_wconf 82' lang='lat' dir='ltr'><strong>Atticae</strong></span> <span class='ocrx_word' id='word_1_104' title='bbox 1408 1828 1756 1895; x_wconf 90' lang='lat' dir='ltr'><strong>comoediae</strong></span> <span class='ocrx_word' id='word_1_105' title='bbox 1785 1829 2069 1913; x_wconf 89' lang='lat' dir='ltr'><strong>antiquae</strong></span> <span class='ocrx_word' id='word_1_106' title='bbox 2098 1830 2262 1915; x_wconf 89' lang='lat' dir='ltr'><strong>prin-</strong></span> 
     </span>
     <span class='ocr_line' id='line_1_15' title="bbox 210 1927 2262 2016; baseline 0 -19"><span class='ocrx_word' id='word_1_107' title='bbox 210 1932 407 2016; x_wconf 86' lang='lat' dir='ltr'><strong>cipum</strong></span> <span class='ocrx_word' id='word_1_108' title='bbox 455 1942 804 1997; x_wconf 88' lang='lat' dir='ltr'><strong>secuturum</strong></span> <span class='ocrx_word' id='word_1_109' title='bbox 851 1952 988 1996; x_wconf 88' lang='lat' dir='ltr'><strong>esse</strong></span> <span class='ocrx_word' id='word_1_110' title='bbox 1033 1930 1328 2016; x_wconf 89' lang='lat' dir='ltr'><strong>promittit</strong></span> <span class='ocrx_word' id='word_1_111' title='bbox 1366 1927 1619 1995; x_wconf 84' lang='lat' dir='ltr'><strong>Persius</strong></span> <span class='ocrx_word' id='word_1_112' title='bbox 1663 1928 1750 2014; x_wconf 85' lang='lat'><strong>(1,</strong></span> <span class='ocrx_word' id='word_1_113' title='bbox 1788 1930 1909 1995; x_wconf 81' lang='lat'><strong>123</strong></span> <span class='ocrx_word' id='word_1_114' title='bbox 1940 1933 2138 2015; x_wconf 83' lang='lat' dir='ltr'><strong>sqq.),</strong></span> <span class='ocrx_word' id='word_1_115' title='bbox 2201 1934 2262 1997; x_wconf 87' lang='lat' dir='ltr'><strong>id</strong></span> 
     </span>
     <span class='ocr_line' id='line_1_16' title="bbox 209 2030 2261 2118; baseline 0.001 -22"><span class='ocrx_word' id='word_1_116' title='bbox 209 2055 568 2118; x_wconf 84' lang='lat' dir='ltr'><strong>quamquam</strong></span> <span class='ocrx_word' id='word_1_117' title='bbox 613 2054 737 2097; x_wconf 92' lang='lat' dir='ltr'><strong>non</strong></span> <span class='ocrx_word' id='word_1_118' title='bbox 769 2054 902 2097; x_wconf 89' lang='lat' dir='ltr'><strong>cum</strong></span> <span class='ocrx_word' id='word_1_119' title='bbox 930 2030 1230 2098; x_wconf 84' lang='lat' dir='ltr'><strong>Passovio</strong></span> <span class='ocrx_word' id='word_1_120' title='bbox 1277 2033 1369 2118; x_wconf 88' lang='lat' dir='ltr'><strong>(p.</strong></span> <span class='ocrx_word' id='word_1_121' title='bbox 1408 2031 1563 2115; x_wconf 86' lang='lat'>107)</span> <span class='ocrx_word' id='word_1_122' title='bbox 1603 2031 1966 2099; x_wconf 85' lang='lat' dir='ltr'><strong>rhetoricam</strong></span> <span class='ocrx_word' id='word_1_123' title='bbox 2014 2035 2261 2118; x_wconf 80' lang='lat' dir='ltr'><strong>figuram</strong></span> 
     </span>
     <span class='ocr_line' id='line_1_17' title="bbox 211 2131 2261 2222; baseline -0 -21"><span class='ocrx_word' id='word_1_124' title='bbox 211 2146 275 2201; x_wconf 83' lang='lat' dir='ltr'><strong>et</strong></span> <span class='ocrx_word' id='word_1_125' title='bbox 319 2157 406 2200; x_wconf 92' lang='lat' dir='ltr'><strong>ex</strong></span> <span class='ocrx_word' id='word_1_126' title='bbox 449 2133 687 2199; x_wconf 80' lang='lat' dir='ltr'><strong>Horatii</strong></span> <span class='ocrx_word' id='word_1_127' title='bbox 733 2136 871 2200; x_wconf 89' lang='lat' dir='ltr'><strong>loco</strong></span> <span class='ocrx_word' id='word_1_128' title='bbox 928 2135 1242 2200; x_wconf 88' lang='lat' dir='ltr'><strong>notissimo</strong></span> <span class='ocrx_word' id='word_1_129' title='bbox 1298 2131 1382 2218; x_wconf 86' lang='lat'><strong>(1,</strong></span> <span class='ocrx_word' id='word_1_130' title='bbox 1414 2134 1482 2208; x_wconf 84' lang='lat'><strong>4,</strong></span> <span class='ocrx_word' id='word_1_131' title='bbox 1519 2132 1552 2197; x_wconf 94' lang='lat'>1</span> <span class='ocrx_word' id='word_1_132' title='bbox 1586 2137 1754 2219; x_wconf 88' lang='lat' dir='ltr'>sqq.)</span> <span class='ocrx_word' id='word_1_133' title='bbox 1807 2137 2261 2222; x_wconf 85' lang='lat' dir='ltr'><strong>transscriptum</strong></span> 
     </span>
     <span class='ocr_line' id='line_1_18' title="bbox 212 2237 2263 2322; baseline -0 -20"><span class='ocrx_word' id='word_1_134' title='bbox 212 2238 475 2303; x_wconf 76' lang='lat' dir='ltr'><strong>dixerim</strong></span> <span class='ocrx_word' id='word_1_135' title='bbox 497 2286 516 2318; x_wconf 91' lang='lat'><strong>‚</strong></span> <span class='ocrx_word' id='word_1_136' title='bbox 565 2248 766 2302; x_wconf 90' lang='lat' dir='ltr'><strong>tamen</strong></span> <span class='ocrx_word' id='word_1_137' title='bbox 799 2255 882 2301; x_wconf 90' lang='lat' dir='ltr'><strong>ex</strong></span> <span class='ocrx_word' id='word_1_138' title='bbox 911 2238 1087 2302; x_wconf 89' lang='lat' dir='ltr'><strong>simili</strong></span> <span class='ocrx_word' id='word_1_139' title='bbox 1120 2258 1330 2302; x_wconf 90' lang='lat' dir='ltr'><strong>errore</strong></span> <span class='ocrx_word' id='word_1_140' title='bbox 1360 2247 1564 2300; x_wconf 88' lang='lat' dir='ltr'><strong>natum</strong></span> <span class='ocrx_word' id='word_1_141' title='bbox 1603 2237 1883 2316; x_wconf 80' lang='lat' dir='ltr'><strong>videtur,</strong></span> <span class='ocrx_word' id='word_1_142' title='bbox 1931 2259 2100 2322; x_wconf 84' lang='lat' dir='ltr'><strong>quam</strong></span> <span class='ocrx_word' id='word_1_143' title='bbox 2146 2258 2263 2322; x_wconf 90' lang='lat' dir='ltr'><strong>quo</strong></span> 
     </span>
     <span class='ocr_line' id='line_1_19' title="bbox 210 2336 2261 2425; baseline 0.001 -21"><span class='ocrx_word' id='word_1_144' title='bbox 210 2341 462 2420; x_wconf 75' lang='lat' dir='ltr'><strong>satimm</strong></span> <span class='ocrx_word' id='word_1_145' title='bbox 509 2360 680 2405; x_wconf 87' lang='lat' dir='ltr'><strong>suam</strong></span> <span class='ocrx_word' id='word_1_146' title='bbox 722 2336 1081 2405; x_wconf 83' lang='lat' dir='ltr'><strong>Lucilianae</strong></span> <span class='ocrx_word' id='word_1_147' title='bbox 1123 2339 1518 2425; x_wconf 85' lang='lat' dir='ltr'><strong>comparavit.</strong></span> <span class='ocrx_word' id='word_1_148' title='bbox 1588 2337 1752 2404; x_wconf 86' lang='lat' dir='ltr'><strong>Nam</strong></span> <span class='ocrx_word' id='word_1_149' title='bbox 1799 2340 2073 2424; x_wconf 88' lang='lat' dir='ltr'><strong>sequitur</strong></span> <span class='ocrx_word' id='word_1_150' title='bbox 2113 2360 2261 2406; x_wconf 87' lang='lat' dir='ltr'><strong>sane</strong></span> 
     </span>
     <span class='ocr_line' id='line_1_20' title="bbox 210 2439 2262 2526; baseline 0 -20"><span class='ocrx_word' id='word_1_151' title='bbox 210 2442 455 2508; x_wconf 80' lang='lat' dir='ltr'><strong>Horatii</strong></span> <span class='ocrx_word' id='word_1_152' title='bbox 495 2441 781 2507; x_wconf 89' lang='lat' dir='ltr'><strong>iudicium</strong></span> <span class='ocrx_word' id='word_1_153' title='bbox 826 2443 900 2507; x_wconf 87' lang='lat' dir='ltr'><strong>de</strong></span> <span class='ocrx_word' id='word_1_154' title='bbox 945 2442 1125 2506; x_wconf 87' lang='lat' dir='ltr'><strong>rebus</strong></span> <span class='ocrx_word' id='word_1_155' title='bbox 1179 2443 1530 2521; x_wconf 85' lang='lat' dir='ltr'><strong>litterariis,</strong></span> <span class='ocrx_word' id='word_1_156' title='bbox 1592 2443 1701 2506; x_wconf 91' lang='lat' dir='ltr'><strong>sed</strong></span> <span class='ocrx_word' id='word_1_157' title='bbox 1758 2442 1915 2526; x_wconf 90' lang='lat' dir='ltr'><strong>quod</strong></span> <span class='ocrx_word' id='word_1_158' title='bbox 1971 2439 2262 2507; x_wconf 82' lang='lat' dir='ltr'><strong>Horatius</strong></span> 
     </span>
     <span class='ocr_line' id='line_1_21' title="bbox 211 2542 2261 2628; baseline -0.001 -19"><span class='ocrx_word' id='word_1_159' title='bbox 211 2544 402 2621; x_wconf 83' lang='lat' dir='ltr'><strong>dixit,</strong></span> <span class='ocrx_word' id='word_1_160' title='bbox 450 2542 751 2608; x_wconf 85' lang='lat' dir='ltr'><strong>Lucilium</strong></span> <span class='ocrx_word' id='word_1_161' title='bbox 783 2554 848 2609; x_wconf 92' lang='lat' dir='ltr'><strong>et</strong></span> <span class='ocrx_word' id='word_1_162' title='bbox 877 2565 960 2608; x_wconf 88' lang='lat' dir='ltr'><strong>ex</strong></span> <span class='ocrx_word' id='word_1_163' title='bbox 990 2555 1160 2628; x_wconf 90' lang='lat' dir='ltr'><strong>parte</strong></span> <span class='ocrx_word' id='word_1_164' title='bbox 1191 2565 1259 2609; x_wconf 88' lang='lat' dir='ltr'><strong>se</strong></span> <span class='ocrx_word' id='word_1_165' title='bbox 1291 2563 1527 2628; x_wconf 83' lang='lat' dir='ltr'><strong>quoque</strong></span> <span class='ocrx_word' id='word_1_166' title='bbox 1558 2566 1642 2610; x_wconf 83' lang='lat' dir='ltr'><strong>ex</strong></span> <span class='ocrx_word' id='word_1_167' title='bbox 1673 2544 1989 2611; x_wconf 84' lang='lat' dir='ltr'><strong>comoedia</strong></span> <span class='ocrx_word' id='word_1_168' title='bbox 2018 2544 2261 2628; x_wconf 87' lang='lat' dir='ltr'><strong>antiqua</strong></span> 
     </span>
     <span class='ocr_line' id='line_1_22' title="bbox 210 2645 2260 2732; baseline 0 -23"><span class='ocrx_word' id='word_1_169' title='bbox 210 2647 510 2732; x_wconf 75' lang='lat' dir='ltr'><strong>pendere,</strong></span> <span class='ocrx_word' id='word_1_170' title='bbox 544 2666 718 2728; x_wconf 84' lang='lat' dir='ltr'><strong>quam</strong></span> <span class='ocrx_word' id='word_1_171' title='bbox 750 2666 963 2711; x_wconf 85' lang='lat' dir='ltr'><strong>verum</strong></span> <span class='ocrx_word' id='word_1_172' title='bbox 996 2656 1187 2725; x_wconf 88' lang='lat' dir='ltr'><strong>esset,</strong></span> <span class='ocrx_word' id='word_1_173' title='bbox 1220 2647 1524 2712; x_wconf 77' lang='lat' dir='ltr'><strong>intellexit</strong></span> <span class='ocrx_word' id='word_1_174' title='bbox 1556 2667 1705 2713; x_wconf 81' lang='lat' dir='ltr'><strong>sane</strong></span> <span class='ocrx_word' id='word_1_175' title='bbox 1721 2645 2001 2727; x_wconf 75' lang='lat' dir='ltr'><strong>PersiuS,</strong></span> <span class='ocrx_word' id='word_1_176' title='bbox 2036 2656 2100 2712; x_wconf 87' lang='lat' dir='ltr'><strong>et</strong></span> <span class='ocrx_word' id='word_1_177' title='bbox 2129 2667 2260 2711; x_wconf 88' lang='lat' dir='ltr'><strong>cum</strong></span> 
     </span>
     <span class='ocr_line' id='line_1_23' title="bbox 213 2749 2263 2833; baseline -0.001 -20"><span class='ocrx_word' id='word_1_178' title='bbox 213 2750 428 2814; x_wconf 80' lang='lat' dir='ltr'><strong>horum</strong></span> <span class='ocrx_word' id='word_1_179' title='bbox 475 2749 757 2832; x_wconf 84' lang='lat' dir='ltr'><strong>exempla</strong></span> <span class='ocrx_word' id='word_1_180' title='bbox 803 2749 1072 2813; x_wconf 83' lang='lat' dir='ltr'><strong>studiose</strong></span> <span class='ocrx_word' id='word_1_181' title='bbox 1121 2749 1567 2828; x_wconf 86' lang='lat' dir='ltr'><strong>aemularetur,</strong></span> <span class='ocrx_word' id='word_1_182' title='bbox 1615 2750 1795 2814; x_wconf 86' lang='lat' dir='ltr'><strong>etiam</strong></span> <span class='ocrx_word' id='word_1_183' title='bbox 1827 2750 2128 2833; x_wconf 87' lang='lat' dir='ltr'><strong>antiquam</strong></span> <span class='ocrx_word' id='word_1_184' title='bbox 2160 2769 2263 2813; x_wconf 91' lang='lat' dir='ltr'><strong>co-</strong></span> 
     </span>
     <span class='ocr_line' id='line_1_24' title="bbox 210 2848 2262 2936; baseline 0 -23"><span class='ocrx_word' id='word_1_185' title='bbox 210 2851 511 2916; x_wconf 85' lang='lat' dir='ltr'><strong>moediam</strong></span> <span class='ocrx_word' id='word_1_186' title='bbox 542 2850 905 2934; x_wconf 84' lang='lat' dir='ltr'><strong>sequendam</strong></span> <span class='ocrx_word' id='word_1_187' title='bbox 952 2850 1066 2915; x_wconf 92' lang='lat' dir='ltr'><strong>sibi</strong></span> <span class='ocrx_word' id='word_1_188' title='bbox 1110 2869 1245 2914; x_wconf 87' lang='lat' dir='ltr'><strong>esse</strong></span> <span class='ocrx_word' id='word_1_189' title='bbox 1290 2871 1417 2913; x_wconf 89' lang='lat' dir='ltr'><strong>non</strong></span> <span class='ocrx_word' id='word_1_190' title='bbox 1448 2851 1641 2936; x_wconf 89' lang='lat' dir='ltr'><strong>potuit</strong></span> <span class='ocrx_word' id='word_1_191' title='bbox 1671 2870 1806 2916; x_wconf 83' lang='lat' dir='ltr'><strong>eum</strong></span> <span class='ocrx_word' id='word_1_192' title='bbox 1851 2854 2085 2936; x_wconf 82' lang='lat' dir='ltr'><strong>fugere.</strong></span> <span class='ocrx_word' id='word_1_193' title='bbox 2153 2848 2262 2914; x_wconf 88' lang='lat' dir='ltr'><strong>llla</strong></span> 
     </span>
     <span class='ocr_line' id='line_1_25' title="bbox 211 2951 2263 3040; baseline -0.001 -23"><span class='ocrx_word' id='word_1_194' title='bbox 211 2973 361 3018; x_wconf 82' lang='lat' dir='ltr'><strong>vera</strong></span> <span class='ocrx_word' id='word_1_195' title='bbox 394 2952 624 3016; x_wconf 85' lang='lat' dir='ltr'><strong>satirae</strong></span> <span class='ocrx_word' id='word_1_196' title='bbox 652 2951 969 3018; x_wconf 83' lang='lat' dir='ltr'><strong>Romanae</strong></span> <span class='ocrx_word' id='word_1_197' title='bbox 1001 2976 1134 3019; x_wconf 89' lang='lat' dir='ltr'><strong>cum</strong></span> <span class='ocrx_word' id='word_1_198' title='bbox 1179 2952 1492 3018; x_wconf 85' lang='lat' dir='ltr'><strong>comoedia</strong></span> <span class='ocrx_word' id='word_1_199' title='bbox 1534 2954 1774 3038; x_wconf 87' lang='lat' dir='ltr'><strong>antiqua</strong></span> <span class='ocrx_word' id='word_1_200' title='bbox 1819 2952 2139 3040; x_wconf 85' lang='lat' dir='ltr'><strong>cognatio,</strong></span> <span class='ocrx_word' id='word_1_201' title='bbox 2189 2953 2263 3016; x_wconf 89' lang='lat' dir='ltr'><strong>de</strong></span> 
     </span>
     <span class='ocr_line' id='line_1_26' title="bbox 211 3054 2259 3141; baseline 0 -25"><span class='ocrx_word' id='word_1_202' title='bbox 211 3075 324 3137; x_wconf 83' lang='lat' dir='ltr'><strong>qna</strong></span> <span class='ocrx_word' id='word_1_203' title='bbox 372 3065 498 3117; x_wconf 85' lang='lat' dir='ltr'><strong>tam</strong></span> <span class='ocrx_word' id='word_1_204' title='bbox 547 3055 793 3119; x_wconf 89' lang='lat' dir='ltr'><strong>multum</strong></span> <span class='ocrx_word' id='word_1_205' title='bbox 826 3056 1185 3141; x_wconf 86' lang='lat' dir='ltr'><strong>disputatum</strong></span> <span class='ocrx_word' id='word_1_206' title='bbox 1219 3066 1315 3120; x_wconf 86' lang='lat' dir='ltr'><strong>est</strong></span> <span class='ocrx_word' id='word_1_207' title='bbox 1351 3064 1412 3135; x_wconf 88' lang='lat'><strong>¹,</strong></span> <span class='ocrx_word' id='word_1_208' title='bbox 1460 3056 1513 3119; x_wconf 92' lang='lat' dir='ltr'><strong>si</strong></span> <span class='ocrx_word' id='word_1_209' title='bbox 1557 3077 1842 3120; x_wconf 89' lang='lat' dir='ltr'><strong>summam</strong></span> <span class='ocrx_word' id='word_1_210' title='bbox 1875 3064 2150 3139; x_wconf 80' lang='lat' dir='ltr'><strong>specteS‚</strong></span> <span class='ocrx_word' id='word_1_211' title='bbox 2198 3054 2259 3118; x_wconf 88' lang='lat' dir='ltr'><strong>in</strong></span> 
     </span>
     <span class='ocr_line' id='line_1_27' title="bbox 209 3154 2261 3242; baseline 0 -21"><span class='ocrx_word' id='word_1_212' title='bbox 209 3157 498 3221; x_wconf 83' lang='lat' dir='ltr'><strong>libertate</strong></span> <span class='ocrx_word' id='word_1_213' title='bbox 539 3154 643 3219; x_wconf 85' lang='lat' dir='ltr'><strong>illa</strong></span> <span class='ocrx_word' id='word_1_214' title='bbox 687 3157 857 3237; x_wconf 90' lang='lat' dir='ltr'><strong>sive,</strong></span> <span class='ocrx_word' id='word_1_215' title='bbox 905 3169 971 3223; x_wconf 91' lang='lat' dir='ltr'><strong>ut</strong></span> <span class='ocrx_word' id='word_1_216' title='bbox 1019 3154 1326 3223; x_wconf 82' lang='lat' dir='ltr'><strong>Iuvenalis</strong></span> <span class='ocrx_word' id='word_1_217' title='bbox 1372 3157 1462 3241; x_wconf 88' lang='lat'><strong>(1,</strong></span> <span class='ocrx_word' id='word_1_218' title='bbox 1501 3156 1653 3240; x_wconf 86' lang='lat'>153)</span> <span class='ocrx_word' id='word_1_219' title='bbox 1699 3158 1823 3237; x_wconf 88' lang='lat' dir='ltr'><strong>ait,</strong></span> <span class='ocrx_word' id='word_1_220' title='bbox 1884 3157 2261 3242; x_wconf 82' lang='lat' dir='ltr'><strong>simplicitate</strong></span> 
     </span>
     <span class='ocr_line' id='line_1_28' title="bbox 206 3259 2257 3346; baseline 0 -24"><span class='ocrx_word' id='word_1_221' title='bbox 206 3259 495 3343; x_wconf 87' lang='lat' dir='ltr'><strong>ponenda</strong></span> <span class='ocrx_word' id='word_1_222' title='bbox 542 3268 675 3338; x_wconf 88' lang='lat' dir='ltr'><strong>est,</strong></span> <span class='ocrx_word' id='word_1_223' title='bbox 722 3282 837 3344; x_wconf 83' lang='lat' dir='ltr'><strong>qua</strong></span> <span class='ocrx_word' id='word_1_224' title='bbox 879 3271 1057 3346; x_wconf 85' lang='lat' dir='ltr'><strong>poeta</strong></span> <span class='ocrx_word' id='word_1_225' title='bbox 1106 3261 1156 3325; x_wconf 91' lang='lat' dir='ltr'><strong>si</strong></span> <span class='ocrx_word' id='word_1_226' title='bbox 1188 3282 1361 3344; x_wconf 85' lang='lat' dir='ltr'><strong>quem</strong></span> <span class='ocrx_word' id='word_1_227' title='bbox 1406 3259 1639 3345; x_wconf 89' lang='lat' dir='ltr'><strong>publice</strong></span> <span class='ocrx_word' id='word_1_228' title='bbox 1673 3261 1964 3324; x_wconf 82' lang='lat' dir='ltr'><strong>famosum</strong></span> <span class='ocrx_word' id='word_1_229' title='bbox 1996 3260 2257 3339; x_wconf 87' lang='lat' dir='ltr'><strong>videbat,</strong></span> 
     </span>
     <span class='ocr_line' id='line_1_29' title="bbox 209 3361 2261 3448; baseline -0.002 -21"><span class='ocrx_word' id='word_1_230' title='bbox 209 3365 450 3429; x_wconf 83' lang='lat' dir='ltr'><strong>notavit</strong></span> <span class='ocrx_word' id='word_1_231' title='bbox 481 3374 660 3446; x_wconf 83' lang='lat' dir='ltr'><strong>atque</strong></span> <span class='ocrx_word' id='word_1_232' title='bbox 694 3364 1045 3448; x_wconf 82' lang='lat' dir='ltr'><strong>castigavit,</strong></span> <span class='ocrx_word' id='word_1_233' title='bbox 1092 3383 1228 3427; x_wconf 90' lang='lat' dir='ltr'><strong>nam</strong></span> <span class='ocrx_word' id='word_1_234' title='bbox 1260 3362 1531 3447; x_wconf 86' lang='lat' dir='ltr'><strong>privatae</strong></span> <span class='ocrx_word' id='word_1_235' title='bbox 1560 3361 1906 3426; x_wconf 86' lang='lat' dir='ltr'><strong>inimicitiae</strong></span> <span class='ocrx_word' id='word_1_236' title='bbox 1936 3362 2261 3445; x_wconf 85' lang='lat' dir='ltr'><strong>privatum-</strong></span> 
     </span>
     <span class='ocr_line' id='line_1_30' title="bbox 210 3463 2264 3552; baseline -0.001 -24"><span class='ocrx_word' id='word_1_237' title='bbox 210 3487 287 3530; x_wconf 74' lang='lat' dir='ltr'><strong>ve</strong></span> <span class='ocrx_word' id='word_1_238' title='bbox 334 3466 543 3529; x_wconf 90' lang='lat' dir='ltr'><strong>odium</strong></span> <span class='ocrx_word' id='word_1_239' title='bbox 589 3486 664 3530; x_wconf 86' lang='lat' dir='ltr'><strong>eo</strong></span> <span class='ocrx_word' id='word_1_240' title='bbox 709 3487 830 3529; x_wconf 88' lang='lat' dir='ltr'><strong>non</strong></span> <span class='ocrx_word' id='word_1_241' title='bbox 886 3465 1276 3552; x_wconf 82' lang='lat' dir='ltr'><strong>pertinebant</strong></span> <span class='ocrx_word' id='word_1_242' title='bbox 1310 3472 1370 3544; x_wconf 82' lang='lat'><strong>2,</strong></span> <span class='ocrx_word' id='word_1_243' title='bbox 1420 3484 1772 3548; x_wconf 83' lang='lat' dir='ltr'><strong>quamquam</strong></span> <span class='ocrx_word' id='word_1_244' title='bbox 1833 3463 2008 3527; x_wconf 82' lang='lat' dir='ltr'><strong>facile</strong></span> <span class='ocrx_word' id='word_1_245' title='bbox 2065 3472 2264 3545; x_wconf 88' lang='lat' dir='ltr'><strong>potest</strong></span> 
     </span>
     <span class='ocr_line' id='line_1_31' title="bbox 210 3565 2257 3653; baseline -0.002 -22"><span class='ocrx_word' id='word_1_246' title='bbox 210 3568 515 3653; x_wconf 84' lang='lat' dir='ltr'><strong>intelligi,</strong></span> <span class='ocrx_word' id='word_1_247' title='bbox 592 3588 707 3633; x_wconf 90' lang='lat' dir='ltr'><strong>nee</strong></span> <span class='ocrx_word' id='word_1_248' title='bbox 768 3588 806 3630; x_wconf 88' lang='lat' dir='ltr'><strong>a</strong></span> <span class='ocrx_word' id='word_1_249' title='bbox 864 3569 1100 3653; x_wconf 87' lang='lat' dir='ltr'><strong>privata</strong></span> <span class='ocrx_word' id='word_1_250' title='bbox 1168 3567 1552 3633; x_wconf 88' lang='lat' dir='ltr'><strong>cavillatione</strong></span> <span class='ocrx_word' id='word_1_251' title='bbox 1609 3565 1971 3630; x_wconf 84' lang='lat' dir='ltr'><strong>abstinuisse</strong></span> <span class='ocrx_word' id='word_1_252' title='bbox 2031 3574 2257 3648; x_wconf 86' lang='lat' dir='ltr'><strong>poetas.</strong></span> 
     </span>
     <span class='ocr_line' id='line_1_32' title="bbox 211 3666 2260 3756; baseline -0.003 -22"><span class='ocrx_word' id='word_1_253' title='bbox 211 3668 368 3735; x_wconf 83' lang='lat' dir='ltr'><strong>Tale</strong></span> <span class='ocrx_word' id='word_1_254' title='bbox 415 3688 677 3755; x_wconf 86' lang='lat' dir='ltr'><strong>poeseos</strong></span> <span class='ocrx_word' id='word_1_255' title='bbox 722 3690 913 3754; x_wconf 84' lang='lat' dir='ltr'><strong>genus</strong></span> <span class='ocrx_word' id='word_1_256' title='bbox 961 3691 1081 3732; x_wconf 90' lang='lat' dir='ltr'><strong>non</strong></span> <span class='ocrx_word' id='word_1_257' title='bbox 1130 3669 1325 3756; x_wconf 86' lang='lat' dir='ltr'><strong>potuit</strong></span> <span class='ocrx_word' id='word_1_258' title='bbox 1370 3669 1611 3746; x_wconf 79' lang='lat' dir='ltr'><strong>excoli,</strong></span> <span class='ocrx_word' id='word_1_259' title='bbox 1670 3668 1785 3731; x_wconf 88' lang='lat' dir='ltr'><strong>nisi</strong></span> <span class='ocrx_word' id='word_1_260' title='bbox 1829 3667 1893 3730; x_wconf 91' lang='lat' dir='ltr'><strong>in</strong></span> <span class='ocrx_word' id='word_1_261' title='bbox 1936 3666 2122 3729; x_wconf 88' lang='lat' dir='ltr'><strong>libera</strong></span> <span class='ocrx_word' id='word_1_262' title='bbox 2164 3686 2260 3729; x_wconf 91' lang='lat' dir='ltr'><strong>rc-</strong></span> 
     </span>
     <span class='ocr_line' id='line_1_33' title="bbox 212 3769 2258 3857; baseline -0.003 -19"><span class='ocrx_word' id='word_1_263' title='bbox 212 3773 444 3857; x_wconf 85' lang='lat' dir='ltr'><strong>publica</strong></span> <span class='ocrx_word' id='word_1_264' title='bbox 464 3820 486 3852; x_wconf 90' lang='lat'><strong><em>‚</em></strong></span> <span class='ocrx_word' id='word_1_265' title='bbox 534 3773 637 3837; x_wconf 85' lang='lat' dir='ltr'><strong>nbi</strong></span> <span class='ocrx_word' id='word_1_266' title='bbox 668 3772 834 3837; x_wconf 89' lang='lat' dir='ltr'><strong>nulla</strong></span> <span class='ocrx_word' id='word_1_267' title='bbox 861 3772 1054 3837; x_wconf 86' lang='lat' dir='ltr'><strong>virtus</strong></span> <span class='ocrx_word' id='word_1_268' title='bbox 1086 3772 1325 3837; x_wconf 83' lang='lat' dir='ltr'><strong>valebat</strong></span> <span class='ocrx_word' id='word_1_269' title='bbox 1352 3782 1599 3856; x_wconf 85' lang='lat' dir='ltr'><strong>praeter</strong></span> <span class='ocrx_word' id='word_1_270' title='bbox 1636 3769 1930 3855; x_wconf 87' lang='lat' dir='ltr'><strong>publicam</strong></span> <span class='ocrx_word' id='word_1_271' title='bbox 1953 3816 1970 3848; x_wconf 88' lang='lat'>,</span> <span class='ocrx_word' id='word_1_272' title='bbox 2021 3769 2117 3833; x_wconf 89' lang='lat' dir='ltr'><strong>ubi</strong></span> <span class='ocrx_word' id='word_1_273' title='bbox 2162 3769 2258 3852; x_wconf 85' lang='lat' dir='ltr'><strong>qui</strong></span> 
     </span>
    </p>
   </div>
   <div class='ocr_carea' id='block_1_3' title="bbox 208 3971 2259 4109">
    <p class='ocr_par' dir='ltr' id='par_1_4' title="bbox 208 3971 2259 4109">
     <span class='ocr_line' id='line_1_34' title="bbox 216 3971 1704 4040; baseline -0.004 -12"><span class='ocrx_word' id='word_1_274' title='bbox 216 3976 237 4028; x_wconf 81' lang='lat'>1</span> <span class='ocrx_word' id='word_1_275' title='bbox 276 3975 357 4027; x_wconf 70' lang='lat' dir='ltr'><strong>Cf.</strong></span> <span class='ocrx_word' id='word_1_276' title='bbox 400 3974 762 4037; x_wconf 69' lang='lat' dir='ltr'><strong>Heu-mannus,</strong></span> <span class='ocrx_word' id='word_1_277' title='bbox 811 3973 874 4024; x_wconf 89' lang='lat' dir='ltr'><strong>de</strong></span> <span class='ocrx_word' id='word_1_278' title='bbox 910 3980 1012 4024; x_wconf 85' lang='lat' dir='ltr'><strong>sat.</strong></span> <span class='ocrx_word' id='word_1_279' title='bbox 1049 3971 1191 4024; x_wconf 83' lang='lat' dir='ltr'><strong>Rom.</strong></span> <span class='ocrx_word' id='word_1_280' title='bbox 1232 3979 1374 4024; x_wconf 90' lang='lat' dir='ltr'><strong>auct.</strong></span> <span class='ocrx_word' id='word_1_281' title='bbox 1415 3989 1462 4040; x_wconf 84' lang='lat' dir='ltr'><strong>p.</strong></span> <span class='ocrx_word' id='word_1_282' title='bbox 1501 3973 1704 4040; x_wconf 61' lang='lat' dir='ltr'><strong>281qq.</strong></span> 
     </span>
     <span class='ocr_line' id='line_1_35' title="bbox 208 4041 2259 4109; baseline -0.003 -11"><span class='ocrx_word' id='word_1_283' title='bbox 208 4045 239 4098; x_wconf 76' lang='lat'><em>2</em></span> <span class='ocrx_word' id='word_1_284' title='bbox 272 4044 561 4097; x_wconf 75' lang='lat' dir='ltr'><strong>Diserimen</strong></span> <span class='ocrx_word' id='word_1_285' title='bbox 619 4044 713 4094; x_wconf 84' lang='lat' dir='ltr'><strong>boe</strong></span> <span class='ocrx_word' id='word_1_286' title='bbox 765 4041 918 4093; x_wconf 73' lang='lat' dir='ltr'><strong>tacite</strong></span> <span class='ocrx_word' id='word_1_287' title='bbox 966 4043 1162 4108; x_wconf 84' lang='lat' dir='ltr'><strong>patebit</strong></span> <span class='ocrx_word' id='word_1_288' title='bbox 1214 4042 1414 4092; x_wconf 85' lang='lat' dir='ltr'><strong>Horatii</strong></span> <span class='ocrx_word' id='word_1_289' title='bbox 1466 4041 1656 4092; x_wconf 79' lang='lat' dir='ltr'><strong>satiras</strong></span> <span class='ocrx_word' id='word_1_290' title='bbox 1708 4048 1864 4109; x_wconf 81' lang='lat' dir='ltr'><strong>atque</strong></span> <span class='ocrx_word' id='word_1_291' title='bbox 1911 4041 2092 4107; x_wconf 83' lang='lat' dir='ltr'><strong>epodos</strong></span> <span class='ocrx_word' id='word_1_292' title='bbox 2129 4054 2259 4091; x_wconf 81' lang='lat' dir='ltr'><strong>com-</strong></span> 
     </span>
    </p>
   </div>
   <div class='ocr_carea' id='block_1_4' title="bbox 270 4116 503 4182">
    <p class='ocr_par' dir='ltr' id='par_1_5' title="bbox 270 4116 503 4182">
     <span class='ocr_line' id='line_1_36' title="bbox 270 4116 503 4182; baseline -0.013 -17"><span class='ocrx_word' id='word_1_293' title='bbox 270 4116 503 4182; x_wconf 78' lang='lat' dir='ltr'><strong>paranti.</strong></span> 
     </span>
    </p>
   </div>
  </div>
 </body>
</html>
