2764 4738
508 454 723 498 cxxxi!
1159 429 1892 496 PROLEGOMENA.

507 606 628 670 situ
674 623 961 690 oppressa
992 604 1122 669 fere
1162 614 1224 667 et
1266 605 1548 688 neglecta
1586 602 1860 678 iacebat,
1907 608 2118 665 contra
2146 597 2209 661 id
2240 596 2572 682 exemplar

506 707 663 790 quod
709 704 1018 771 Cornutus
1063 706 1486 790 explicandum
1533 705 1647 768 sibi
1705 704 1952 780 sumsit,
2002 700 2265 784 antiquis
2312 698 2572 764 scholiis

508 810 778 873 caruisse
820 809 1085 873 videtur.
1154 806 1235 871 Et
1280 810 1540 872 fortasse
1587 804 2004 871 commentarii
2035 826 2071 867 a
2107 800 2387 867 Cornuto
2419 822 2569 886 pro-

509 912 653 975 fecti
713 932 863 994 quae
923 910 1106 993 vulgo
1166 909 1530 974 credebatur
1585 907 1955 993 praestantia
1999 906 2239 982 effecit,
2317 914 2384 967 ut
2442 903 2570 966 alia

508 1012 877 1097 exemplaria
909 1022 1468 1076 contemnerentur.
1534 1010 1739 1074 Aliter
1780 1010 1843 1073 in
1874 1008 2092 1073 Persio
2123 1007 2370 1084 evenit,
2421 1026 2569 1068 nam

508 1115 711 1178 omnia
763 1134 837 1176 eo
895 1115 1154 1189 ducunt,
1205 1124 1270 1176 ut
1325 1113 1457 1177 eius
1502 1112 1826 1176 satirarum
1888 1131 2068 1175 unam
2130 1108 2568 1173 recensionem

507 1236 747 1301 semper
796 1226 1100 1281 servatam
1162 1234 1298 1279 esse
1343 1225 1659 1299 putemus,
1708 1225 1772 1279 et
1828 1234 1961 1278 cnm
2021 1231 2095 1276 ea
2153 1208 2568 1291 antiquiorum

506 1319 1031 1400 grammaticorum
1062 1318 1354 1400 reliquiae
1386 1317 1463 1380 ad
1483 1314 1821 1381 Cornutum
1852 1310 2208 1400 pervenisse
2241 1311 2562 1386 videntur,

509 1421 607 1501 qui
639 1421 781 1484 inde
812 1421 1003 1484 frusta
1037 1420 1331 1503 quaedam
1362 1418 1660 1484 servavit.

683 1552 756 1617 In
801 1576 876 1619 eo
918 1566 1121 1620 autem
1166 1554 1431 1619 maxime
1475 1565 1759 1619 versatur
1800 1550 2059 1619 Cornuti
2089 1573 2275 1630 cura,
2325 1562 2392 1615 ut
2422 1573 2568 1616 sen-

508 1678 638 1720 sum
670 1668 733 1722 et
762 1678 987 1722 nexum
1018 1658 1457 1722 sententiarum
1489 1656 1719 1720 indicet
1750 1666 1928 1739 atque
1961 1655 2198 1738 singula
2230 1655 2423 1719 verba
2454 1675 2568 1716 ex·

504 1759 721 1843 plicet,
767 1760 924 1842 quod
968 1758 1170 1823 addita
1212 1756 1552 1845 periphrasi
1593 1760 1744 1822 satis
1786 1758 2087 1836 verbosa,
2134 1756 2246 1821 hic‘
2277 1758 2403 1821 illic
2437 1777 2563 1820 non

505 1860 857 1944 ineleganti,
891 1862 976 1926 ita
1006 1869 1318 1926 assecutus
1350 1871 1449 1924 est
1469 1908 1489 1939 ,
1546 1871 1612 1924 nt
1642 1880 1824 1944 saepe
1855 1878 2004 1925 vere
2037 1870 2099 1923 et
2129 1869 2267 1944 apte
2303 1859 2560 1933 dixerit,

503 1961 663 2026 haud
696 1984 837 2026 raro
868 1964 1047 2027 ctiam
1079 1961 1407 2026 erraverit.
1463 1960 1802 2027 Praeterea
1847 1984 1922 2028 eo
1954 1961 2327 2046 potissimum
2360 1971 2565 2024 atten-

505 2064 624 2141 dit,
672 2075 739 2129 ut
784 2065 1005 2148 dialogi
1044 2064 1345 2127 rationem
1398 2074 1708 2149 exponat,
1755 2075 1819 2128 et
1848 2066 2068 2147 figuras
2099 2062 2440 2127 rhetoricas
2473 2063 2567 2124 in-

508 2166 701 2244 dicet,
737 2167 892 2249 quod
924 2168 1056 2231 eius
1090 2166 1379 2252 temporis
1409 2166 1570 2231 haud
1604 2167 1871 2230 ultimum
1904 2166 2164 2230 studium
2199 2165 2332 2227 suit.
2384 2163 2565 2246 Quae

506 2269 579 2331 ad
641 2289 742 2332 res
804 2268 1194 2351 explicandas
1256 2290 1317 2334 e.
1368 2292 1426 2333 c.
1490 2289 1524 2332 e
1565 2270 1937 2356 mythologia
1977 2267 2163 2352 petita
2209 2267 2426 2345 affert,
2492 2286 2568 2329 ea

506 2371 707 2434 omnia
738 2371 867 2433 fere
899 2372 983 2433 ita
1014 2383 1364 2455 comparata
1395 2384 1574 2450 sunt,
1622 2381 1688 2436 ut
1732 2394 1808 2437 ea
1851 2393 1975 2435 non
2013 2372 2360 2446 excedant,
2411 2389 2566 2452 qnae

504 2492 615 2555 per
644 2472 900 2535 medium
935 2475 1063 2537 sere
1093 2492 1310 2537 aevum
1345 2484 1489 2538 nota
1521 2485 1721 2539 erant.
1783 2472 1870 2538 Ut
1913 2472 2160 2536 omnino
2206 2472 2267 2534 in
2314 2470 2567 2535 seriori-

503 2571 615 2636 bus
660 2573 1065 2655 grammaticis
1113 2586 1342 2639 certum
1392 2576 1563 2659 quasi
1607 2576 1907 2658 quendam
1955 2574 2271 2639 doctrinae
2319 2574 2565 2636 modum

507 2674 945 2759 conspicimus,
1003 2686 1069 2739 ut
1126 2676 1334 2742 iisdem
1398 2676 1568 2742 libris
1628 2678 1760 2742 fere
1806 2688 2093 2754 utantur,
2154 2675 2402 2738 easdem
2460 2694 2565 2738 res

505 2777 804 2857 doceant,
863 2779 1108 2842 eosdem
1166 2799 1415 2844 errores
1476 2790 1757 2864 repetant
1816 2790 1879 2844 et
1933 2788 2305 2862 propagent,
2352 2776 2444 2841 ita
2503 2777 2566 2839 in

504 2891 716 2943 nostro
749 2899 1005 2963 quoque.
1080 2877 1243 2944 Nam
1277 2891 1344 2945 nt
1373 2881 1436 2943 in
1467 2883 1775 2966 permultis
1807 2900 1959 2965 quae
1992 2881 2177 2943 tradit
2207 2900 2345 2944 cum
2389 2876 2568 2943 Ser-

505 2981 671 3058 vio,
716 2982 803 3044 ita
846 2982 1090 3067 saepius
1135 2982 1314 3046 etiam
1347 3003 1481 3046 cum
1514 2981 1829 3048 Isidoro
1864 2984 1921 3048 ei
1967 2982 2297 3059 convenit,
2345 2990 2415 3043 ut
2459 2983 2567 3044 du-

503 3081 684 3145 bitari
732 3093 1030 3165 nequeat,
1078 3084 1219 3166 quin
1267 3103 1349 3147 ex
1396 3085 1529 3149 eius
1575 3084 1909 3169 originibus
1958 3093 2242 3167 tanquam
2275 3082 2567 3168 primario

504 3186 670 3248 sonte
720 3184 989 3250 hauserit
1047 3204 1198 3270 quae
1268 3187 1468 3250 docet.
1545 3183 1615 3251 Id
1671 3187 1898 3272 poterit
1958 3187 2135 3251 facile
2193 3186 2296 3249 vel
2342 3207 2428 3250 ex
2489 3186 2566 3249 iis

501 3287 802 3370 perspici,
864 3310 1012 3373 quas
1072 3289 1134 3351 in
1193 3288 1351 3352 notis
1412 3289 1594 3352 allata
1636 3299 1803 3353 sunt.
1884 3286 2202 3372 Quaedam
2247 3289 2433 3352 etiam
2483 3308 2567 3351 ex

505 3383 972 3471 Fulgentio,
1039 3390 1255 3455 dubiae
1300 3390 1435 3453 lidei
1496 3391 1824 3475 scriptore,
1884 3391 2073 3475 petita
2132 3411 2273 3455 esse
2338 3391 2568 3455 docent

502 3510 652 3570 quae
686 3512 743 3575 p.
772 3489 897 3556 241
932 3515 1024 3576 sq.
1076 3503 1139 3558 et
1170 3490 1299 3557 248
1330 3514 1395 3554 n.
1430 3491 1468 3556 5
1500 3491 1709 3568 attuli,
1759 3503 1823 3556 et
1863 3503 2008 3557 sunt
2048 3514 2202 3576 quae
2233 3514 2268 3558 a
2315 3489 2566 3558 Paulo

498 3587 857 3657 Diacono
901 3595 1192 3660 sumsisse
1238 3594 1434 3658 videri
1474 3596 1704 3680 possit,
1753 3593 1832 3659 cf.
1869 3595 1947 3658 ad
1980 3596 2135 3679 prol.
2171 3595 2214 3661 8
2245 3595 2325 3659 cl.
2361 3593 2441 3659 P.
2477 3592 2560 3658 D.

499 3712 553 3755 s.
603 3713 664 3753 v.
707 3699 993 3780 pagani,
1044 3695 1097 3774 Ι,
1148 3693 1234 3759 82
1278 3698 1355 3760 cl.
1405 3694 1484 3760 P.
1533 3694 1612 3759 D.
1662 3719 1716 3761 s.
1763 3720 1822 3759 v.
1875 3699 2182 3774 trossuli,
2230 3694 2283 3776 l,
2325 3695 2452 3762 108
2481 3698 2562 3761 cl.

497 3790 572 3855 P.
612 3789 691 3854 D.
737 3815 791 3858 s.
833 3819 894 3859 v.
928 3820 1069 3873 808,
1134 3794 1249 3875 lV,
1286 3796 1362 3861 51
1415 3799 1491 3862 cl.
1538 3797 1615 3862 P.
1649 3797 1732 3861 D.
1769 3821 1823 3863 s.
1859 3823 1923 3864 v.
1953 3820 2260 3885 cercopa,
2324 3796 2444 3877 vl,
2481 3795 2564 3863 56

499 3894 576 3958 cl.
627 3891 701 3957 P.
751 3894 831 3960 D.
881 3922 936 3963 s.
982 3923 1043 3963 v.
1094 3899 1334 3963 manias
1376 3911 1442 3965 et
1481 3901 1748 3964 maniae.
1842 3901 2152 3986 Antiquos
2196 3903 2559 3988 scriptores,

497 4007 743 4082 praeter
785 4021 1006 4085 paucos
1050 4005 1220 4067 locos
1268 4003 1342 4066 de
1391 4003 1603 4087 quibus
1648 4003 1806 4066 infra
1855 4004 2176 4070 dicendum
2224 4005 2388 4085 erit,
2437 4026 2560 4070 non

67 4113 443 4475 r
494 4099 735 4180 laudat,
786 4104 902 4171 nisi
948 4104 1294 4172 notissimos
1337 4114 1400 4169 et
1443 4126 1557 4192 per
1586 4104 1844 4173 medium
1875 4127 2095 4171 aevum
2127 4106 2394 4172 maxime
2427 4105 2558 4171 vul-

746 4541 791 4596 Ἃ,
