2764 4738
471 441 617 486 cciv
1125 419 1856 484 PROLEGOMENA.

468 588 689 657 Ukerti
734 584 931 655 Beitr.
980 610 1036 652 z.
1081 590 1185 654 ult.
1230 588 1387 654 Litt.
1451 609 1511 673 p.
1544 587 1675 653 254
1720 587 2150 675 n.1o⁰(G.).
2212 589 2285 654 In
2333 614 2526 657 mem-

469 692 678 756 branis
721 694 954 757 formae
1014 693 1340 776 quadratae
1400 711 1568 756 saec.
1629 689 1788 757 XIV
1848 692 2037 756 nitide
2082 694 2339 778 scriptus
2386 706 2523 773 est3

470 796 662 858 altera
708 814 918 858 manus
961 794 1107 858 vitia
1140 795 1415 860 correxit
1444 804 1507 856 et
1534 795 1737 858 varias
1768 795 2056 878 quasdam
2086 795 2383 859 lectiones
2414 798 2527 859 ad-

469 898 732 982 scripsit.
811 894 1175 960 Contulerat
1229 894 1664 960 Passovius
1711 898 1803 979 (p.
1841 893 1996 978 155)
2058 918 2192 961 cnm
2254 897 2525 961 editione

472 997 821 1064 Casauhoni
844 1046 861 1076 ‚
909 997 1069 1062 unde
1115 997 1406 1082 descripsi
1449 997 1824 1062 concedente
1859 996 1975 1063 W.
2008 995 2093 1060 A.
2126 996 2462 1063 Passovi
2484 1020 2524 1061 o

473 1103 598 1166 filio
625 1147 643 1179 ,
691 1122 750 1165 a.
790 1097 977 1165 1835.

375 1207 444 1257 11.
642 1201 798 1267 Cod.
848 1202 1247 1267 bibliothecae
1295 1201 1569 1287 publicae
1610 1200 2147 1286 Hamburgenst's,
2200 1222 2266 1266 n.
2316 1199 2406 1265 IV
2436 1199 2520 1281 B,

470 1303 596 1369 198
627 1304 819 1389 (Η.),
881 1304 1416 1382 membranaceus,
1477 1306 1670 1368 forma
1711 1303 1985 1381 minore,
2044 1322 2213 1367 saec.
2262 1300 2389 1366 XII
2419 1305 2525 1368 vel

470 1404 632 1470 XIII
667 1406 854 1470 nitide
886 1406 1184 1489 scriptus,
1220 1408 1394 1492 pictis
1424 1425 1574 1470 auro
1605 1405 1905 1488 minioque
1934 1404 2286 1470 initialibus.
2354 1402 2523 1469 Con-

469 1509 580 1573 tuli
612 1528 671 1570 a.
711 1505 896 1572 1835.
952 1510 1137 1571 Alter
1164 1510 1435 1573 eiusdem
1468 1509 1869 1572 bibliothecae
1902 1508 2105 1572 codex
2135 1507 2523 1581 chartaceus,

470 1611 665 1673 forma
698 1608 953 1673 maxima
976 1656 993 1686 ‚
1041 1629 1205 1674 saec.
1242 1608 1398 1676 XIV
1428 1611 1689 1694 scriptus
1721 1620 1838 1673 est.
1910 1608 2063 1674 Eius
2093 1632 2196 1673 vv.
2231 1611 2296 1673 ll.
2334 1611 2529 1674 edidit

468 1711 914 1775 Runkelius
955 1711 1014 1773 in
1065 1708 1352 1777 Seebodii
1399 1711 1487 1776 N.
1521 1711 1712 1775 Arch.
1749 1733 1809 1775 a.
1849 1709 2014 1774 1829
2045 1733 2108 1774 ιι.
2146 1708 2262 1790 10,
2312 1724 2376 1776 et
2405 1733 2524 1795 ego

470 1814 646 1878 habui
709 1813 1045 1897 descriptas
1104 1812 1178 1876 ab
1237 1810 1527 1878 Islero.
1609 1811 1838 1878 Verum
1896 1814 2106 1877 nescio
2148 1834 2263 1897 quo
2309 1834 2526 1878 errore

469 1916 674 2001 putavi
725 1914 883 1978 hunc
933 1915 1187 1979 eundem
1238 1935 1375 1978 esse
1417 1936 1550 1979 cum
1583 1933 1696 1991 eo,
1744 1935 1919 1998 quem
1951 1914 2083 1999 ipse
2115 1917 2523 1994 contuleram,

471 2017 674 2100 itaque
705 2016 991 2101 neglexi.
1071 2014 1194 2081 Sed
1240 2037 1365 2080 non
1412 2027 1543 2094 est,
1592 2017 1749 2100 quod
1798 2016 1872 2079 de
1919 2036 1993 2081 ea
2039 2036 2108 2080 re
2152 2036 2523 2102 magnopere

474 2119 734 2183 doleam.

378 2218 442 2269 L·
642 2218 800 2284 Cod.
865 2218 1270 2285 bibliothecae
1327 2219 1680 2285 monasterii
1740 2216 1838 2285 St.
1902 2216 2227 2299 Michaelis
2273 2219 2528 2284 Lunae·

470 2320 806 2406 burgensis
836 2319 1024 2405 (L),
1071 2321 1144 2385 de
1176 2344 1294 2407 quo
1322 2346 1388 2390 v.
1426 2322 1508 2386 A.
1546 2319 1839 2401 Martini,
1887 2319 2083 2387 Bcitr.
2131 2345 2192 2387 z.
2243 2319 2519 2387 Renntn.

471 2424 528 2486 d.
562 2421 850 2486 Biblioth.
889 2425 996 2488 des
1032 2421 1305 2489 Rlosters
1340 2423 1435 2489 St.
1470 2423 1791 2490 Michaelis
1827 2426 1892 2489 in
1922 2423 2281 2508 Liinehnrg.
2335 2423 2526 2489 1827.

468 2521 977 2590 membranaceus
1023 2537 1154 2605 est,
1218 2527 1405 2591 nitide
1455 2526 1751 2611 scriptus,
1816 2538 1881 2592 et
1934 2540 2184 2612 praeter
2239 2525 2524 2591 Persium

470 2628 648 2691 etiam
680 2625 1028 2691 Iuvenalem
1065 2629 1353 2693 continet.
1416 2627 1637 2694 Varias
1668 2630 1964 2693 lectiones
1995 2630 2307 2713 proposuit
2348 2625 2404 2690 1.
2439 2627 2521 2691 F.

469 2727 921 2812 Wagnerus
943 2776 962 2809 ,
1010 2731 1074 2794 in
1106 2731 1394 2795 versione
1422 2730 1624 2795 Persii
1658 2728 1926 2809 (Liineh.
1965 2729 2163 2812 1811)
2193 2753 2250 2816 p.
2284 2729 2522 2814 96sqq.

939 2933 1156 2985 Codices
1192 2933 1538 2985 bibliothecae
1589 2933 2042 2986 Monacensis.

639 3047 796 3114 Cod.
831 3053 1330 3116 membranaceus
1362 3052 1522 3137 sign.
1559 3035 1634 3156 Ῑὲξ
1664 3075 1723 3118 a.
1746 3099 1765 3130 ‚
1814 3056 2008 3118 forma
2038 3053 2301 3131 minore,
2348 3073 2521 3118 saec.

468 3163 597 3231 XII
616 3216 633 3246 ‚
694 3168 786 3233 bis
848 3172 1121 3234 continet
1176 3168 1377 3235 Persii
1438 3172 1658 3237 satiras
1721 3174 2077 3257 descriptas.
2151 3168 2333 3234 Alter
2378 3173 2521 3235 cod.

308 3282 371 3333 Μ
397 3282 441 3333 t.
471 3268 586 3349 (M
613 3269 701 3351 1.)
736 3272 895 3336 foliis
928 3271 1004 3336 11
1039 3270 1318 3337 Persium
1354 3275 1630 3339 continet
1660 3275 1848 3337 nitide
1879 3275 2164 3358 scriptum
2196 3295 2325 3336 cum
2361 3274 2528 3356 glos·

309 3375 443 3429 1112.
472 3371 556 3435 sis
578 3417 596 3448 ‚
631 3373 790 3437 alter
819 3384 881 3437 et
911 3374 1037 3457 ipse
1071 3374 1431 3440 nitidissime
1463 3376 1727 3461 scriptus
1759 3375 1873 3459 (M
1884 3375 1982 3461 2.)
2014 3377 2173 3439 soliis
2210 3374 2290 3439 12
2318 3372 2525 3439 Persii

469 3474 689 3538 satiras
722 3496 856 3539 cum
888 3476 1131 3539 scholiis
1163 3474 1369 3540 hahet.

310 3581 369 3632 M
390 3582 440 3634 3.
641 3574 798 3641 Cod.
847 3577 1344 3642 membranaceus
1378 3601 1441 3642 n.
1476 3576 1559 3643 83
1606 3579 1721 3662 (Μ
1737 3579 1866 3662 3.),
1911 3582 2108 3643 forma
2145 3579 2383 3642 minore
2418 3577 2526 3642 oh—

470 3676 690 3760 longa‚
750 3698 916 3743 saec.
965 3676 1133 3757 XII,
1194 3681 1351 3744 foliis
1398 3681 1441 3747 9
1484 3683 1769 3767 scriptum
1826 3681 2102 3746 Persium
2145 3680 2370 3760 hahet,
2426 3703 2525 3746 se-

472 3789 738 3860 qunntur
765 3781 895 3844 soll.
928 3778 969 3844 9
1000 3781 1234 3846 scholia
1264 3784 1338 3846 ab
1372 3782 1578 3846 eadem
1611 3805 1791 3848 mann
1823 3786 2076 3870 scripta.

313 3888 374 3940 Μ
396 3890 448 3941 4.
646 3879 803 3945 Cod.
841 3883 1168 3945 membran.
1207 3905 1271 3947 n.
1303 3881 1468 3965 330,
1505 3887 1698 3949 forma
1729 3888 2017 3971 quadrata
2049 3886 2279 3949 maiore
2300 3933 2318 3962 ‚
2352 3905 2523 3950 saec.

474 3978 568 4046 XI
615 3981 798 4048 habet
842 3985 967 4047 soll.
1016 3982 1100 4048 58
1142 3986 1426 4051 Avitum.
1502 3985 1679 4051 Folio
1740 3987 1823 4053 58
1882 4009 2064 4051 verso
2125 3987 2385 4070 scriptus
2431 3997 2526 4051 est

474 4082 675 4150 Persii
723 4086 1044 4171 prologus,
1108 4098 1171 4151 et
1214 4099 1332 4154 sat.
1377 4087 1434 4168 1,
1481 4111 1609 4154 vss.
1656 4090 1721 4154 7.
1788 4089 1970 4155 Tunc
2014 4090 2089 4153 ah
2121 4090 2315 4155 altera
2345 4110 2530 4153 manu
