<?xml version="1.0" encoding="UTF-8"?>
<!DOCTYPE html PUBLIC "-//W3C//DTD XHTML 1.0 Transitional//EN"
    "http://www.w3.org/TR/xhtml1/DTD/xhtml1-transitional.dtd">
<html xmlns="http://www.w3.org/1999/xhtml" xml:lang="en" lang="en">
 <head>
  <title>
</title>
<meta http-equiv="Content-Type" content="text/html;charset=utf-8" />
  <meta name='ocr-system' content='tesseract 3.04.00' />
  <meta name='ocr-capabilities' content='ocr_page ocr_carea ocr_par ocr_line ocrx_word'/>
</head>
<body>
  <div class='ocr_page' id='page_1' title='image "./satirarumliberc01jahngoog_0018.png"; bbox 0 0 2764 4738; ppageno 0'>
   <div class='ocr_carea' id='block_1_1' title="bbox 179 1386 2306 3526">
    <p class='ocr_par' dir='ltr' id='par_1_1' title="bbox 184 1386 2208 2402">
     <span class='ocr_line' id='line_1_1' title="bbox 338 1386 2207 1479; baseline 0.002 -27"><span class='ocrx_word' id='word_1_1' title='bbox 338 1386 402 1454; x_wconf 88' lang='lat' dir='ltr'><strong>lu</strong></span> <span class='ocrx_word' id='word_1_2' title='bbox 457 1390 587 1456; x_wconf 83' lang='lat' dir='ltr'><strong>vita</strong></span> <span class='ocrx_word' id='word_1_3' title='bbox 640 1386 845 1456; x_wconf 88' lang='lat' dir='ltr'><strong>Persii</strong></span> <span class='ocrx_word' id='word_1_4' title='bbox 905 1388 1253 1455; x_wconf 86' lang='lat' dir='ltr'><strong>enarranda</strong></span> <span class='ocrx_word' id='word_1_5' title='bbox 1310 1386 1597 1475; x_wconf 79' lang='lat' dir='ltr'><strong>optimam</strong></span> <span class='ocrx_word' id='word_1_6' title='bbox 1643 1387 1856 1455; x_wconf 92' lang='lat' dir='ltr'><strong>ducem</strong></span> <span class='ocrx_word' id='word_1_7' title='bbox 1893 1390 2207 1479; x_wconf 73' lang='lat' dir='ltr'><strong>sequimur</strong></span> 
     </span>
     <span class='ocr_line' id='line_1_2' title="bbox 214 1488 2206 1578; baseline 0.004 -26"><span class='ocrx_word' id='word_1_8' title='bbox 214 1488 353 1556; x_wconf 74' lang='lat' dir='ltr'><strong>vitan</strong></span> <span class='ocrx_word' id='word_1_9' title='bbox 385 1515 421 1558; x_wconf 87' lang='lat' dir='ltr'><strong>a</strong></span> <span class='ocrx_word' id='word_1_10' title='bbox 464 1494 821 1559; x_wconf 89' lang='lat' dir='ltr'><strong>doctissimo</strong></span> <span class='ocrx_word' id='word_1_11' title='bbox 871 1491 1263 1578; x_wconf 85' lang='lat' dir='ltr'><strong>grammatico</strong></span> <span class='ocrx_word' id='word_1_12' title='bbox 1320 1490 1647 1576; x_wconf 79' lang='lat' dir='ltr'><strong>scriptam,</strong></span> <span class='ocrx_word' id='word_1_13' title='bbox 1719 1513 1874 1576; x_wconf 85' lang='lat' dir='ltr'><strong>quae</strong></span> <span class='ocrx_word' id='word_1_14' title='bbox 1930 1496 2206 1577; x_wconf 83' lang='lat' dir='ltr'><strong>quamvis</strong></span> 
     </span>
     <span class='ocr_line' id='line_1_3' title="bbox 212 1592 2205 1682; baseline 0.005 -29"><span class='ocrx_word' id='word_1_15' title='bbox 212 1612 301 1657; x_wconf 82' lang='lat' dir='ltr'><strong>nec</strong></span> <span class='ocrx_word' id='word_1_16' title='bbox 329 1594 560 1682; x_wconf 83' lang='lat' dir='ltr'><strong>integra</strong></span> <span class='ocrx_word' id='word_1_17' title='bbox 616 1618 733 1661; x_wconf 86' lang='lat' dir='ltr'><strong>nec</strong></span> <span class='ocrx_word' id='word_1_18' title='bbox 784 1596 1139 1679; x_wconf 89' lang='lat' dir='ltr'><strong>incorrupta</strong></span> <span class='ocrx_word' id='word_1_19' title='bbox 1193 1592 1271 1657; x_wconf 87' lang='lat' dir='ltr'><strong>ad</strong></span> <span class='ocrx_word' id='word_1_20' title='bbox 1314 1602 1428 1657; x_wconf 82' lang='lat' dir='ltr'><strong>nos</strong></span> <span class='ocrx_word' id='word_1_21' title='bbox 1473 1594 1793 1678; x_wconf 84' lang='lat' dir='ltr'><strong>pervenit,</strong></span> <span class='ocrx_word' id='word_1_22' title='bbox 1854 1617 1970 1679; x_wconf 83' lang='lat' dir='ltr'><strong>qua</strong></span> <span class='ocrx_word' id='word_1_23' title='bbox 2016 1597 2089 1662; x_wconf 91' lang='lat' dir='ltr'><strong>de</strong></span> <span class='ocrx_word' id='word_1_24' title='bbox 2133 1617 2205 1661; x_wconf 89' lang='lat' dir='ltr'><strong>re</strong></span> 
     </span>
     <span class='ocr_line' id='line_1_4' title="bbox 203 1693 2204 1782; baseline 0.001 -22"><span class='ocrx_word' id='word_1_25' title='bbox 203 1693 327 1760; x_wconf 76' lang='lat' dir='ltr'><strong>infra</strong></span> <span class='ocrx_word' id='word_1_26' title='bbox 362 1697 675 1763; x_wconf 83' lang='lat' dir='ltr'><strong>dicendum</strong></span> <span class='ocrx_word' id='word_1_27' title='bbox 723 1700 881 1779; x_wconf 89' lang='lat' dir='ltr'><strong>erit,</strong></span> <span class='ocrx_word' id='word_1_28' title='bbox 940 1709 1147 1762; x_wconf 87' lang='lat' dir='ltr'><strong>tamen</strong></span> <span class='ocrx_word' id='word_1_29' title='bbox 1191 1717 1266 1760; x_wconf 89' lang='lat' dir='ltr'><strong>ea</strong></span> <span class='ocrx_word' id='word_1_30' title='bbox 1311 1695 1487 1760; x_wconf 88' lang='lat' dir='ltr'><strong>nobis</strong></span> <span class='ocrx_word' id='word_1_31' title='bbox 1528 1695 1814 1776; x_wconf 77' lang='lat' dir='ltr'><strong>tradidit,</strong></span> <span class='ocrx_word' id='word_1_32' title='bbox 1871 1718 2025 1782; x_wconf 82' lang='lat' dir='ltr'><strong>quae</strong></span> <span class='ocrx_word' id='word_1_33' title='bbox 2080 1720 2204 1765; x_wconf 93' lang='lat' dir='ltr'><strong>non</strong></span> 
     </span>
     <span class='ocr_line' id='line_1_5' title="bbox 195 1798 2205 1887; baseline 0.002 -24"><span class='ocrx_word' id='word_1_34' title='bbox 195 1798 292 1863; x_wconf 80' lang='lat' dir='ltr'><strong>nisi</strong></span> <span class='ocrx_word' id='word_1_35' title='bbox 323 1800 392 1865; x_wconf 78' lang='lat' dir='ltr'><strong>ab</strong></span> <span class='ocrx_word' id='word_1_36' title='bbox 433 1823 509 1867; x_wconf 87' lang='lat' dir='ltr'><strong>eo</strong></span> <span class='ocrx_word' id='word_1_37' title='bbox 555 1800 720 1865; x_wconf 88' lang='lat' dir='ltr'><strong>tradi</strong></span> <span class='ocrx_word' id='word_1_38' title='bbox 761 1810 1128 1885; x_wconf 87' lang='lat' dir='ltr'><strong>potuerunt,</strong></span> <span class='ocrx_word' id='word_1_39' title='bbox 1176 1798 1277 1883; x_wconf 85' lang='lat' dir='ltr'><strong>qui</strong></span> <span class='ocrx_word' id='word_1_40' title='bbox 1323 1808 1544 1883; x_wconf 89' lang='lat' dir='ltr'><strong>poetae</strong></span> <span class='ocrx_word' id='word_1_41' title='bbox 1591 1799 1789 1862; x_wconf 88' lang='lat' dir='ltr'><strong>nostri</strong></span> <span class='ocrx_word' id='word_1_42' title='bbox 1832 1802 2205 1887; x_wconf 75' lang='lat' dir='ltr'><strong>temporibus</strong></span> 
     </span>
     <span class='ocr_line' id='line_1_6' title="bbox 190 1901 2207 1987; baseline 0.002 -22"><span class='ocrx_word' id='word_1_43' title='bbox 190 1902 465 1985; x_wconf 83' lang='lat' dir='ltr'><strong>proximus</strong></span> <span class='ocrx_word' id='word_1_44' title='bbox 495 1915 658 1983; x_wconf 87' lang='lat' dir='ltr'><strong>erat,</strong></span> <span class='ocrx_word' id='word_1_45' title='bbox 707 1914 771 1968; x_wconf 90' lang='lat' dir='ltr'><strong>et</strong></span> <span class='ocrx_word' id='word_1_46' title='bbox 801 1922 953 1986; x_wconf 83' lang='lat' dir='ltr'><strong>quae</strong></span> <span class='ocrx_word' id='word_1_47' title='bbox 984 1901 1060 1968; x_wconf 89' lang='lat' dir='ltr'><strong>ad</strong></span> <span class='ocrx_word' id='word_1_48' title='bbox 1103 1902 1606 1967; x_wconf 81' lang='lat' dir='ltr'><strong>conformandum</strong></span> <span class='ocrx_word' id='word_1_49' title='bbox 1654 1902 1728 1965; x_wconf 86' lang='lat' dir='ltr'><strong>de</strong></span> <span class='ocrx_word' id='word_1_50' title='bbox 1770 1902 2071 1987; x_wconf 83' lang='lat' dir='ltr'><strong>scriptore</strong></span> <span class='ocrx_word' id='word_1_51' title='bbox 2112 1905 2207 1969; x_wconf 91' lang='lat' dir='ltr'><strong>iu-</strong></span> 
     </span>
     <span class='ocr_line' id='line_1_7' title="bbox 194 2001 2206 2092; baseline 0.003 -25"><span class='ocrx_word' id='word_1_52' title='bbox 194 2003 384 2069; x_wconf 88' lang='lat' dir='ltr'><strong>dicium</strong></span> <span class='ocrx_word' id='word_1_53' title='bbox 420 2029 567 2092; x_wconf 82' lang='lat' dir='ltr'><strong>prae</strong></span> <span class='ocrx_word' id='word_1_54' title='bbox 612 2003 843 2071; x_wconf 86' lang='lat' dir='ltr'><strong>ceteris</strong></span> <span class='ocrx_word' id='word_1_55' title='bbox 873 2005 1043 2069; x_wconf 89' lang='lat' dir='ltr'><strong>utilia</strong></span> <span class='ocrx_word' id='word_1_56' title='bbox 1083 2016 1248 2069; x_wconf 89' lang='lat' dir='ltr'><strong>sunt.</strong></span> <span class='ocrx_word' id='word_1_57' title='bbox 1295 2001 1596 2068; x_wconf 90' lang='lat' dir='ltr'><strong>Nostrum</strong></span> <span class='ocrx_word' id='word_1_58' title='bbox 1626 2003 1814 2089; x_wconf 83' lang='lat' dir='ltr'><strong>igitur</strong></span> <span class='ocrx_word' id='word_1_59' title='bbox 1843 2005 1999 2083; x_wconf 87' lang='lat' dir='ltr'><strong>erit,</strong></span> <span class='ocrx_word' id='word_1_60' title='bbox 2049 2029 2206 2091; x_wconf 82' lang='lat' dir='ltr'><strong>quae</strong></span> 
     </span>
     <span class='ocr_line' id='line_1_8' title="bbox 189 2104 2202 2195; baseline 0.002 -26"><span class='ocrx_word' id='word_1_61' title='bbox 189 2104 245 2169; x_wconf 92' lang='lat' dir='ltr'><strong>in</strong></span> <span class='ocrx_word' id='word_1_62' title='bbox 283 2126 347 2173; x_wconf 84' lang='lat' dir='ltr'><strong>ea</strong></span> <span class='ocrx_word' id='word_1_63' title='bbox 384 2110 511 2173; x_wconf 80' lang='lat' dir='ltr'><strong>vita</strong></span> <span class='ocrx_word' id='word_1_64' title='bbox 556 2109 839 2195; x_wconf 86' lang='lat' dir='ltr'><strong>dispersa</strong></span> <span class='ocrx_word' id='word_1_65' title='bbox 880 2118 1047 2187; x_wconf 90' lang='lat' dir='ltr'><strong>sunt,</strong></span> <span class='ocrx_word' id='word_1_66' title='bbox 1093 2118 1231 2193; x_wconf 87' lang='lat' dir='ltr'><strong>apte</strong></span> <span class='ocrx_word' id='word_1_67' title='bbox 1277 2107 1650 2171; x_wconf 89' lang='lat' dir='ltr'><strong>concinnare</strong></span> <span class='ocrx_word' id='word_1_68' title='bbox 1697 2117 1878 2190; x_wconf 88' lang='lat' dir='ltr'><strong>atque</strong></span> <span class='ocrx_word' id='word_1_69' title='bbox 1924 2131 2058 2174; x_wconf 89' lang='lat' dir='ltr'><strong>cum</strong></span> <span class='ocrx_word' id='word_1_70' title='bbox 2101 2110 2202 2191; x_wconf 89' lang='lat' dir='ltr'><strong>iis,</strong></span> 
     </span>
     <span class='ocr_line' id='line_1_9' title="bbox 188 2208 2208 2307; baseline 0.001 -32"><span class='ocrx_word' id='word_1_71' title='bbox 188 2230 317 2294; x_wconf 75' lang='lat' dir='ltr'><strong>quae</strong></span> <span class='ocrx_word' id='word_1_72' title='bbox 351 2212 590 2279; x_wconf 75' lang='lat' dir='ltr'><strong>aliunde</strong></span> <span class='ocrx_word' id='word_1_73' title='bbox 635 2209 897 2289; x_wconf 87' lang='lat' dir='ltr'><strong>scimus,</strong></span> <span class='ocrx_word' id='word_1_74' title='bbox 944 2230 1344 2295; x_wconf 87' lang='lat' dir='ltr'><strong>componere,</strong></span> <span class='ocrx_word' id='word_1_75' title='bbox 1403 2220 1471 2273; x_wconf 91' lang='lat' dir='ltr'><strong>ut</strong></span> <span class='ocrx_word' id='word_1_76' title='bbox 1513 2208 1691 2307; x_wconf 80' lang='lat' dir='ltr'><strong>inde,</strong></span> <span class='ocrx_word' id='word_1_77' title='bbox 1738 2220 2023 2293; x_wconf 87' lang='lat' dir='ltr'><strong>quantum</strong></span> <span class='ocrx_word' id='word_1_78' title='bbox 2074 2210 2208 2277; x_wconf 82' lang='lat' dir='ltr'><strong>fieri</strong></span> 
     </span>
     <span class='ocr_line' id='line_1_10' title="bbox 184 2311 1847 2402; baseline -0.001 -24"><span class='ocrx_word' id='word_1_79' title='bbox 184 2323 395 2399; x_wconf 83' lang='lat' dir='ltr'><strong>potest,</strong></span> <span class='ocrx_word' id='word_1_80' title='bbox 436 2336 649 2382; x_wconf 84' lang='lat' dir='ltr'><strong>veram</strong></span> <span class='ocrx_word' id='word_1_81' title='bbox 695 2316 1020 2402; x_wconf 79' lang='lat' dir='ltr'><strong>imaginem</strong></span> <span class='ocrx_word' id='word_1_82' title='bbox 1061 2311 1265 2381; x_wconf 90' lang='lat' dir='ltr'><strong>Persii</strong></span> <span class='ocrx_word' id='word_1_83' title='bbox 1308 2313 1761 2381; x_wconf 76' lang='lat' dir='ltr'><strong>conformemus</strong></span> <span class='ocrx_word' id='word_1_84' title='bbox 1801 2318 1847 2376; x_wconf 86' lang='lat'><strong>¹.</strong></span> 
     </span>
    </p>

    <p class='ocr_par' dir='ltr' id='par_1_2' title="bbox 179 2412 2306 3526">
     <span class='ocr_line' id='line_1_11' title="bbox 326 2412 2200 2504; baseline -0.001 -21"><span class='ocrx_word' id='word_1_85' title='bbox 326 2423 408 2484; x_wconf 81' lang='lat' dir='ltr'><strong>A.</strong></span> <span class='ocrx_word' id='word_1_86' title='bbox 453 2416 792 2485; x_wconf 81' lang='lat' dir='ltr'><strong>Persius</strong></span> <span class='ocrx_word' id='word_1_87' title='bbox 832 2417 1183 2484; x_wconf 84' lang='lat' dir='ltr'><strong>Flaccus</strong></span> <span class='ocrx_word' id='word_1_88' title='bbox 1229 2429 1409 2482; x_wconf 90' lang='lat' dir='ltr'><strong>natus</strong></span> <span class='ocrx_word' id='word_1_89' title='bbox 1469 2430 1565 2484; x_wconf 87' lang='lat' dir='ltr'><strong>est</strong></span> <span class='ocrx_word' id='word_1_90' title='bbox 1606 2418 1800 2504; x_wconf 88' lang='lat' dir='ltr'><strong>pridie</strong></span> <span class='ocrx_word' id='word_1_91' title='bbox 1845 2437 1995 2481; x_wconf 91' lang='lat' dir='ltr'><strong>non.</strong></span> <span class='ocrx_word' id='word_1_92' title='bbox 2041 2412 2200 2483; x_wconf 90' lang='lat' dir='ltr'><strong>Dec.</strong></span> 
     </span>
     <span class='ocr_line' id='line_1_12' title="bbox 185 2515 2200 2604; baseline 0.001 -23"><span class='ocrx_word' id='word_1_93' title='bbox 185 2515 396 2585; x_wconf 81' lang='lat' dir='ltr'><strong>Fabio</strong></span> <span class='ocrx_word' id='word_1_94' title='bbox 434 2518 826 2602; x_wconf 87' lang='lat' dir='ltr'><strong>Persico,</strong></span> <span class='ocrx_word' id='word_1_95' title='bbox 872 2519 954 2585; x_wconf 92' lang='lat' dir='ltr'><strong>L.</strong></span> <span class='ocrx_word' id='word_1_96' title='bbox 1002 2517 1351 2588; x_wconf 86' lang='lat' dir='ltr'><strong>Vitellio</strong></span> <span class='ocrx_word' id='word_1_97' title='bbox 1401 2517 1587 2587; x_wconf 82' lang='lat' dir='ltr'><strong>Coss.</strong></span> <span class='ocrx_word' id='word_1_98' title='bbox 1621 2524 1709 2604; x_wconf 89' lang='lat' dir='ltr'><strong>(a.</strong></span> <span class='ocrx_word' id='word_1_99' title='bbox 1750 2543 1814 2585; x_wconf 89' lang='lat' dir='ltr'><strong>u.</strong></span> <span class='ocrx_word' id='word_1_100' title='bbox 1850 2544 1908 2586; x_wconf 94' lang='lat' dir='ltr'><strong>c.</strong></span> <span class='ocrx_word' id='word_1_101' title='bbox 1943 2516 2095 2600; x_wconf 89' lang='grc'><strong>787,</strong></span> <span class='ocrx_word' id='word_1_102' title='bbox 2141 2541 2200 2604; x_wconf 93' lang='lat' dir='ltr'><strong>p.</strong></span> 
     </span>
     <span class='ocr_line' id='line_1_13' title="bbox 187 2615 2207 2709; baseline 0.001 -26"><span class='ocrx_word' id='word_1_103' title='bbox 187 2615 311 2684; x_wconf 82' lang='lat' dir='ltr'><strong>Chr.</strong></span> <span class='ocrx_word' id='word_1_104' title='bbox 343 2622 454 2708; x_wconf 77' lang='lat'><strong>34)</strong></span> <span class='ocrx_word' id='word_1_105' title='bbox 497 2620 957 2689; x_wconf 75' lang='lat' dir='ltr'><strong>volaterris</strong></span> <span class='ocrx_word' id='word_1_106' title='bbox 999 2622 1290 2688; x_wconf 86' lang='lat' dir='ltr'><strong>Etruriae</strong></span> <span class='ocrx_word' id='word_1_107' title='bbox 1335 2623 1598 2708; x_wconf 90' lang='lat' dir='ltr'><strong>oppido,</strong></span> <span class='ocrx_word' id='word_1_108' title='bbox 1645 2636 1712 2689; x_wconf 93' lang='lat' dir='ltr'><strong>ut</strong></span> <span class='ocrx_word' id='word_1_109' title='bbox 1754 2633 2002 2709; x_wconf 87' lang='lat' dir='ltr'><strong>praeter</strong></span> <span class='ocrx_word' id='word_1_110' title='bbox 2040 2622 2207 2688; x_wconf 81' lang='lat' dir='ltr'><strong>vitae</strong></span> 
     </span>
     <span class='ocr_line' id='line_1_14' title="bbox 190 2723 2205 2807; baseline 0.001 -22"><span class='ocrx_word' id='word_1_111' title='bbox 190 2725 513 2807; x_wconf 78' lang='lat' dir='ltr'><strong>scriptorem</strong></span> <span class='ocrx_word' id='word_1_112' title='bbox 558 2737 866 2792; x_wconf 83' lang='lat' dir='ltr'><strong>testantur</strong></span> <span class='ocrx_word' id='word_1_113' title='bbox 904 2723 1213 2791; x_wconf 83' lang='lat' dir='ltr'><strong>Eusebius</strong></span> <span class='ocrx_word' id='word_1_114' title='bbox 1244 2736 1306 2788; x_wconf 91' lang='lat' dir='ltr'><strong>et</strong></span> <span class='ocrx_word' id='word_1_115' title='bbox 1337 2723 1745 2791; x_wconf 89' lang='lat' dir='ltr'><strong>Cassiodorus</strong></span> <span class='ocrx_word' id='word_1_116' title='bbox 1776 2727 1839 2790; x_wconf 90' lang='lat' dir='ltr'><strong>in</strong></span> <span class='ocrx_word' id='word_1_117' title='bbox 1872 2725 2205 2791; x_wconf 81' lang='lat' dir='ltr'><strong>chronicis.</strong></span> 
     </span>
     <span class='ocr_line' id='line_1_15' title="bbox 199 2818 2207 2912; baseline 0.002 -25"><span class='ocrx_word' id='word_1_118' title='bbox 199 2818 290 2887; x_wconf 81' lang='lat' dir='ltr'><strong>Cui</strong></span> <span class='ocrx_word' id='word_1_119' title='bbox 319 2829 666 2893; x_wconf 82' lang='lat' dir='ltr'><strong>testimonio</strong></span> <span class='ocrx_word' id='word_1_120' title='bbox 728 2848 839 2894; x_wconf 90' lang='lat' dir='ltr'><strong>cur</strong></span> <span class='ocrx_word' id='word_1_121' title='bbox 893 2829 1073 2892; x_wconf 86' lang='lat' dir='ltr'><strong>fidem</strong></span> <span class='ocrx_word' id='word_1_122' title='bbox 1129 2828 1497 2912; x_wconf 87' lang='lat' dir='ltr'><strong>denegemus</strong></span> <span class='ocrx_word' id='word_1_123' title='bbox 1559 2838 1623 2892; x_wconf 92' lang='lat' dir='ltr'><strong>et</strong></span> <span class='ocrx_word' id='word_1_124' title='bbox 1676 2824 1952 2893; x_wconf 84' lang='lat' dir='ltr'><strong>Lunae</strong></span> <span class='ocrx_word' id='word_1_125' title='bbox 2005 2827 2207 2911; x_wconf 89' lang='lat' dir='ltr'><strong>potius</strong></span> 
     </span>
     <span class='ocr_line' id='line_1_16' title="bbox 190 2926 2207 3016; baseline 0 -24"><span class='ocrx_word' id='word_1_126' title='bbox 190 2935 360 2992; x_wconf 73' lang='lat' dir='ltr'><strong>natum</strong></span> <span class='ocrx_word' id='word_1_127' title='bbox 400 2948 544 2994; x_wconf 85' lang='lat' dir='ltr'><strong>esse</strong></span> <span class='ocrx_word' id='word_1_128' title='bbox 591 2926 871 2996; x_wconf 90' lang='lat' dir='ltr'><strong>Persium</strong></span> <span class='ocrx_word' id='word_1_129' title='bbox 915 2943 1193 3016; x_wconf 88' lang='lat' dir='ltr'><strong>putemus</strong></span> <span class='ocrx_word' id='word_1_130' title='bbox 1237 2953 1375 2997; x_wconf 91' lang='lat' dir='ltr'><strong>cum</strong></span> <span class='ocrx_word' id='word_1_131' title='bbox 1421 2928 1821 3015; x_wconf 83' lang='lat' dir='ltr'><strong>scriptoribus</strong></span> <span class='ocrx_word' id='word_1_132' title='bbox 1854 2928 2207 3014; x_wconf 89' lang='lat' dir='ltr'><strong>quibusdam</strong></span> 
     </span>
     <span class='ocr_line' id='line_1_17' title="bbox 185 3022 2205 3116; baseline 0.001 -24"><span class='ocrx_word' id='word_1_133' title='bbox 185 3022 328 3092; x_wconf 71' lang='lat' dir='ltr'><strong>Italis</strong></span> <span class='ocrx_word' id='word_1_134' title='bbox 358 3038 404 3109; x_wconf 82' lang='lat'><strong>²,</strong></span> <span class='ocrx_word' id='word_1_135' title='bbox 453 3032 623 3096; x_wconf 85' lang='lat' dir='ltr'><strong>nulla</strong></span> <span class='ocrx_word' id='word_1_136' title='bbox 682 3054 868 3099; x_wconf 87' lang='lat' dir='ltr'><strong>causa</strong></span> <span class='ocrx_word' id='word_1_137' title='bbox 926 3044 1041 3099; x_wconf 82' lang='lat' dir='ltr'><strong>est.</strong></span> <span class='ocrx_word' id='word_1_138' title='bbox 1120 3030 1287 3097; x_wconf 88' lang='lat' dir='ltr'><strong>Nam</strong></span> <span class='ocrx_word' id='word_1_139' title='bbox 1333 3031 1494 3115; x_wconf 83' lang='lat' dir='ltr'><strong>quod</strong></span> <span class='ocrx_word' id='word_1_140' title='bbox 1545 3031 1676 3116; x_wconf 88' lang='lat' dir='ltr'><strong>ipse</strong></span> <span class='ocrx_word' id='word_1_141' title='bbox 1721 3039 1935 3097; x_wconf 86' lang='lat' dir='ltr'><strong>narrat</strong></span> <span class='ocrx_word' id='word_1_142' title='bbox 1979 3028 2205 3096; x_wconf 88' lang='lat' dir='ltr'><strong>Caesio</strong></span> 
     </span>
     <span class='ocr_line' id='line_1_18' title="bbox 183 3121 2306 3220; baseline 0 -23"><span class='ocrx_word' id='word_1_143' title='bbox 183 3124 350 3196; x_wconf 75' lang='lat' dir='ltr'><strong>Basso</strong></span> <span class='ocrx_word' id='word_1_144' title='bbox 391 3131 545 3220; x_wconf 87' lang='lat' dir='ltr'><strong>(vl,</strong></span> <span class='ocrx_word' id='word_1_145' title='bbox 593 3133 636 3198; x_wconf 90' lang='grc'><strong>6</strong></span> <span class='ocrx_word' id='word_1_146' title='bbox 665 3135 874 3220; x_wconf 85' lang='lat' dir='ltr'><strong>sqq.),</strong></span> <span class='ocrx_word' id='word_1_147' title='bbox 934 3155 1004 3201; x_wconf 88' lang='lat' dir='ltr'><strong>se</strong></span> <span class='ocrx_word' id='word_1_148' title='bbox 1046 3134 1266 3201; x_wconf 88' lang='lat' dir='ltr'><strong>Lunae</strong></span> <span class='ocrx_word' id='word_1_149' title='bbox 1313 3155 1448 3199; x_wconf 93' lang='lat' dir='ltr'><strong>cum</strong></span> <span class='ocrx_word' id='word_1_150' title='bbox 1491 3133 1755 3199; x_wconf 82' lang='lat' dir='ltr'><strong>maxime</strong></span> <span class='ocrx_word' id='word_1_151' title='bbox 1811 3134 2079 3215; x_wconf 91' lang='lat' dir='ltr'><strong>morari,</strong></span> <span class='ocrx_word' id='word_1_152' title='bbox 2144 3144 2210 3198; x_wconf 93' lang='lat' dir='ltr'><strong>et</strong></span> <span class='ocrx_word' id='word_1_153' title='bbox 2299 3121 2306 3132; x_wconf 73' lang='grc'><strong><em>’</em></strong></span> 
     </span>
     <span class='ocr_line' id='line_1_19' title="bbox 181 3234 2208 3322; baseline 0.001 -25"><span class='ocrx_word' id='word_1_154' title='bbox 181 3253 475 3301; x_wconf 81' lang='lat' dir='ltr'><strong>amoenum</strong></span> <span class='ocrx_word' id='word_1_155' title='bbox 527 3237 648 3301; x_wconf 85' lang='lat' dir='ltr'><strong>loci</strong></span> <span class='ocrx_word' id='word_1_156' title='bbox 702 3258 1016 3303; x_wconf 88' lang='lat' dir='ltr'><strong>secessum</strong></span> <span class='ocrx_word' id='word_1_157' title='bbox 1075 3236 1397 3322; x_wconf 83' lang='lat' dir='ltr'><strong>magnifice</strong></span> <span class='ocrx_word' id='word_1_158' title='bbox 1454 3237 1803 3322; x_wconf 89' lang='lat' dir='ltr'><strong>praedicat,</strong></span> <span class='ocrx_word' id='word_1_159' title='bbox 1877 3234 2021 3301; x_wconf 91' lang='lat' dir='ltr'><strong>inde</strong></span> <span class='ocrx_word' id='word_1_160' title='bbox 2083 3257 2208 3299; x_wconf 94' lang='lat' dir='ltr'><strong>non</strong></span> 
     </span>
     <span class='ocr_line' id='line_1_20' title="bbox 179 3338 2211 3427; baseline 0.001 -28"><span class='ocrx_word' id='word_1_161' title='bbox 179 3339 463 3421; x_wconf 80' lang='lat' dir='ltr'><strong>sequitur,</strong></span> <span class='ocrx_word' id='word_1_162' title='bbox 511 3358 650 3403; x_wconf 87' lang='lat' dir='ltr'><strong>eum</strong></span> <span class='ocrx_word' id='word_1_163' title='bbox 694 3340 759 3403; x_wconf 89' lang='lat' dir='ltr'><strong>in</strong></span> <span class='ocrx_word' id='word_1_164' title='bbox 800 3340 905 3404; x_wconf 90' lang='lat' dir='ltr'><strong>illo</strong></span> <span class='ocrx_word' id='word_1_165' title='bbox 944 3339 1162 3427; x_wconf 87' lang='lat' dir='ltr'><strong>oppido</strong></span> <span class='ocrx_word' id='word_1_166' title='bbox 1205 3350 1412 3404; x_wconf 81' lang='lat' dir='ltr'><strong>natum</strong></span> <span class='ocrx_word' id='word_1_167' title='bbox 1459 3358 1636 3421; x_wconf 65' lang='lat' dir='ltr'><strong>esse,</strong></span> <span class='ocrx_word' id='word_1_168' title='bbox 1683 3338 1880 3424; x_wconf 88' lang='lat' dir='ltr'><strong>potuit</strong></span> <span class='ocrx_word' id='word_1_169' title='bbox 1915 3338 1999 3402; x_wconf 91' lang='lat' dir='ltr'><strong>ibi</strong></span> <span class='ocrx_word' id='word_1_170' title='bbox 2045 3359 2211 3403; x_wconf 91' lang='lat' dir='ltr'><strong>com-</strong></span> 
     </span>
     <span class='ocr_line' id='line_1_21' title="bbox 180 3439 2204 3526; baseline 0.003 -26"><span class='ocrx_word' id='word_1_171' title='bbox 180 3442 380 3505; x_wconf 74' lang='lat' dir='ltr'><strong>uorax-i</strong></span> <span class='ocrx_word' id='word_1_172' title='bbox 431 3441 655 3506; x_wconf 85' lang='lat' dir='ltr'><strong>multas</strong></span> <span class='ocrx_word' id='word_1_173' title='bbox 713 3439 789 3505; x_wconf 91' lang='lat' dir='ltr'><strong>ob</strong></span> <span class='ocrx_word' id='word_1_174' title='bbox 844 3461 1104 3520; x_wconf 84' lang='lat' dir='ltr'><strong>causas,</strong></span> <span class='ocrx_word' id='word_1_175' title='bbox 1182 3451 1248 3506; x_wconf 93' lang='lat' dir='ltr'><strong>ut</strong></span> <span class='ocrx_word' id='word_1_176' title='bbox 1305 3451 1555 3526; x_wconf 90' lang='lat' dir='ltr'><strong>propter</strong></span> <span class='ocrx_word' id='word_1_177' title='bbox 1623 3441 1781 3506; x_wconf 88' lang='lat' dir='ltr'><strong>coeli</strong></span> <span class='ocrx_word' id='word_1_178' title='bbox 1835 3440 2204 3523; x_wconf 76' lang='lat' dir='ltr'><strong>hominibuS,</strong></span> 
     </span>
    </p>
   </div>
   <div class='ocr_carea' id='block_1_2' title="bbox 178 3625 2206 4109">
    <p class='ocr_par' dir='ltr' id='par_1_3' title="bbox 178 3625 2206 4108">
     <span class='ocr_line' id='line_1_22' title="bbox 180 3625 2206 3696; baseline 0.002 -19"><span class='ocrx_word' id='word_1_179' title='bbox 180 3625 560 3696; x_wconf 69' lang='lat' dir='ltr'><strong>torn-510</strong></span> <span class='ocrx_word' id='word_1_180' title='bbox 593 3628 808 3680; x_wconf 82' lang='lat' dir='ltr'><strong>diction.</strong></span> <span class='ocrx_word' id='word_1_181' title='bbox 847 3644 893 3681; x_wconf 82' lang='lat' dir='ltr'><strong>s.</strong></span> <span class='ocrx_word' id='word_1_182' title='bbox 930 3645 987 3681; x_wconf 77' lang='lat' dir='ltr'><strong>v.</strong></span> <span class='ocrx_word' id='word_1_183' title='bbox 1025 3629 1212 3680; x_wconf 77' lang='lat' dir='ltr'><strong>Perse.</strong></span> <span class='ocrx_word' id='word_1_184' title='bbox 1248 3625 1625 3681; x_wconf 77' lang='lat' dir='ltr'><strong>Fabricius</strong></span> <span class='ocrx_word' id='word_1_185' title='bbox 1660 3627 2206 3696; x_wconf 73' lang='lat' dir='ltr'><strong>Bibl.lat.11p.164</strong></span> 
     </span>
     <span class='ocr_line' id='line_1_23' title="bbox 178 3696 2203 3834; baseline 0.001 -18"><span class='ocrx_word' id='word_1_186' title='bbox 178 3764 206 3816; x_wconf 85' lang='grc'>2</span> <span class='ocrx_word' id='word_1_187' title='bbox 234 3696 997 3819; x_wconf 41' lang='grc' dir='ltr'><strong>Ὴδξίιοιίιιιοιῖἒοᾏιὶοῖρ</strong></span> <span class='ocrx_word' id='word_1_188' title='bbox 967 3782 1034 3817; x_wconf 86' lang='lat' dir='ltr'><strong>ro</strong></span> <span class='ocrx_word' id='word_1_189' title='bbox 1002 3698 1382 3834; x_wconf 44' lang='lat' dir='ltr'><strong>sgioqudella</strong></span> <span class='ocrx_word' id='word_1_190' title='bbox 1431 3766 1602 3834; x_wconf 74' lang='lat' dir='ltr'><strong>patria</strong></span> <span class='ocrx_word' id='word_1_191' title='bbox 1640 3767 1692 3817; x_wconf 89' lang='lat' dir='ltr'><strong>di</strong></span> <span class='ocrx_word' id='word_1_192' title='bbox 1731 3765 1930 3818; x_wconf 84' lang='lat' dir='ltr'><strong>Persio.</strong></span> <span class='ocrx_word' id='word_1_193' title='bbox 1969 3767 2203 3832; x_wconf 76' lang='lat' dir='ltr'><strong>Genuae,</strong></span> 
     </span>
     <span class='ocr_line' id='line_1_24' title="bbox 238 3784 2202 3904; baseline 0.001 -19"><span class='ocrx_word' id='word_1_194' title='bbox 238 3834 371 3886; x_wconf 71' lang='grc'><strong>1664.</strong></span> <span class='ocrx_word' id='word_1_195' title='bbox 439 3834 505 3887; x_wconf 83' lang='grc'>1),</span> <span class='ocrx_word' id='word_1_196' title='bbox 545 3832 729 3900; x_wconf 75' lang='lat' dir='ltr'><strong>Gasp</strong></span> <span class='ocrx_word' id='word_1_197' title='bbox 744 3851 856 3887; x_wconf 72' lang='lat' dir='ltr'><strong>tro</strong></span> <span class='ocrx_word' id='word_1_198' title='bbox 890 3784 1147 3900; x_wconf 43' lang='lat' dir='ltr'><strong>hiltun,</strong></span> <span class='ocrx_word' id='word_1_199' title='bbox 1179 3805 1322 3886; x_wconf 70' lang='lat' dir='ltr'><strong>&#39;detta</strong></span> <span class='ocrx_word' id='word_1_200' title='bbox 1356 3835 1502 3898; x_wconf 72' lang='lat' dir='ltr'><strong>vita,</strong></span> <span class='ocrx_word' id='word_1_201' title='bbox 1543 3836 1742 3899; x_wconf 74' lang='lat' dir='ltr'><strong>origine</strong></span> <span class='ocrx_word' id='word_1_202' title='bbox 1778 3853 1806 3887; x_wconf 85' lang='lat' dir='ltr'><strong>e</strong></span> <span class='ocrx_word' id='word_1_203' title='bbox 1843 3838 2013 3904; x_wconf 73' lang='lat' dir='ltr'><strong>patria</strong></span> <span class='ocrx_word' id='word_1_204' title='bbox 2049 3836 2102 3887; x_wconf 90' lang='lat' dir='ltr'><strong>di</strong></span> <span class='ocrx_word' id='word_1_205' title='bbox 2138 3836 2202 3888; x_wconf 90' lang='lat' dir='ltr'><strong>A.</strong></span> 
     </span>
     <span class='ocr_line' id='line_1_25' title="bbox 234 3899 2206 3970; baseline 0.002 -17"><span class='ocrx_word' id='word_1_206' title='bbox 234 3899 398 3954; x_wconf 78' lang='lat' dir='ltr'><strong>Persio</strong></span> <span class='ocrx_word' id='word_1_207' title='bbox 432 3902 643 3956; x_wconf 69' lang='lat' dir='ltr'><strong>Flacco.</strong></span> <span class='ocrx_word' id='word_1_208' title='bbox 683 3902 817 3956; x_wconf 84' lang='lat' dir='ltr'><strong>Gen.</strong></span> <span class='ocrx_word' id='word_1_209' title='bbox 848 3905 1002 3959; x_wconf 73' lang='lat'><strong>16⁶7.</strong></span> <span class='ocrx_word' id='word_1_210' title='bbox 1041 3902 1327 3969; x_wconf 66' lang='lat' dir='ltr'><strong>Gregor.</strong></span> <span class='ocrx_word' id='word_1_211' title='bbox 1363 3903 1551 3968; x_wconf 83' lang='lat' dir='ltr'><strong>Leti,</strong></span> <span class='ocrx_word' id='word_1_212' title='bbox 1599 3903 1753 3956; x_wconf 77' lang='lat' dir='ltr'><strong>ltalia</strong></span> <span class='ocrx_word' id='word_1_213' title='bbox 1788 3911 2041 3970; x_wconf 70' lang='lat' dir='ltr'><strong>regnante</strong></span> <span class='ocrx_word' id='word_1_214' title='bbox 2065 3913 2107 3957; x_wconf 89' lang='lat' dir='ltr'><strong>t.</strong></span> <span class='ocrx_word' id='word_1_215' title='bbox 2135 3903 2206 3957; x_wconf 91' lang='lat' dir='ltr'><strong>1v</strong></span> 
     </span>
     <span class='ocr_line' id='line_1_26' title="bbox 232 3940 2201 4109; baseline 0 -85"><span class='ocrx_word' id='word_1_216' title='bbox 232 3973 487 4109; x_wconf 46' lang='lat' dir='ltr'><strong>‘&#39;e-75.</strong></span> <span class='ocrx_word' id='word_1_217' title='bbox 497 3974 657 4039; x_wconf 73' lang='lat' dir='ltr'><strong>Aug.</strong></span> <span class='ocrx_word' id='word_1_218' title='bbox 711 3973 1079 4036; x_wconf 79' lang='lat' dir='ltr'><strong>oldoinus,</strong></span> <span class='ocrx_word' id='word_1_219' title='bbox 1130 3974 1447 4026; x_wconf 72' lang='lat' dir='ltr'><strong>Athenaeum</strong></span> <span class='ocrx_word' id='word_1_220' title='bbox 1497 3940 1818 4037; x_wconf 71' lang='lat' dir='ltr'><strong>Ligusticum</strong></span> <span class='ocrx_word' id='word_1_221' title='bbox 1904 3975 2045 4026; x_wconf 86' lang='grc'>,80.</span> <span class='ocrx_word' id='word_1_222' title='bbox 2121 3973 2201 4025; x_wconf 69' lang='grc' dir='ltr'>(ΞΓ,</span> 
     </span>
     <span class='ocr_line' id='line_1_27' title="bbox 488 4041 2206 4109; baseline 0 -15"><span class='ocrx_word' id='word_1_223' title='bbox 488 4042 731 4103; x_wconf 64' lang='grc' dir='ltr'><strong>..Βαιτι-</strong></span> <span class='ocrx_word' id='word_1_224' title='bbox 769 4058 864 4108; x_wconf 73' lang='lat' dir='ltr'><strong>reg</strong></span> <span class='ocrx_word' id='word_1_225' title='bbox 866 4042 987 4108; x_wconf 86' lang='lat' dir='ltr'><strong>.‚V</strong></span> <span class='ocrx_word' id='word_1_226' title='bbox 1024 4044 1116 4109; x_wconf 57' lang='lat' dir='ltr'><strong>tp</strong></span> <span class='ocrx_word' id='word_1_227' title='bbox 1123 4042 1284 4096; x_wconf 74' lang='lat'><strong>.286.</strong></span> <span class='ocrx_word' id='word_1_228' title='bbox 1326 4041 1496 4104; x_wconf 66' lang='lat' dir='ltr'><strong>Stoi-in</strong></span> <span class='ocrx_word' id='word_1_229' title='bbox 1533 4043 1775 4094; x_wconf 77' lang='lat' dir='ltr'><strong>letterar.</strong></span> <span class='ocrx_word' id='word_1_230' title='bbox 1811 4043 1876 4094; x_wconf 86' lang='lat' dir='ltr'><strong>de</strong></span> <span class='ocrx_word' id='word_1_231' title='bbox 1902 4043 1950 4094; x_wconf 72' lang='lat' dir='ltr'><strong>lt</strong></span> <span class='ocrx_word' id='word_1_232' title='bbox 1990 4041 2206 4108; x_wconf 77' lang='lat' dir='ltr'><strong>Liguria</strong></span> 
     </span>
    </p>
   </div>
   <div class='ocr_carea' id='block_1_3' title="bbox 233 4049 2028 4243">
    <p class='ocr_par' dir='ltr' id='par_1_4' title="bbox 233 4049 2028 4243">
     <span class='ocr_line' id='line_1_28' title="bbox 233 4049 2028 4180; baseline 0.002 -18"><span class='ocrx_word' id='word_1_233' title='bbox 233 4049 1204 4180; x_wconf 63' lang='lat' dir='ltr'><strong>(a..¹{⁸⁸‘1su›1,.s⁷⁶iqq.⁴s¹&#39;.qq.</strong></span> <span class='ocrx_word' id='word_1_234' title='bbox 1258 4110 1468 4179; x_wconf 60' lang='lat' dir='ltr'><strong>nanu,</strong></span> <span class='ocrx_word' id='word_1_235' title='bbox 1505 4110 1722 4164; x_wconf 62' lang='lat' dir='ltr'><strong>strusz.</strong></span> <span class='ocrx_word' id='word_1_236' title='bbox 1762 4110 1868 4178; x_wconf 79' lang='lat'><strong>¹1²·</strong></span> <span class='ocrx_word' id='word_1_237' title='bbox 1904 4110 2028 4166; x_wconf 71' lang='lat'><strong>4⁰2.</strong></span> 
     </span>
     <span class='ocr_line' id='line_1_29' title="bbox 1705 4180 1787 4243; baseline 0 0"><span class='ocrx_word' id='word_1_238' title='bbox 1705 4180 1787 4243; x_wconf 62' lang='lat' dir='ltr'><strong>a*</strong></span> 
     </span>
    </p>
   </div>
  </div>
 </body>
</html>
