2764 4738
119 4111 317 4200 b.

320 4203 379 4240 '⁵2

503 380 798 423 nxxxvm
1145 357 1878 421 PROLEGOMENA.

498 524 875 615 φιλόγελων
902 524 1323 615 γενόμενον,
1363 525 1454 602 οἷς
1494 527 1609 595 καὶ
1650 525 1871 594 πολλα
1908 526 2034 613 γῆς
2059 526 2280 614 μέτρα
2306 522 2553 603 αὐτοῖς

499 630 888 721 χαρίζεσθαι
934 630 1056 716 τῆς
1101 628 1453 715 δημοσίας.
1533 628 1753 713 Neque
1810 630 1989 693 aliter
2037 625 2382 707 Diodorus,
2413 664 2416 665 ν
2445 632 2550 714 qui

498 733 585 797 ita
644 734 718 797 de
766 732 1106 817 Agathocle
1167 743 1377 797 narrat
1437 730 1622 816 (XX,
1652 731 1737 796 63
1756 733 1810 813 )=
1882 723 2238 820 ’Υποίρχων
2296 730 2373 800 δὲ
2432 735 2552 802 καὶ

502 831 703 922 φύσει
741 831 1193 920 γελωτοποιός
1234 835 1350 902 καὶ
1392 847 1610 921 μῖμος
1653 827 1804 903 οὐδ’
1832 840 1913 903 ἐν
1955 846 2105 907 ταῖς
2157 833 2551 920 ἐκκλησίαις

499 929 818 1025 ἀπείχετο
876 938 998 1004 τοῦ
1050 930 1387 1005 σκώπτειν
1442 935 1599 1010 τοῦς
1654 934 2091 1021 καθημένους
2160 934 2280 1005 καί
2344 959 2549 1009 τινας

501 1031 726 1108 αὐτῶν
758 1034 1088 1118 εἰκάζειν,
1132 1033 1300 1106 ὥστε
1341 1035 1423 1104 τό
1465 1038 1738 1124 πλῆθος
1778 1034 2108 1112 πολλάκις
2149 1041 2245 1112 εἷς
2286 1038 2549 1124 γέλωτα

500 1140 991 1227 ἐκτρέπεσθαι,
1039 1132 1359 1227 καθάπερ
1391 1140 1562 1209 -τινοὶ
1602 1140 1742 1209 τῶν
1785 1132 2156 1226 ἠθολόγων
2184 1136 2232 1224 ἤ
2259 1148 2551 1226 θαυμα-

499 1242 794 1315 vonowiiv
824 1245 1268 1330 θεωροῦντος.
1310 1241 1432 1325 Qui
1460 1245 1632 1308 locus
1663 1244 2018 1327 permultum
2050 1241 2197 1306 facit
2224 1244 2303 1306 ad
2335 1243 2552 1306 borum

502 1346 803 1410 bominum
837 1359 1112 1411 naturam
1143 1357 1206 1409 et
1235 1346 1663 1431 cognationem
1693 1345 2174 1430 perspiciendam
2215 1351 2260 1407 ¹.
2325 1342 2553 1409 Simili-

502 1459 600 1512 ter
658 1447 916 1530 denique
975 1448 1404 1512 Artemidorus
1464 1445 1547 1531 (Ι,
1582 1446 1739 1533 76);
1829 1444 2224 1534 Μιμολόγοι
2284 1444 2359 1514 δὲ
2438 1445 2557 1513 καὶ

503 1544 808 1623 ἅπαντες
871 1553 935 1616 οἱ
985 1549 1426 1636 γελωτοποιοὶ
1479 1544 1752 1625 α’ποίτας
1803 1551 1918 1617 καὶ
1974 1548 2250 1633 ἐνέδρας
2297 1547 2556 1633 σημαί-

503 1673 780 1729 νουσιν,
824 1673 961 1715 nam
990 1646 1354 1739 μιμολόγοι
1385 1652 1567 1716 iidem
1597 1664 1742 1717 sunt
1771 1652 1871 1737 qui
1897 1664 2105 1739 μῖμοι
2140 1658 2185 1711 2.
2246 1648 2355 1713 Ex
2382 1649 2556 1715 hisce

505 1751 694 1830 locis,
738 1753 804 1816 in
848 1752 1060 1837 quibus
1106 1774 1229 1817 non
1275 1765 1370 1817 est
1415 1776 1522 1818 cur
1561 1755 1635 1819 de
1666 1755 1928 1819 scenicis
1960 1753 2153 1817 mimis
2185 1752 2553 1843 cogitemu8‚

505 1875 800 1938 quaenam
845 1855 1026 1920 fuerit
1068 1855 1280 1920 borum
1325 1857 1481 1919 ratio
1526 1857 1785 1941 perspici
1832 1866 2058 1942 potest.
2125 1853 2283 1918 Erat
2312 1852 2557 1938 quidem

507 1977 717 2022 eorum
762 1979 863 2022 ars
910 1959 1090 2023 nullis
1139 1958 1435 2023 adatricta
1479 1959 1753 2043 legibus,
1800 1959 2004 2022 sedin
2037 1958 2280 2022 circulis
2313 1968 2378 2021 et
2410 1978 2557 2020 con-

504 2060 723 2139 viviiS,
784 2059 884 2123 ubi
929 2061 1180 2127 hilarior
1218 2061 1523 2125 bominum
1568 2081 1780 2139 mens»,
1839 2061 2232 2145 arripuerunt
2272 2060 2559 2143 quicquid

505 2162 693 2226 risum
745 2162 1029 2241 eliceret,
1090 2184 1342 2247 eumque
1403 2164 1762 2246 turpissimis
1817 2182 2052 2247 quoque
2111 2173 2176 2227 et
2231 2160 2561 2226 obscoenis

505 2264 660 2329 iocis
690 2275 753 2328 et
781 2267 1051 2346 gestibus
1084 2276 1437 2350 captarunt,
1472 2287 1686 2330 verum
1715 2266 1801 2329 ita
1830 2276 2033 2329 tamen
2058 2311 2077 2343 ,
2125 2274 2191 2327 ut
2220 2264 2282 2326 in
2315 2264 2562 2327 imitan-

510 2365 602 2431 dis
647 2378 712 2432 et
752 2367 896 2432 viva
937 2369 1214 2446 actione,
1275 2388 1431 2435 voce
1476 2391 1547 2434 ac
1590 2367 1902 2453 gestibus,
1964 2367 2038 2431 ad
2087 2389 2300 2431 verum
2347 2366 2561 2453 expri-

508 2469 744 2534 mendis
776 2471 876 2534 vel
920 2472 1079 2534 notis
1124 2470 1473 2554 quibusdam
1519 2472 1798 2557 personis
1841 2471 1943 2536 vel
1986 2471 2136 2535 certi
2169 2469 2422 2552 generis
2454 2469 2563 2532 bo-

509 2569 767 2635 minibus
798 2593 1087 2637 summum
1115 2585 1438 2657 ponerent.
1503 2571 1681 2655 Quod
1716 2595 1848 2637 cum
1880 2573 1943 2636 in
1975 2571 2325 2655 quibusdam
2359 2591 2560 2656 paene

510 2673 588 2737 ad
620 2673 925 2758 parodiam
955 2676 1319 2752 accederet,
1369 2677 1634 2759 plerique
1680 2677 1780 2741 vel
1814 2677 1879 2739 in
1911 2675 2241 2740 recitandis
2274 2684 2339 2737 et
2368 2692 2562 2756 agen·

512 2776 604 2841 dis
664 2777 1131 2842 narratiunculis
1188 2777 1443 2864 lepidis,
1511 2780 1612 2844 vel
1668 2778 1912 2843 actione
1974 2777 2142 2862 quasi
2199 2774 2562 2860 quibusdam

580 2974 834 3046 λαβόντες
864 2974 1231 3046 ὑπεκρίθησαν
1264 2977 1404 3031 κατὰ
1436 2977 1536 3045 τὴν
1570 2973 1716 3032 ι’διάν
1750 2976 1957 3048 ἀγωγὴν
1989 2982 2076 3030 καὶ
2125 2973 2394 3030 διάθεσιν.
2470 2978 2564 3030 nie

582 3062 779 3114 qnoque
815 3047 970 3097 babes
1009 3063 1103 3097 non
1141 3048 1392 3100 actionem
1433 3065 1553 3100 vere
1600 3052 1886 3112 scenicam,
1936 3049 2024 3098 sed
2074 3056 2333 3099 certarum
2387 3063 2564 3099 rerum

579 3116 1128 3183 repraesentationem,
1169 3118 1354 3182 partim
1392 3134 1505 3170 cum
1540 3119 1746 3186 pai-odia
1785 3118 2138 3180 coniunctam,
2191 3123 2243 3166 et
2279 3118 2411 3166 banc
2450 3116 2564 3183 qui-

582 3185 695 3235 dem
730 3185 1009 3236 effrenatae
1045 3185 1321 3249 licentiae,
1360 3189 1495 3253 qnod
1523 3190 1622 3239 iam
1657 3187 1925 3239 muliebris
1960 3187 2184 3237 vestitus
2219 3186 2560 3237 demonstrat.

581 3251 684 3304 Sed
720 3254 972 3305 mimicam
1009 3255 1261 3304 actionem
1297 3270 1545 3307 summam
1582 3257 1633 3307 in
1673 3259 1754 3308 bis
1791 3256 1951 3307 fuisse
1991 3260 2151 3322 patet.

514 3339 540 3391 ¹
581 3337 777 3390 Similia
814 3339 912 3390 fuit
948 3336 1213 3390 vitalis
1249 3339 1402 3391 istius
1441 3356 1564 3405 ars,
1603 3341 1688 3407 qni
1726 3341 1800 3393 ita
1837 3342 1900 3392 de
1937 3356 1992 3392 se
2025 3340 2291 3408 praedicat
2321 3339 2558 3406 (Antbol.

579 3407 643 3458 L.
673 3408 761 3471 lV,
789 3409 877 3461 20.
916 3406 1113 3475 Meyer.
1145 3423 1196 3457 n.
1238 3409 1391 3467 1173,
1429 3410 1490 3461 15
1515 3414 1684 3477 sqq.):

785 3475 1064 3541 Fingebam
1100 3477 1308 3541 vultus,
1349 3479 1556 3530 babitus
1591 3494 1652 3530 ac
1686 3479 1849 3530 verba
1885 3478 2201 3545 loquentum,

842 3544 912 3597 Ut
946 3545 1120 3613 plures
1156 3562 1255 3596 uno
1291 3549 1532 3598 crederes
1567 3564 1656 3599 ore
1691 3548 1850 3614 loqui.

783 3612 897 3681 lpse
932 3613 1116 3675 etiam,
1156 3630 1303 3680 quem
1342 3624 1517 3667 nostra
1550 3617 1714 3667 oeulis
1749 3615 2044 3681 geminabat
2077 3617 2261 3682 imago,

848 3682 1061 3733 Horruit
1096 3683 1146 3732 in
1184 3685 1332 3734 vultu
1368 3701 1425 3736 se
1461 3687 1622 3750 magis
1661 3701 1774 3737 esse
1811 3701 1940 3735 meo.

787 3749 831 3800 0
904 3752 1071 3801 uoties
1108 3751 1312 3802 imitata
1347 3769 1456 3805 meo
1493 3770 1548 3806 se
1585 3756 1776 3806 femina
1817 3761 1968 3818 gestu

892 3818 990 3869 idit
1025 3827 1079 3870 et
1113 3820 1351 3887 erubuit,
1392 3830 1599 3890 totaque
1636 3831 1773 3875 mota
1809 3822 1932 3875 suit.

512 3904 546 3958 2
583 3900 741 3953 Firm.
778 3903 939 3953 matb.
978 3903 1114 3967 vm,
1151 3905 1201 3956 8.
1239 3903 1482 3969 Fulgeut.
1522 3910 1686 3975 mytb.
1725 3908 1790 3973 11,
1833 3907 1915 3960 17.
1956 3907 2126 3959 Sebol.
2167 3905 2277 3957 luv.
2317 3907 2406 3966 vl,
2434 3909 2558 3960 ⁶276.

582 3971 756 4024 Gloes.
794 3972 930 4038 apud
966 3969 1007 4022 1.
1045 3971 1362 4038 Scaligerum
1400 3981 1534 4043 (epp.
1562 3976 1648 4040 lv,
1672 3978 1774 4030 324
1809 3993 1858 4043 p.
1888 3975 2044 4043 650)=
2084 3977 2323 4040 Bassus,
2363 3971 2556 4044 φαλός,

580 4038 645 4092 τὸ
681 4032 894 4095 αἰδοῖον
925 4038 1036 4094 τῶν
1067 4036 1334 4110 μιολόγων
1367 4043 1490 4109 (leg.
1527 4041 1874 4114 μιμολὸγων).
