2764 4738
535 379 663 445 112
1253 380 1423 442 SAT.
1460 381 1505 454 l,
1539 386 1658 443 114
1691 415 1773 425 -
1806 385 1944 445 119.

538 554 754 612 notavit
797 553 845 609 si
889 553 1013 630 qnis
1059 562 1186 611 erat
1228 548 1431 629 dignus
1472 550 1723 611 describi
1775 562 1836 610 et
1879 552 2129 610 famosus
2173 552 2332 624 (Hor.
2380 561 2484 610 sat.
2526 551 2569 622 l,

536 644 599 709 4,
647 643 677 699 1
732 635 850 708 ffi),
910 656 1017 716 qua
1060 637 1338 716 primores
1385 638 1573 716 populi
1617 638 1853 716 arripuit
1908 638 2283 717 populumque
2330 638 2568 696 tributim

539 722 701 798 (Hor.
737 721 861 782 Sat.
897 720 967 792 ll,
1004 728 1057 794 1,
1092 726 1218 795 62),
1250 733 1311 780 et
1340 724 1535 782 urbem
1581 723 1752 780 multo
1784 722 1903 780 sale
1936 720 2202 782 defricuit
2249 723 2413 796 (flor.
2446 721 2563 780 Sat.

538 808 582 879 1,
619 812 717 878 10,
750 811 838 879 3).
874 807 948 864 Et
976 818 1036 865 ut
1066 808 1352 866 bic‘secat
1377 804 1665 877 Lucilius,
1696 809 1775 866 ita
1804 806 1947 884 apud
1976 807 2293 867 Iuvenalem
2329 807 2397 881 (Ι,
2430 812 2568 880 165)

537 893 744 953 ardens
776 893 944 951 velut
961 911 1088 950 esse
1121 894 1330 951 stricto
1359 893 1722 951 infremuisse
1753 891 1973 950 dicitnr.
2014 891 2229 952 Eodem
2258 894 2438 951 verbo
2467 895 2571 951 uti-

538 990 631 1037 tur
674 976 746 1036 de
793 978 1037 1036 satiricis
1067 975 1354 1035 Arnobius
1402 977 1449 1049 (Ι
1493 999 1550 1055 p.
1601 981 1681 1039 53
1725 977 1928 1048 Elm.):
2005 977 2110 1050 Qui
2154 979 2571 1056 conscriptione

536 1061 873 1123 voluminum
917 1095 1001 1108 —-
1041 1062 1290 1120 luxurias
1330 1082 1399 1121 ac
1431 1064 1573 1121 vitas
1603 1074 1826 1121 vestras
1855 1073 2080 1121 secant.
2171 1062 2318 1123 Prae
2365 1064 2573 1123 ceteris

538 1159 726 1209 autem
772 1148 1023 1206 Lucilius
1069 1167 1339 1224 agressus
1386 1158 1477 1207 est
1519 1147 1735 1226 Lupum
1781 1158 1839 1206 et
1867 1148 2130 1216 Mucium,
2174 1150 2268 1227 qui
2302 1147 2573 1228 Scipioni,

538 1232 742 1293 Lucilii
785 1234 1002 1303 amico,
1047 1233 1251 1291 inimici
1298 1243 1481 1302 erant,
1512 1234 1589 1291 cl'.
1636 1230 1906 1291 Schmidt.
1952 1232 2021 1291 ad
2055 1233 2238 1293 Lucil.
2287 1234 2395 1291 srr.
2429 1234 2466 1291 l.
2495 1232 2576 1292 lx

537 1339 595 1398 p.
632 1323 708 1380 10
740 1338 828 1397 sq.
861 1320 1089 1396 Lupum
1111 1362 1132 1389 ‚
1177 1337 1340 1397 quem
1372 1319 1605 1376 famosis
1651 1319 1907 1378 versibus
1939 1330 2263 1396 coopertum
2296 1316 2435 1377 dicit
2464 1318 2575 1377 Ho-

537 1407 716 1464 ratius
749 1403 896 1475 (Sat.
926 1403 994 1471 11.
1031 1408 1086 1473 1,
1121 1406 1248 1474 68),
1279 1413 1339 1462 et
1365 1414 1570 1482 quater
1597 1404 1652 1461 in
1698 1405 1788 1478 iis,
1819 1422 1963 1482 quae
1994 1415 2213 1462 restant
2243 1404 2575 1481 fragmentis

539 1489 611 1562 (Ῑ,
641 1494 699 1551 4.
731 1487 830 1561 IV,
863 1493 922 1551 6.
963 1487 1176 1559 XXVI,
1223 1493 1322 1550 57.
1353 1488 1571 1554 XXIX.
1617 1494 1674 1559 1)
1721 1498 2083 1547 memoratum
2122 1491 2456 1560 invenimus,
2498 1490 2574 1547 cf.

539 1573 755 1652 Scalig.
786 1576 934 1633 coni.
967 1594 1022 1651 p.
1073 1578 1215 1647 134,
1256 1574 1451 1633 volunt
1490 1593 1623 1633 csse
1668 1572 1737 1631 L.
1785 1573 1955 1631 Corn.
2014 1573 2313 1633 Lentulum
2359 1574 2573 1653 Lupum

539 1679 593 1719 a.
625 1663 749 1722 598
783 1663 955 1733 (156)
988 1678 1109 1718 cos.
1141 1679 1265 1717 cum
1298 1658 1365 1718 C.
1399 1657 1615 1718 Marcio
1647 1658 1865 1736 Figulo,
1897 1659 1973 1717 cf.
2007 1661 2178 1737 intpp.
2212 1659 2282 1717 ad
2315 1659 2453 1718 Hor.
2484 1661 2518 1717 l.
2536 1659 2573 1717 l.

538 1746 799 1815 Mucius,
826 1747 983 1803 cuius
1016 1746 1182 1802 etiam
1213 1743 1493 1802 Iuvenalis
1526 1745 1770 1802 meminit
1803 1743 1868 1815 (1,
1908 1749 2083 1815 154),
2118 1755 2461 1803 memoratur
2489 1745 2575 1803 bis

539 1833 597 1889 in
629 1831 885 1907 fragmm.
935 1830 1074 1901 (luc.
1120 1832 1180 1890 3.
1229 1827 1324 1899 Vl,
1367 1835 1465 1900 7);
1541 1839 1633 1887 est
1672 1848 1811 1887 vero
1859 1828 1919 1887 P.
1952 1828 2172 1888 Mucius
2207 1829 2490 1888 Scaevola
2520 1849 2574 1888 a.

541 1918 659 1978 621
713 1918 884 1988 (133)
930 1914 1146 1973 consul.
1222 1911 1385 1986 Quod
1433 1933 1536 1991 pro
1567 1914 1802 1993 simplici
1846 1916 2113 1973 mordere
2143 1914 2407 1974 Horatius
2441 1913 2580 1973 dixit

542 2008 675 2074 (sat.
708 1999 778 2071 ΙΙ,
816 2005 871 2070 1,
902 2005 1006 2072 77)
1042 2000 1269 2058 dentem
1301 1999 1558 2070 illidere,
1592 1999 1647 2058 id
1680 2000 1881 2058 fortius
1913 2002 2081 2058 etiam
2115 2003 2405 2079 expressit
2435 1999 2579 2059 Per-

539 2087 656 2145 sius
681 2087 1001 2163 genuinum
1021 2082 1362 2162 frangere3
1403 2086 1699 2161 genuinus
1729 2086 1908 2155 enim,
1955 2081 2395 2164 σωφρονιστής,
2429 2087 2580 2144 inter

536 2172 783 2230 molares
815 2171 1152 2228 fortissimus
1184 2167 1324 2228 dens
1355 2179 1466 2241 est,
1495 2190 1548 2228 v.
1582 2168 1700 2228 Cic.
1731 2169 1804 2229 N.
1836 2169 1907 2228 D.
1939 2169 2009 2240 11,
2042 2174 2145 2241 54,
2179 2174 2321 2231 134.
2352 2170 2472 2230 Iuv.
2505 2169 2580 2240 V,

541 2261 620 2320 69
652 2256 727 2314 ih.
761 2258 938 2334 intpp.
986 2256 1074 2313 Cf.
1125 2253 1318 2313 Sidon.
1363 2255 1552 2333 Apoll.
1599 2274 1728 2333 epp.
1771 2255 1816 2323 l,
1867 2260 1975 2317 11:
2023 2254 2305 2314 Paeonius
2338 2258 2579 2327 exarsit,

539 2344 628 2403 cui
662 2339 925 2400 satiricus
957 2341 1050 2400 ille
1083 2359 1332 2400 morsum
1362 2341 1553 2400 dentis
1584 2336 1744 2419 igniti
1774 2339 1988 2400 avidius
2016 2342 2405 2419 impresserat.
2439 2341 2484 2414 1,
2520 2347 2576 2404 1.

541 2427 603 2487 Si
634 2428 792 2486 hisce
838 2424 1219 2485 deliramentis
1259 2427 1579 2503 genuinum
1625 2427 1892 2486 molarem
1935 2426 2141 2485 invidia
2186 2447 2293 2485 non
2321 2428 2575 2505 fixo-it,

537 2514 629 2573 ubi
660 2533 715 2571 ν.
750 2511 954 2571 Savar.
989 2510 1190 2589 Longe
1221 2522 1473 2569 remotus
1502 2512 1573 2570 ab
1603 2511 1710 2570 hoc
1743 2512 1971 2571 fervore
2003 2523 2171 2591 atque
2215 2514 2427 2591 impetu
2458 2514 2603 2591 Hos

538 2601 759 2669 ratius,
793 2598 885 2677 qui
916 2595 1150 2655 ridendo
1182 2615 1372 2655 verum
1407 2596 1541 2655 dicit
1573 2602 1704 2668 (sat.
1737 2595 1781 2667 1,
1818 2602 1878 2667 1,
1910 2602 2040 2669 24),
2058 2609 2170 2655 tam
2202 2598 2411 2657 leniter
2439 2599 2580 2656 vitia

537 2687 735 2762 tangit,
768 2694 829 2742 ut
858 2684 1000 2760 ipse,
1032 2700 1194 2760 quem
1226 2683 1427 2759 tangit,
1458 2682 1669 2741 amicus
1698 2681 1901 2753 rideat,
1933 2693 1992 2741 et
2020 2694 2277 2761 poetam,
2322 2684 2415 2761 qni
2448 2681 2580 2742 dnm

538 2768 735 2829 ludere
766 2766 1020 2839 videtur,
1064 2768 1252 2825 intima
1284 2766 1645 2845 aggreditur,
1692 2766 1888 2827 lubens
1920 2764 2173 2826 admittat
2214 2778 2274 2827 et
2303 2769 2580 2846 excipiat,

537 2857 614 2915 cf.
648 2853 888 2923 Teuffel,
922 2852 1372 2911 Charakteristik
1404 2851 1507 2910 «les
1540 2851 1726 2910 Horaz
1762 2873 1814 2927 p.
1844 2856 1927 2915 43
1960 2873 2081 2931 sqq.
2177 2853 2481 2923 Callidus,
2514 2864 2583 2912 nt

537 2939 712 3020 vafer·
738 2938 886 2997 bono
916 2957 1084 2996 sensu
1117 2935 1536 3013 intelligendum
1570 2947 1678 2996 est.
1724 2939 1887 2996 Naso
1918 2939 2273 3016 suspendere
2308 2935 2582 2998 Horatia-

535 3046 662 3085 num
696 3036 788 3083 est
819 3022 971 3101 (Sat.
1004 3022 1047 3094 1,
1079 3026 1138 3093 6,
1169 3027 1226 3083 5.
1259 3022 1327 3092 ΙΙ,
1359 3026 1420 3093 8,
1454 3026 1580 3093 64),
1611 3020 1823 3093 ridere,
1856 3024 1984 3101 quia
2007 3043 2198 3093 nasus,
2229 3034 2291 3082 ut
2319 3022 2581 3095 vidimus,

534 3108 756 3171 ridendi
787 3107 957 3168 sedes
1007 3118 1101 3167 est
1133 3115 1209 3179 (v.
1242 3106 1313 3165 ad
1352 3128 1407 3165 v.
1440 3112 1568 3180 41).
1627 3109 1953 3167 Excussum
1997 3127 2201 3167 nasum
2234 3119 2401 3167 vocat
2430 3108 2582 3168 Per-

534 3198 675 3267 sius,
707 3192 855 3275 quod
887 3191 1088 3252 fortius
1121 3204 1230 3264 est,
1261 3212 1426 3271 qnam
1470 3189 1618 3272 quod
1667 3195 1857 3270 posuit
1897 3191 2158 3252 Horatius
2192 3201 2327 3267 (sat.
2364 3193 2408 3264 Ι,
2439 3198 2501 3265 4,
2533 3199 2582 3257 8

535 3283 609 3341 cl.
642 3278 883 3339 Phaedr.
917 3278 1010 3348 111,
1043 3282 1102 3348 3,
1140 3283 1240 3350 14)
1274 3288 1577 3337 emunctae
1606 3280 1798 3337 naris.
1847 3277 1988 3336 Nam
2023 3279 2233 3357 antiqui
2265 3298 2484 3337 mncnm
2515 3291 2584 3338 et

534 3368 732 3428 malam
781 3366 1029 3443 pituitam
1062 3365 1204 3433 nasi,
1237 3373 1298 3421 ut
1343 3365 1423 3421 ait
1454 3362 1704 3421 Catullus
1738 3361 1917 3436 (XXI,
1952 3368 2091 3435 17),
2136 3366 2295 3441 signa
2325 3366 2583 3443 torporis

534 3464 596 3514 et
623 3452 881 3529 ignaviae
914 3451 1078 3508 animi
1111 3447 1412 3518 habebant,
1444 3457 1504 3506 et
1532 3449 1598 3506 iis
1615 3448 2211 3526 liberat-isignilicabat
2240 3446 2581 3526 prudentem

534 3540 678 3607 lieri,
702 3535 776 3595 cf.
824 3534 1143 3594 Hemsterh.
1176 3532 1247 3592 ad
1279 3533 1514 3592 Lucian.
1547 3530 1678 3591 dial.
1723 3534 1829 3593 sel.
1864 3554 1915 3612 p.
1948 3539 2031 3597 25
2063 3554 2184 3613 sqq.
2238 3538 2361 3597 12⁰
2404 3541 2582 3615 (qnae

532 3632 726 3683 annot.
763 3640 872 3678 non
918 3631 1108 3678 exstat
1150 3620 1204 3677 in
1251 3616 1391 3678 edit.
1426 3617 1771 3690 Reitziana).
1826 3618 2043 3677 Ruhnk.
2076 3620 2149 3677 ad
2179 3619 2325 3678 Tim.
2361 3640 2415 3697 p.
2456 3624 2579 3682 16⁴

533 3728 621 3787 sq.
687 3703 822 3765 Inde
849 3702 1079 3763 Persius
1127 3703 1197 3775 11,
1231 3709 1311 3766 57
1355 3704 1577 3762 somnia
1615 3706 1836 3781 pituita
1871 3714 2143 3782 purgata
2185 3703 2356 3775 dicit,
2399 3705 2581 3778 clara,

532 3789 803 3855 veridica.
863 3791 1126 3859 Mutire,
1159 3789 1389 3848 verbum
1436 3790 1752 3867 antiquum,
1793 3799 1854 3848 et
1894 3793 2205 3859 sermonis,
2237 3797 2301 3849 ut
2330 3788 2579 3862 videtur,

532 3878 878 3959 potissimum
910 3872 1235 3953 quotidiani,
1263 3894 1318 3931 v.
1350 3872 1529 3951 Intpp.
1563 3873 1798 3933 Terent.
1813 3872 1992 3934 Andr.
2010 3874 2182 3945 111‚2‚
2213 3879 2321 3937 25.
2358 3874 2581 3937 Eadem

534 3961 942 4041 significatione
973 3958 1221 4017 Lucilius
1252 3957 1402 4019 dixit
1429 3956 1883 4037 musacere.(fr.
1917 3959 2019 4030 ΧΙ,
2057 3963 2180 4032 12).
2211 3959 2273 4018 Ιιι
2304 3961 2399 4030 iis,
2430 3982 2581 4041 quae

534 4056 875 4129 seqnuutnr,
920 4045 1262 4104 notissimam
1310 4044 1554 4104 fabulam
1610 4041 1681 4103 de
1724 4041 1877 4103 Mida
1922 4046 2270 4105 facetissime
2312 4046 2371 4105 in
2415 4067 2583 4107 usum
