2764 4738
655 424 658 427 “
710 413 977 477 scnoL.
1007 414 1115 478 AD
1147 412 1317 475 SA'r.
1345 412 1393 487 1,
1423 415 1768 480 99—101.
2118 407 2247 479 271

194 587 361 669 qnasi
390 581 644 666 εὔμιμον
671 587 1041 646 nominamus.
1221 586 1415 645 Torva
1444 586 1864 647 Μὺηαίίοποιζς.
1922 585 2045 646 *Hi
2086 605 2247 646 ver·

195 692 328 733 sus
385 670 728 732 Neronis
786 677 1046 743 suut‚*
1104 680 1166 731 ct
1206 669 1337 731 huie
1379 681 1515 730 sunt
1551 672 1868 751 compositi.
1942 672 2248 731 *Calan-

195 757 379 818 drus
418 756 911 835 1Illyriorum
955 776 1086 817 rex
1142 754 1225 815 sd
1278 755 1788 817 Macedoniam
1834 776 1987 817 eum
2034 776 2249 817 exer-

197 845 362 904 citu
420 843 666 902 venite
722 839 1187 902 Macedones
1260 860 1414 901 cum
1477 861 1776 922 parvum
1834 843 2248 902 exercitum

196 928 605 997 haberent,
667 928 1025 1006 plurimas
1069 927 1433 988 mulieres
1480 927 1882 987 cothurnis
1932 938 2008 988 et
2046 926 2250 1007 thyr-

207 1015 320 1073 sis
375 1013 446 1071 in
505 1010 779 1072 modum
834 1010 1273 1072 baccharum
1343 1024 1824 1072 ornaverunt.
1911 1011 2035 1072 Illi
2096 1032 2252 1073 cre-

202 1097 480 1159 dentes
524 1100 935 1157 exercitum
980 1096 1400 1157 adventare
1456 1096 2007 1158 discesserunt.
2029 1104 2056 1135 *
2127 1098 2250 1157 Μί-

201 1185 484 1243 nallones
526 1193 711 1241 autem
755 1181 941 1242 dictae
992 1176 1112 1243 ἀπὸ
1149 1182 1256 1256 τῆς
1299 1178 1606 1260 μιμήσεως
1619 1227 1641 1255 ,
1704 1182 1849 1263 quod
1897 1184 2249 1243 imitarentur

205 1271 456 1329 furorem
482 1266 703 1328 Liberi.
754 1267 1031 1328 Dicuntur
1058 1278 1244 1327 sutem
1278 1267 1641 1328 bombisonee
1674 1281 1736 1328 et
1762 1266 2139 1330 Mimallones.

199 1353 457 1415 Βοιώτιε
504 1364 690 1412 nutem
731 1372 905 1411 sonus
949 1364 1043 1413 est
1084 1354 1340 1412 tubarum
1385 1372 1593 1413 raucus
1612 1395 1630 1424 ‚
1675 1373 1783 1414 uec
1822 1352 1988 1414 valde
2029 1364 2248 1414 acutus.

205 1438 426 1500 Idcirco
463 1438 519 1496 in
563 1439 745 1497 sacris
792 1437 988 1498 Liberi
1029 1439 1206 1516 patris
1251 1438 1504 1498 bacchae
1536 1439 1642 1497 hos
1673 1459 1847 1498 sonos
1875 1440 2132 1500 tubarum
2163 1439 2251 1496 fs-

203 1527 362 1587 eiunt
376 1566 398 1596 ‚
442 1524 571 1603 quia
601 1523 811 1602 primus
842 1524 1203 1602 triumphavit
1219 1565 1238 1595 ‚
1283 1524 1493 1602 primus
1538 1525 1767 1584 militine
1810 1522 2064 1585 ordinem
2096 1522 2253 1584 dedit

201 1620 267 1671 et
319 1608 531 1669 docuit.
604 1608 734 1688 Ipse
777 1620 962 1668 nutem
1010 1608 1240 1669 Persius
1282 1609 1445 1668 linxit
1501 1608 1609 1668 hos
1651 1629 1855 1670 versus
1872 1652 1891 1680 ‚
1946 1610 2100 1669 velut
2153 1609 2251 1668 alii

203 1694 400 1756 dieunt
413 1735 432 1766 ‚
460 1694 518 1753 in
549 1691 786 1754 aliorum
816 1694 1180 1755 imitationem
1194 1737 1213 1767 ‚
1244 1713 1477 1775 quorum
1507 1696 1721 1774 scripta
1750 1715 1947 1754 sonum
1978 1693 2249 1774 grandem

207 1780 425 1841 babent
442 1821 460 1848 ,
490 1799 717 1839 sensum
749 1779 975 1838 nullum.

383 1869 524 1927 100.
569 1867 657 1925 Et
695 1875 931 1943 raptum
977 1865 1178 1924 vitulo.
1240 1863 1555 1924 Pentheum
1586 1866 1865 1943 significat
1879 1907 1897 1937 ‚
1926 1863 2160 1944 Agaves
2191 1873 2255 1925 et

202 1951 481 2012 Echionis
523 1950 689 2009 lilium
708 1992 725 2021 ‚
786 1951 879 2029 qui
916 1949 1184 2010 Liberum
1238 1960 1457 2030 patrem
1519 1950 1769 2030 negabat
1819 1949 1981 2011 deum
1997 1994 2014 2021 ‚
2085 1970 2249 2031 quem

205 2048 389 2097 mater
439 2034 652 2095 Libero
717 2055 885 2095 saera
944 2036 1166 2095 faciens
1183 2078 1200 2107 ‚
1261 2036 1456 2095 furore
1501 2044 1769 2116 correpta
1785 2077 1804 2108 ‚
1857 2036 1961 2095 suh
2005 2037 2250 2114 imagine

204 2122 369 2184 vituli
416 2119 747 2191 trucidavit,
802 2140 965 2200 quem
997 2141 1128 2179 mox
1156 2118 1417 2200 deposito
1449 2121 1642 2181 furore
1674 2124 1977 2200 coguovit3
2039 2142 2162 2181 cum
2195 2122 2252 2180 in

204 2208 329 2268 suis
378 2206 633 2265 manibus
671 2218 842 2285 ceput
884 2206 981 2265 lilii
1022 2217 1320 2277 cerneret,
1364 2208 1679 2266 conviciata
1725 2207 1937 2268 Libero
1969 2217 2078 2266 est.

209 2292 486 2374 Superbo
515 2301 700 2350 autem
717 2332 737 2362 ‚
767 2291 1052 2371 sacrilege
1070 2333 1088 2362 ‚
1144 2292 1482 2351 convicianti
1514 2292 1746 2352 Libero.

374 2382 515 2440 101.
576 2379 858 2436 Bassaris
894 2382 921 2417 2
934 2422 959 2450 ,
1009 2379 1132 2457 ipsa
1179 2379 1381 2456 Agave
1397 2420 1416 2449 ‚
1460 2398 1497 2437 a
1537 2399 1646 2458 qua
1688 2376 2023 2439 Bassarides
2054 2397 2251 2438 omnes

204 2453 461 2524 bacchae
492 2461 681 2522 dictae
714 2473 874 2534 sunt3
919 2461 1023 2523 sed
1054 2465 1220 2523 etiam
1256 2464 1431 2522 Liber
1457 2474 1625 2541 peter
1641 2508 1659 2537 ,
1691 2475 1752 2523 ut
1783 2464 2046 2524 Horatius
2072 2468 2134 2524 ³:

625 2567 741 2607 non
772 2567 883 2625 ego
912 2557 969 2607 te
985 2592 1007 2620 ,
1052 2550 1302 2608 candide
1330 2552 1657 2621 Bassareu,

465 2634 722 2696 Invitum
754 2635 1038 2710 quatiam.

206 2716 706 2789 *Quibusdam
753 2716 871 2777 vid
893 2727 1098 2790 etur,
1139 2739 1175 2778 a
1217 2737 1498 2796 genere
1545 2721 1822 2790 vestis,
1864 2740 2005 2799 qua
2030 2718 2254 2781 Liber

206 2815 431 2883 peter
490 2804 770 2875 utitur,
829 2801 1169 2863 demisse
1226 2802 1314 2863 sd
1359 2804 1594 2875 telos,
1665 2824 1868 2884 qnam
1928 2805 2252 2866 Thraces

208 2889 578 2949 hess-aria
652 2899 947 2948 vocent.
1042 2887 1348 2962 Quidam
1406 2907 1442 2948 a
1494 2890 1889 2969 vulpibus,
1946 2911 2254 2969 quarum

208 2974 538 3053 pellibus
585 2973 919 3033 bacchae
966 2974 1646 3052 succingebentur‚
1671 2982 1698 3013 *
1743 2986 1804 3035 et
1848 2976 2070 3054 lyncum
2112 2997 2255 3056 pan-

207 3060 607 3138 therarumque
628 3058 888 3140 pellibus.
933 3058 1067 3119 *Vu
1084 3059 1101 3119 l
1121 3079 1156 3140 p
1174 3078 1207 3119 e
1228 3065 1286 3118 s*
1328 3057 1459 3119 inde
1476 3060 1553 3118 *T
1573 3062 1606 3120 h
1625 3080 1798 3121 racc
1816 3080 1844 3118 s
1876 3061 2051 3122 bass
2069 3080 2250 3122 ares

208 3142 323 3205 dic
340 3165 376 3203 u
392 3165 428 3203 n
446 3155 471 3203 t
499 3146 548 3203 ⁴.
565 3149 593 3182 ¹*
775 3146 865 3204 Et
901 3146 1123 3223 lyncem
1165 3146 1418 3205 Maenas
1445 3147 1704 3227 flexura
1767 3147 2074 3224 corymbis.
2142 3150 2254 3207 Co-

210 3349 237 3401 1
275 3347 427 3412 Apud
476 3346 722 3415 Polyaen.
776 3347 867 3415 IV,
919 3349 968 3412 1,
1024 3347 1108 3413 qui
1160 3348 1376 3399 eandem
1424 3346 1696 3399 historiam
1756 3354 1972 3415 narrat,
2035 3356 2254 3401 vocatur

280 3411 565 3483 Γόλαυροσ
595 3412 842 3485 βασιλεὺς
876 3409 1232 3468 helenium.

209 3487 247 3541 2
281 3483 467 3551 Papias
485 3506 501 3534 a
543 3486 928 3549 „Bassarides‚
954 3499 1144 3536 vaccae
1170 3485 1375 3536 uberes.
1416 3484 1692 3549 Bassaris,
1718 3485 2010 3538 sacerdotia
2037 3502 2067 3537 s
2102 3488 2251 3538 basso

284 3554 325 3603 i.
348 3553 604 3604 baccho.“
643 3553 714 3606 lo.
741 3570 771 3605 a
795 3554 950 3606 lnuua
971 3574 985 3606 ε
1008 3554 1325 3617 „Bassaris,
1352 3552 1511 3615 vidis,
1540 3553 1660 3605 l'em.
1689 3570 1806 3619 gen.
1826 3569 1854 3604 a
1872 3554 2020 3606 basse
2040 3556 2253 3616 dicitnr,

283 3622 419 3687 quod
448 3629 530 3673 est
554 3623 667 3674 ovis
691 3624 928 3690 pinguis,
966 3631 1020 3674 et
1055 3629 1176 3673 sunt
1205 3621 1502 3673 bassan-ides
1531 3636 1716 3673 vaceae
1745 3624 2027 3675 mulcariae
2050 3626 2256 3691 (mulg.)

282 3690 499 3776 uberes.
524 3691 842 3789 ‘l‘lassarides
866 3694 1022 3744 etiam
1054 3690 1432 3744 sacerdotissae
1469 3690 1691 3756 Bacchi,
1716 3707 1772 3756 ‘a
1801 3692 2017 3754 Baccho,
2057 3701 2111 3745 et
2143 3710 2259 3746 cor-

212 3829 245 3882 3
282 3759 669 3880 aigae-mm·
711 3827 752 3882 1.
788 3829 871 3892 18,
902 3828 964 3883 11
996 3843 1076 3896 sq.
1116 3828 1205 3880 uhi
1238 3828 1428 3880 similia
1464 3828 1625 3881 schol.
1647 3865 1664 3893 ‚
1711 3828 1782 3881 ef.
1825 3827 2085 3899 Mythogr.
2127 3830 2253 3884 Vat.

212 3967 248 4018 4
282 3894 746 4017 gdssdnzn’nzi'eomm
783 3965 1096 4018 Graecorum
1133 3965 1425 4016 testimonia
1457 3980 1512 4017 v.
1546 3965 1682 4034 apud
1711 3965 1928 4018 Schoen.
1958 3967 2020 4018 de
2047 3982 2251 4035 person.

280 4034 335 4170 {u
372 4033 559 4162 {gg-ip.
597 4034 781 4087 Bacch.
825 4033 1004 4088 habitu
1037 4050 1177 4088 scen.
1231 4049 1279 4102 p.
1318 4034 1419 4087 146
1444 4049 1556 4102 sqq.
1623 4033 1692 4087 cf.
1731 4033 1958 4089 Lobeck.
1999 4036 2253 4105 Aglaoph.
