2764 4738
929 412 1146 474 PROL.
1210 420 1249 476 7
1278 447 1365 457 —-
1401 416 1500 475 10.
2149 409 2231 472 77

220 580 514 655 celebrant,
542 582 743 663 quihus
773 602 840 642 se
873 593 1048 643 totum
1093 581 1466 645 adnumerare
1509 602 1619 643 non
1651 579 1855 654 audet,
1901 580 1971 641 ad
2000 584 2144 642 vatis
2176 596 2248 665 et·

221 678 410 746 poetae
440 670 685 747 perfecti
713 688 917 729 nomen
949 666 1375 750 haudquaquam
1407 668 1721 749 adspirans.

368 809 419 848 v.
453 793 492 851 8
523 809 608 869 sq.
652 787 909 848 Luxuria
952 787 1326 848 Romanorum
1357 787 1522 848 valde
1565 787 1672 846 sibi
1704 787 1963 866 placebat
1990 790 2046 848 in
2077 789 2236 849 alen·

216 870 290 931 dis
317 873 528 947 avibus,
559 893 704 953 quae
734 892 934 933 vocem
963 875 1316 934 imitarentur
1344 874 1659 945 humanam,
1689 875 1839 932 inter
1869 894 2006 953 quas
2023 875 2234 933 emine-

218 957 339 1017 bant
357 961 652 1037 psittacus
690 970 748 1018 et
765 961 908 1038 pica
930 1003 947 1031 ,
983 977 1128 1039 quae
1158 960 1310 1018 illum
1341 959 1680 1038 loquacitate
1712 960 2050 1038 superabat,
2085 970 2233 1018 teste

220 1043 382 1103 Plinio
413 1044 482 1103 Η.
511 1043 591 1105 Ν.
626 1044 704 1115 Χ,
749 1049 854 1117 42,
901 1048 1004 1117 59,
1037 1042 1140 1105 sed
1168 1046 1333 1104 vilior
1376 1041 1723 1117 habebatur,
1776 1047 1903 1123 quia
1932 1045 2082 1103 illum
2115 1046 2237 1103 sola

212 1127 349 1188 ludia
379 1130 639 1189 mittebat
670 1129 858 1199 (Paus.
905 1129 974 1201 11,
1005 1133 1112 1202 28,
1147 1134 1228 1202 1).
1302 1128 1456 1189 Nota
1503 1140 1631 1189 sunt
1661 1129 1840 1188 Ovidii
1884 1131 2036 1204 (Am.
2069 1130 2137 1203 11,
2172 1135 2232 1203 6)

211 1225 264 1273 et
291 1213 449 1274 Statii
481 1213 647 1289 (Silv.
680 1215 749 1288 11,
780 1219 844 1287 4)
876 1216 932 1274 in
975 1216 1252 1294 psittacos
1296 1212 1584 1293 epicedia,
1630 1216 1705 1274 cl'.
1738 1215 1909 1274 Mart.
1946 1215 2101 1286 XIV,
2132 1219 2234 1278 73.

214 1297 472 1360 Solehant
500 1309 693 1359 autem
745 1300 854 1358 hae
899 1319 1035 1360 aves
1084 1298 1361 1360 salutandi
1409 1300 1679 1359 formulas
1722 1302 2068 1378 potissimum
2100 1299 2235 1359 edo-

212 1387 337 1457 ceri,
378 1395 439 1445 ut
481 1384 624 1444 dicit
665 1384 1037 1444 Philostratus
1084 1392 1159 1461 (v.
1205 1384 1394 1465 Apoll.
1441 1386 1662 1464 Thyan.
1709 1385 1751 1457 1,
1800 1391 1897 1459 7):
1990 1381 2076 1446 To
2116 1381 2236 1463 γὰο

212 1469 439 1552 χαῖρε,
484 1469 596 1529 καῖ
627 1466 698 1530 τὸ
745 1490 823 1530 ευ
866 1467 1196 1569 πράττε,
1244 1470 1348 1530 καὶ
1391 1466 1457 1531 τὸ
1502 1465 1696 1540 Ζεὺς
1742 1473 1965 1541 ἵλεως
1980 1493 2132 1542 ,και
2163 1466 2239 1530 τὰ

213 1557 439 1614 τοιαῦτα
475 1557 536 1615 οἱ
563 1551 812 1637 ὄρνιθες
852 1551 1125 1635 εὔχονται
1153 1551 1288 1615 οὔτε
1318 1552 1539 1624 εἰδότες
1583 1550 1617 1614 ὅ
1654 1576 1712 1612 τι
1754 1552 1924 1633 λέγοι·
1930 1517 2054 1627 σίν,
2102 1552 2237 1614 οὔτε

216 1629 520 1713 (1.οὖτέὖ)
559 1638 926 1716 διακείμενοι
950 1636 1105 1722 πρὸς
1129 1635 1269 1710 τούς
1297 1635 1701 1722 ἀνθρωποις,
1747 1636 1894 1700 ἀλλὰ
1940 1639 2235 1721 &ovem-

216 1742 399 1801 onemo
417 1721 527 1798 τὴν
553 1726 840 1804 γλῶτταν.
880 1725 964 1784 Ita
993 1724 1138 1826 apud
1159 1726 1628 1785 Trimalchionem
1659 1745 1833 1805 super
1864 1727 2028 1786 limen
2061 1746 2238 1785 cavea

214 1808 479 1886 pendebat
507 1830 727 1882 aurea,
774 1812 828 1869 in
861 1831 970 1890 qua
999 1813 1126 1890 pica
1157 1814 1311 1869 varia
1345 1814 1620 1870 intrantes
1672 1812 1954 1870 salutabat
1985 1812 2237 1884 (Petron.

211 1898 323 1967 28).
380 1894 670 1955 Psittacus
701 1905 887 1955 autem
916 1897 1148 1955 suumi.
1181 1914 1235 1955 e.
1266 1898 1626 1976 peregrinum
1668 1894 1841 1980 χαῖρε
1881 1897 2135 1969 sonabat,
2181 1907 2241 1957 ut

214 1980 453 2040 solebant
481 1992 621 2040 tunc
667 1978 899 2039 Romani
944 1980 1180 2041 Graecis
1213 1983 1469 2041 formulis
1514 1983 1616 2053 uti,
1661 1983 1783 2059 pica
1815 1980 2080 2060 indigena
2111 2002 2243 2041 ver

214 2066 394 2125 naeulo
424 2085 696 2125 sermone
746 2066 1009 2147 loquitur.
1073 2067 1223 2146 Apte
1266 2080 1453 2125 autem
1503 2068 1688 2145 posuit
1731 2070 2012 2140 expedire
2058 2078 2118 2126 et
2147 2087 2241 2126 co-

214 2169 353 2224 nan,
384 2162 446 2211 ut
476 2149 870 2212 difficultatem
901 2153 1120 2231 linguas
1153 2151 1463 2213 exercendi
1490 2154 1856 2231 exprimeret.
1894 2153 1982 2210 Cf.
2013 2153 2239 2232 Apulei.

216 2233 350 2295 Flor.
380 2258 435 2317 p.
469 2240 600 2300 349
632 2235 774 2295 Elm.
808 2236 877 2297 de
909 2242 1184 2316 psittaco:
1247 2237 1462 2296 Vocem
1497 2240 1545 2295 si
1576 2235 1796 2309 audias,
1828 2238 2105 2300 hominem
2140 2258 2240 2316 pu-

215 2329 323 2382 tesz
364 2343 491 2383 nam
527 2320 753 2403 quidem
785 2324 834 2384 si
863 2322 1080 2395 videas,
1112 2321 1257 2383 idem
1289 2326 1519 2396 conari,
1559 2343 1669 2381 non
1702 2325 1911 2402 eloqui.
1978 2322 2244 2382 Similiter

215 2405 277 2466 de
309 2429 488 2488 puero
536 2409 691 2489 loqui
731 2411 1036 2489 incipiente
1079 2410 1516 2482 Quinctilianus:
1559 2410 1739 2467 verba
1782 2406 2072 2487 effingere
2117 2411 2243 2467 imi-

215 2496 374 2553 tando
397 2494 738 2566 conabitur,
773 2506 834 2553 et
864 2496 1029 2573 loqui
1056 2496 1312 2571 primum
1344 2497 1571 2553 incerta
1602 2514 1736 2552 voce
1778 2496 2023 2552 tentavit
2075 2494 2139 2567 (I.
2175 2494 2241 2553 Ο.

215 2575 336 2651 1.1,
364 2586 440 2655 43
476 2585 613 2653 21).
686 2579 762 2638 Et
803 2577 873 2639 de
922 2581 1166 2658 psittaco
1209 2600 1309 2638 suo
1358 2578 1522 2640 modo
1566 2577 1713 2639 idem
1756 2598 2133 2657 expressurus
2165 2582 2244 2637 ait

215 2662 486 2725 Anchius
523 2662 677 2740 (adv.
710 2675 867 2744 gent.
898 2665 948 2726 11
977 2684 1033 2744 p.
1066 2671 1148 2728 78
1179 2665 1384 2737 Elm.):
1415 2666 1590 2725 verba
1622 2662 1830 2738 (discit)
1865 2674 1923 2721 et
1953 2666 2242 2743 integrare

215 2758 268 2805 et
294 2752 515 2810 nomina
547 2768 781 2829 prorsus
811 2769 1167 2829 expromere.

368 2912 422 2949 v.
492 2894 577 2952 10
615 2910 718 2989 'sq.
768 2891 858 2948 Cf.
891 2890 1182 2950 Theocrit.
1230 2890 1387 2961 XXI,
1440 2897 1510 2951 1.
1576 2888 1653 2948 ‘A
1681 2888 1877 2958 πενία
1914 2886 2240 2966 decimans,

214 2964 356 3047 μόνα
393 2969 507 3045 τὰς
554 2972 763 3054 τέχνας
804 2973 1039 3058 ἐγείρει.
1121 2975 1302 3035 Plaut.
1348 2975 1527 3035 Stich.
1558 2976 1603 3048 Ι,
1635 2980 1695 3047 3,
1726 2980 1843 3037 23:
1934 2974 2245 3054 Paupertas

214 3077 396 3120 omnes
427 3072 593 3119 artes
624 3059 915 3138 perdocet.
950 3060 1086 3120 Sen.
1104 3080 1214 3161 νει).
1256 3067 1369 3124 15:
1428 3060 1677 3121 Admitte
1710 3061 1885 3130 istos,
1929 3080 2070 3139 quos
2103 3081 2246 3119 nova

214 3145 440 3205 artificia
471 3143 668 3204 docuit
697 3147 901 3204 fames.
947 3178 1030 3191 -
1087 3149 1309 3224 ingeni.
1348 3148 1436 3204 Cr.
1471 3146 1589 3205 Cic.
1622 3144 1692 3205 de
1725 3147 1855 3203 finn.
1888 3145 1961 3217 V,
1998 3150 2095 3215 13,
2129 3150 2244 3207 362

215 3226 415 3289 Prioris
446 3232 686 3310 generis
718 3233 1021 3304 (virtutum,
1053 3252 1198 3311 quae
1228 3233 1635 3310 ingenerantur
1671 3241 1870 3309 suapte
1903 3239 2124 3302 natura)
2158 3241 2250 3289 est

215 3310 489 3388 docilitas,
524 3317 816 3387 memoria,
847 3336 992 3396 quae
1025 3318 1153 3376 fere
1182 3319 1365 3377 omnia
1396 3317 1749 3396 appellantur
1777 3337 1888 3375 uno
1919 3317 2125 3393 ingeni
2147 3336 2248 3374 no-

215 3401 370 3461 mine.
417 3436 507 3447 —
551 3403 726 3479 sequi
755 3405 980 3480 ponitur
1019 3399 1218 3461 eadem
1263 3404 1390 3462 fere
1436 3404 1751 3473 sententia,
1782 3421 1891 3481 qua
1918 3403 2159 3471 sectari,
2192 3412 2251 3458 ut

216 3504 316 3543 non
359 3496 474 3546 tam
519 3497 850 3565 spectetur,
908 3508 1035 3547 num
1065 3506 1204 3546 vere
1250 3489 1375 3568 quis
1420 3498 1760 3567 assequatur
1802 3485 1859 3545 id
1902 3485 2051 3567 quod
2093 3487 2249 3557 velit,

215 3568 310 3629 sed
350 3572 537 3651 ipsum
582 3569 848 3632 studium.
936 3573 1019 3631 lta
1062 3572 1201 3633 Hor.
1251 3582 1359 3632 sat.
1404 3573 1448 3645 1,
1496 3577 1556 3644 6,
1601 3577 1680 3636 87
1726 3571 2023 3631 mercedes
2069 3572 2249 3650 sequi.

214 3653 446 3716 Terent.
484 3656 702 3735 Hecyr.
734 3656 830 3728 111,
877 3662 935 3728 5,
967 3662 1044 3720 31
1096 3656 1443 3718 commodum
1473 3659 1666 3737 sequi3
1710 3658 1788 3716 cf.
1821 3656 1941 3716 Cic.
1986 3655 2057 3715 de
2090 3657 2246 3734 legg.

219 3738 280 3812 Π,
314 3747 369 3812 1,
400 3746 462 3804 3.
497 3762 557 3820 p.
590 3742 742 3801 Mur.
774 3746 878 3815 27,
911 3748 1011 3805 55.
1060 3742 1221 3816 Quod
1250 3745 1431 3823 magis
1462 3745 1628 3803 etiam
1661 3763 1750 3801 vv.
1782 3753 2034 3819 negatas
2086 3762 2252 3800 voces

217 3828 565 3905 exprimitur,
611 3847 754 3907 quae
786 3827 1029 3888 illustrat
1054 3828 1248 3889 Manil.
1279 3830 1353 3900 V,
1387 3834 1511 3892 377
1552 3849 1709 3908 sqq.:
1771 3827 1916 3900 Quin
1949 3829 2115 3887 etiam
2147 3828 2251 3886 lin-

217 3929 351 3987 guas
381 3911 666 3972 bominum
696 3932 1015 3994 sensusque
1045 3912 1269 3974 docebit
1301 3917 1489 3975 aerias
1521 3915 1816 3985 volucres,
1849 3946 1928 3959 -
1962 3915 2251 3992 verbaque

222 3999 532 4077 praecipiet
559 4008 816 4057 naturae
846 4001 977 4077 lege
1005 4011 1244 4078 negata.
1305 4033 1388 4046 —-
1448 3998 1678 4078 artifex
1706 4002 1895 4078 sequi,
1929 4017 2162 4077 graeco,
2192 4008 2256 4055 ut

222 4081 386 4155 aiunt,
416 4103 576 4145 more
592 4082 865 4147 infinitivo
887 4082 1078 4146 addito
1106 4106 1161 4147 v.
1180 4084 1344 4146 Pers.
1374 4087 1419 4159 1,
1451 4088 1564 4159 595
1597 4089 1681 4149 7⁰
1710 4105 1826 4165 sq.,
1862 4088 2002 4147 118.
2027 4083 2103 4155 V,
2140 4088 2250 4157 153
