2764 4738
933 431 1102 495 sA'r.
1133 432 1233 508 vl,
1265 437 1340 499 61
1364 466 1446 482 -
1467 437 1571 498 68.
2126 429 2255 498 227

207 601 410 665 dentes
455 605 698 684 accipit,
744 605 995 666 celerior
1037 607 1214 664 estin
1246 624 1416 666 cursu
1446 606 1742 676 continuo,
1785 623 1950 685 quam
1982 604 2116 679 ille,
2160 608 2253 686 qni

206 688 412 761 tradit,
441 691 523 749 ita
552 692 752 750 melior
779 693 1091 770 imperator
1119 710 1332 762 novus,
1364 693 1459 771 qni
1489 692 1697 769 accipit
1724 691 2047 762 exercituS,
2089 711 2253 770 quam

204 773 335 846 ille,
385 777 481 855 qni
521 773 783 836 decedit:
841 789 1148 857 propterea
1194 775 1342 856 qnod
1397 775 1739 856 defatigatus
1781 794 1984 836 cursor
2026 777 2253 855 integro

205 862 429 931 facem,
477 860 567 920 bic
599 864 813 939 peritus
843 865 1153 942 imperator
1179 863 1442 941 imperito
1473 863 1784 922 exercitum
1814 859 2049 920 tradit.“
2114 860 2251 921 Inde

205 947 356 1006 enim
388 947 647 1005 concludi
678 959 904 1026 potest,
950 948 1099 1007 illum
1119 988 1137 1018 ,
1177 948 1270 1008 cui
1315 948 1415 1005 fax
1442 946 1806 1018 tradebatur,
1852 946 1978 1006 loco
2007 947 2252 1025 positum

204 1033 409 1103 fnisse,
440 1051 551 1110 qno
581 1033 747 1092 alteri
777 1031 1059 1093 currendo
1089 1030 1530 1112 perveniendum
1561 1043 1688 1092 erat
1714 1038 2068 1112 (quamquam
2098 1030 2250 1091 aliud

203 1113 468 1196 quiddam
484 1118 1023 1196 respexit'l'hemist.
1057 1117 1092 1177 l.
1122 1119 1183 1190 l.)
1200 1161 1228 1188 ‚.
1248 1116 1398 1177 unde
1419 1120 1601 1197 prior
1629 1115 1736 1177 dici
1753 1127 2000 1198 poterat.
2034 1115 2248 1189 Quodsi

202 1220 417 1262 summa
450 1204 774 1262 certaminis
805 1205 860 1262 in
892 1223 963 1264 eo
992 1202 1311 1283 ponebatur
1332 1246 1351 1274 ,
1381 1214 1445 1262 ut
1474 1203 1658 1263 facem
1688 1201 1978 1263 ardentem
2011 1204 2249 1282 quisque

202 1298 473 1347 servaret
499 1288 777 1368 alterique
810 1287 1083 1360 traderet,
1116 1288 1283 1348 facile
1313 1289 1440 1348 fieri
1470 1289 1685 1367 potuit,
1715 1298 1779 1346 ut
1806 1289 1928 1368 quis
1960 1307 2086 1347 eam
2116 1298 2251 1350 ante

200 1384 425 1451 tempus
456 1374 567 1431 iam
596 1376 851 1451 arripere
884 1384 1155 1453 cuperet,
1200 1376 1535 1453 praesertim
1583 1374 1633 1432 si
1663 1374 2027 1433 exstinctioni
2057 1375 2253 1453 proxi·

198 1478 346 1519 mam
376 1455 623 1519 videret.
671 1462 814 1518 Sum
844 1459 957 1518 tibi
979 1460 1358 1531 Mercurius,
1403 1458 1547 1519 lucri
1577 1456 1719 1518 deus
1768 1457 1859 1532 (11,
1890 1462 2036 1533 44),
2082 1461 2250 1518 venio

201 1546 350 1603 deus
380 1544 498 1603 hue
525 1563 634 1621 ego
665 1554 736 1603 ut
772 1546 882 1627 ille
903 1546 1182 1623 pingitur
1227 1545 1331 1619 (ef.
1367 1544 1656 1624 Telepbos
1685 1565 1742 1604 n.
1772 1543 1998 1604 Troilos
2029 1563 2085 1623 p.
2121 1549 2248 1616 10),

202 1650 286 1690 sc.
333 1649 461 1689 cum
508 1630 758 1689 saccello
803 1649 850 1688 s.
894 1631 1217 1709 marsupio,
1263 1630 1402 1689 lucri
1444 1630 1736 1708 symbolo,
1782 1638 1842 1689 ut
1869 1630 1925 1688 in
1955 1630 2247 1709 permultis

201 1716 403 1792 sigillis
435 1724 906 1793 repraesentatur
933 1725 994 1774 et
1021 1716 1291 1795 picturis,
1322 1715 1405 1775 cf.
1437 1716 1585 1775 Mus.
1619 1714 1787 1774 Borb.
1814 1714 1991 1787 V1‚2.
2022 1714 2125 1787 IX,
2141 1719 2245 1777 38.

199 1800 442 1872 Mulier,
474 1820 623 1859 mon.
655 1811 762 1860 art.
796 1812 916 1860 ant.
949 1801 1000 1860 11
1029 1812 1069 1860 t.
1101 1805 1184 1864 29
1204 1820 1290 1880 sq.
1353 1798 1631 1881 Quicquid
1662 1800 1761 1859 tibi
1792 1801 2138 1880 relinquam,
2192 1798 2252 1859 id

200 1896 469 1965 tanquam
509 1905 545 1945 a
588 1884 698 1945 deo
743 1884 931 1945 datum
974 1897 1035 1945 et
1074 1887 1419 1964 insperatum
1464 1886 1675 1946 lucrum
1722 1896 1990 1964 reputare
2022 1885 2242 1959 debes3

202 1990 279 2030 an
325 1973 568 2041 rennes,
615 1971 722 2030 bac
765 1969 1087 2030 conditione
1126 1973 1208 2029 uti
1254 1992 1364 2030 non
1409 1974 1538 2030 vis?
1596 1970 1728 2029 Vin’
1761 1981 1824 2029 tu
1849 1973 2122 2049 gaudere
2150 1991 2247 2030 re-

202 2058 414 2115 lictis?
457 2056 778 2135 Exspectes
809 2058 898 2116 vals
914 2100 937 2128 ‚
982 2076 1106 2116 cum
1138 2054 1258 2115 vin’
1286 2058 1341 2115 in
1372 2058 1609 2136 simplici
1640 2057 2084 2135 interrogatione
2115 2059 2249 2135 poni

201 2143 428 2213 soleat,
473 2144 561 2200 vis
606 2142 699 2200 nbi
730 2162 854 2201 cum
901 2142 1109 2201 affectu
1157 2143 1280 2221 quis
1324 2142 1615 2213 hortatur,
1676 2143 1754 2201 cf.
1787 2142 1972 2202 Bentl.
2004 2141 2074 2200 ad
2106 2142 2244 2202 Hor.

201 2237 312 2286 sat.
344 2227 413 2298 ΙΙ,
447 2230 505 2297 6,
537 2231 639 2289 92.
674 2227 868 2287 Heinr.
894 2226 965 2286 ad
995 2227 1111 2286 Iuv.
1139 2227 1238 2296 lv,
1264 2232 1365 2290 74.
1440 2227 1651 2287 Verum
1698 2226 1976 2308 Sulpicius
2023 2247 2246 2307 quoque

202 2312 348 2386 (Cic.
380 2331 513 2392 epp.
548 2311 618 2372 ad
649 2312 795 2372 divv.
829 2312 927 2386 Ν,
960 2318 1021 2385 5,
1051 2317 1151 2387 4).
1184 2312 1402 2385 „Visne
1437 2325 1494 2373 tn
1525 2323 1614 2386 te,
1650 2311 1850 2385 Servi,
1884 2324 1941 2375 te
1973 2313 2245 2375 cohibere

200 2411 261 2458 et
304 2401 630 2458 meminisse
677 2399 952 2458 hominem
994 2410 1053 2458 te
1098 2411 1286 2458 natum
1331 2403 1549 2458 esse't“
1605 2400 1742 2458 Cum
1773 2400 1945 2459 heres
1977 2400 2244 2459 obiiciat:

201 2486 390 2543 Deest
415 2485 649 2562 aliquid
670 2504 960 2556 summae,
996 2505 1159 2565 qnam
1190 2496 1249 2544 tu
1278 2484 1636 2563 possidebas,
1668 2496 1729 2545 et
1756 2485 1888 2543 mibi
1918 2484 2243 2563 relinquere

200 2568 458 2629 debebas
503 2572 798 2641 intactam,
845 2568 1152 2649 respondet
1191 2582 1399 2650 poetae
1448 2572 1651 2629 Minui
1681 2572 1859 2642 milti,
1902 2588 2084 2629 meum
2115 2570 2245 2641 fuit,

199 2654 273 2715 de
321 2676 432 2735 quo
474 2653 685 2733 aliquid
728 2654 983 2726 detraxi,
1030 2657 1143 2714 tibi
1177 2667 1398 2728 autem,
1448 2657 1727 2734 quicquid
1766 2656 1918 2725 erit,
1968 2653 2114 2735 quod
2144 2655 2244 2714 tibi

199 2741 549 2821 relinquam,
584 2750 767 2800 totum
795 2744 933 2800 erit.
978 2743 1148 2820 Fuge
1173 2761 1464 2819 quaerere
1495 2748 1579 2813 (ut
1609 2741 1745 2799 Hor.
1777 2759 1951 2799 carm.
1984 2741 2027 2811 1,
2048 2744 2108 2814 9,
2131 2744 2242 2802 13:

201 2824 349 2898 Quid
379 2828 454 2884 sit
483 2845 653 2895 cras,
698 2826 833 2903 fuge
879 2845 1196 2906 quaerere3
1248 2828 1326 2886 cf.
1367 2826 1439 2898 11,
1468 2830 1530 2895 4,
1560 2830 1662 2888 22.
1708 2825 1942 2884 Lucret.
1976 2824 2019 2895 1,
2057 2829 2242 2888 1043.

199 2911 406 2971 Tibull.
440 2911 485 2983 Ι,
516 2916 575 2982 4,
608 2915 711 2982 9),
743 2913 850 2970 ubi
869 2914 984 2983 sit,
1022 2914 1179 2989 quod
1205 2913 1354 2970 milei
1379 2913 1665 2990 quondam
1699 2913 1943 2989 legarat
1965 2911 2240 2981 Stadius,

199 2995 349 3076 quod
395 3016 597 3055 nomen
643 2997 773 3055 alibi
805 3017 915 3055 non
948 2998 1170 3068 inveni,
1221 3017 1347 3055 nam
1381 2995 1528 3078 quod
1559 2998 1777 3055 unicum
1812 2996 2126 3075 exemplum
2160 2997 2243 3054 le-

196 3084 352 3160 gitur
381 3079 528 3160 apud
557 3081 762 3140 Murat.
800 3087 984 3154 1411,
1007 3087 1119 3144 17:
1169 3080 1465 3141 STADIA.
1499 3081 1722 3153 VRSA,
1755 3083 1877 3142 eius
1908 3081 2033 3141 loco
2065 3079 2246 3141 edidit

197 3167 269 3226 de
313 3168 449 3226 Vita
510 3165 689 3236 (Antt.
737 3167 955 3227 Benev.
1004 3167 1119 3246 lp.
1154 3167 1304 3233 XLI,
1341 3172 1442 3239 10)
1489 3166 1747 3226 TADIA.
1781 3165 2017 3237 VRSA‚
2064 3185 2242 3247 quare

198 3248 534 3321 videndum,
581 3272 650 3312 an
694 3251 786 3311 hic
828 3272 1051 3333 qnoque
1099 3252 1484 3332 reponendum
1533 3251 1609 3312 sit
1659 3253 1877 3311 Tadius
1908 3264 2006 3311 aut
2033 3254 2241 3311 Staius

199 3337 297 3412 (Il,
332 3341 459 3409 19).
500 3338 635 3395 Neu
671 3339 832 3396 dicta
869 3349 1129 3415 paterna
1149 3382 1167 3409 ,
1201 3337 1418 3415 rigida,
1449 3356 1688 3408 severa,
1719 3357 1971 3416 repone,
2006 3336 2158 3418 qnod
2184 3358 2241 3396 v.

194 3425 430 3503 proprio
476 3419 795 3500 rependere
840 3424 1155 3501 significat,
1208 3425 1516 3483 restituere
1562 3444 1753 3493 suum,
1799 3434 1860 3482 et
1901 3421 1969 3482 de
2001 3420 2243 3501 ingratis

196 3506 372 3568 rebus
404 3510 643 3567 maxime
673 3520 1011 3586 usurpatur,
1066 3509 1147 3567 cf.
1186 3507 1318 3567 Seu.
1354 3528 1487 3587 epp.
1521 3506 1786 3579 LXXXI,
1816 3512 1856 3568 8
1884 3529 2007 3587 sqq.
2055 3507 2125 3567 de
2157 3509 2243 3566 ira

193 3593 237 3664 1,
272 3596 333 3654 3.
367 3593 436 3663 Π,
468 3596 568 3655 28.
617 3592 735 3652 Cic.
784 3613 912 3672 epp.
958 3592 1029 3652 ad
1075 3592 1186 3652 div.
1229 3592 1273 3664 Ι,
1318 3598 1379 3664 9,
1415 3598 1513 3656 19.
1564 3594 1753 3652 Inven.
1786 3591 1830 3664 Ι,
1864 3600 1892 3656 1
1931 3595 2006 3652 ib.
2039 3593 2239 3653 Heinr.

193 3680 472 3737 Accedat
478 3676 755 3756 foenoris
785 3698 1007 3739 merces
1023 3722 1046 3750 ,
1079 3697 1285 3738 usurae
1304 3721 1322 3750 ‚
1354 3689 1417 3736 ut
1446 3677 1593 3757 apud
1625 3679 1820 3737 Horat.
1851 3689 1962 3738 sat.
1981 3679 2025 3751 Ι,
2044 3683 2106 3750 2,
2128 3685 2239 3750 143

196 3768 259 3834 3,
290 3768 395 3824 88.
456 3766 607 3822 Hine
631 3766 820 3823 eximo
850 3774 1109 3835 sumtus,
1158 3784 1296 3843 quos
1327 3784 1439 3822 non
1470 3766 1790 3823 accuratius
1819 3762 2067 3835 indicat,
2113 3784 2239 3823 nam

195 3849 407 3920 heres,
454 3867 578 3907 cum
620 3850 801 3926 magis
832 3852 1123 3930 magisque
1154 3850 1400 3909 imminui
1430 3848 1621 3908 videat
1649 3847 2058 3921 hereditatem,
2108 3869 2240 3908 ora·
2294 3901 2297 3904 .

194 3936 409 3993 tionem
460 3934 847 4012 interrumpit:
918 3935 1076 4010 Quid
1128 3936 1420 4013 reliquum
1465 3940 1601 3994 est?
1644 3936 1946 4013 Reliquum
1968 3978 1986 4007 ‚
2031 3937 2243 4013 repetit

196 4030 364 4097 poeta
411 4020 625 4090 iratus,
668 4017 843 4097 quid?
889 4020 989 4078 tibi
1035 4041 1146 4079 non
1192 4021 1471 4094 sufficiat,
1533 4017 1680 4100 qnod
1732 4021 2086 4101 relinquam?
2129 4019 2241 4080 lam

196 4105 402 4164 lautius
447 4105 615 4165 etiam
659 4106 842 4164 vivam
886 4124 995 4165 nec
1025 4103 1346 4166 'hereditati
1391 4125 1637 4185 parcam.
1699 4106 1910 4178 Nunc,
1955 4125 2112 4165 nunc
2138 4107 2241 4163 im-

1703 4190 1826 4253 15*
