2764 4738
561 398 689 465 176
1276 400 1446 464 SAT.
1478 401 1577 476 IV,
1605 406 1877 468 36—39

564 572 672 634 καῖ
696 568 1135 674 λορδουμὲνους
1140 567 1588 674 oimpvstpcmac
1620 571 1915 654 σχήμασιν
1954 567 2069 632 οὐκ
2096 569 2573 679 ἀπερυθριαῗπας

564 657 784 760 (ἕπερ.)
828 653 1074 726 αὐτούς·
1124 654 1187 716 εἰν
1227 679 1374 740 αυτη
1418 657 1659 736 νεολαίᾳ
1706 659 1812 718 και
1852 655 2159 736 γυμνασίῳ
2209 678 2390 758 μειιῳ,
2428 653 2572 716 ἔνθα

566 740 746 844 ἀρετὴ
778 739 1019 824 ἀνδρῶν
1047 722 1373 814 ἐξετάζεται
1401 739 1885 822 ἀσχημονοῦντας
1903 739 1971 803 τὸ
2000 739 2170 842 παρὰ
2211 739 2392 819 φύσιν
2411 743 2570 801 τοῦτο

566 825 896 897 διώκοντας
926 825 1311 904 ε’πιτηδευμα,
1338 828 1468 898 πῶς
1494 824 1628 907 οὐχὶ
1651 829 1756 902 τῆς
1787 825 2036 907 ἐσχάτης
2064 824 2367 905 ἀσελγείας
2391 825 2567 897 ἐστίν,-

567 916 645 974 cf.
676 936 735 993 p.
766 917 825 975 9.
874 912 1082 972 Athen.
1129 913 1164 971 Ι.
1194 914 1233 973 l.
1333 914 1418 972 Tu
1463 933 1588 972 cum
1632 915 1893 973 maa-dlis
1935 915 1971 972 i.
2014 932 2073 972 e.
2119 914 2286 990 genis
2332 919 2411 985 (ut
2437 872 2572 989 apud

563 1000 810 1059 Martial.
844 997 997 1069 Vlll,
1032 1002 1151 1059 47·
1136 1042 1151 1056 .
1238 997 1377 1058 Pars
1421 998 1766 1058 maxillarum
1811 1009 1973 1057 tonsa
2011 1008 2104 1057 est
2141 998 2273 1068 tibi,
2317 1017 2441 1076 pars
2479 998 2575 1055 tibi

568 1105 703 1146 rasa
731 1093 840 1154 est,
875 1083 1014 1142 Pars
1045 1084 1144 1142 tibi
1177 1083 1369 1155 vulsa3
1401 1104 1567 1143 unum
1598 1087 1720 1164 quis
1749 1094 1910 1164 putat
1937 1103 2070 1143 esse
2106 1085 2335 1163 caput'i)
2360 1093 2574 1161 pectas,

566 1170 871 1249 diligenter
912 1187 1112 1238 cures,
1155 1169 1233 1228 cf.
1274 1167 1344 1227 ad
1387 1168 1431 1240 l,
1480 1173 1590 1240 15,
1627 1188 1921 1248 gausape,
1966 1168 2199 1228 barbam
2243 1171 2576 1246 promissam.

569 1256 833 1334 Gausape
880 1255 1027 1313 enim
1068 1273 1249 1332 genus
1293 1255 1461 1331 panni
1499 1255 1683 1312 villosi
1715 1266 1870 1325 erat,
1899 1251 1969 1312 ad
1998 1255 2188 1313 varios
2222 1273 2355 1312 usus
2382 1263 2580 1331 aptum,

568 1364 622 1401 v.
652 1343 826 1420 intpp.
859 1339 995 1398 Hor.
1027 1350 1134 1398 sat.
1165 1338 1239 1409 ll,
1265 1343 1326 1410 8,
1364 1345 1460 1401 11.
1490 1338 1720 1399 Petron.
1753 1337 2068 1411 28,undea
2101 1340 2376 1410 villorum,
2393 1338 2578 1418 quibus

568 1436 825 1486 ornatum
853 1436 997 1496 erat,
1041 1423 1402 1484 similitudine
1433 1425 1660 1485 barbam
1693 1427 1770 1483 ita
1804 1426 2046 1483 vocavit.
2107 1424 2193 1484 De
2228 1425 2406 1483 forma
2428 1425 2579 1481 vocis

566 1533 601 1571 a
644 1510 866 1570 Graeco
901 1505 1217 1588 γαυσάπης
1260 1512 1338 1567 ita
1378 1510 1576 1581 fictae,
1620 1521 1680 1568 ut
1713 1529 1990 1588 gausapa
2037 1521 2099 1569 et
2141 1529 2442 1589 gausape,
2473 1520 2580 1567 tum

568 1598 712 1677 plur.
747 1614 1021 1675 gausapa
1066 1593 1188 1667 (VI,
1229 1599 1332 1658 46.
1378 1594 1540 1654 ovid.
1595 1593 1671 1655 A.
1716 1595 1789 1655 A.
1834 1594 1944 1665 111,
1999 1599 2146 1667 300)
2188 1594 2467 1664 dicerent,
2509 1594 2580 1652 cf.

451 1669 461 1682 ’
569 1683 755 1753 Kone,
798 1681 893 1754 nb.
942 1679 996 1738 d.
1032 1678 1287 1759 Sprache
1329 1677 1382 1738 d.
1429 1679 1588 1739 Rom.
1631 1680 1801 1760 Epik.
1849 1701 1907 1760 p.
1941 1684 2023 1742 76
2052 1701 2138 1761 sq.
2210 1681 2581 1749 Balantum,

121 4108 467 4331 *N

566 1769 771 1827 balano
804 1761 1091 1843 'unguento
1122 1783 1195 1824 ex
1237 1764 1457 1843 glandis
1497 1765 1781 1825 cuiusdam
1829 1766 2032 1825 nucleo
2070 1777 2415 1844 comparato,
2453 1764 2585 1824 deli·

568 1855 779 1924 butum,
804 1872 856 1910 v.
886 1852 1059 1929 intpp.
1094 1850 1228 1909 Hor.
1263 1870 1438 1909 carm.
1475 1849 1572 1922 111,
1606 1855 1710 1923 29,
1741 1856 1800 1913 4.
1848 1851 2190 1931 Quamquam
2219 1862 2351 1910 tunc
2379 1861 2585 1928 tempo-

567 1941 648 1997 ris
680 1958 801 1996 mos
831 1936 1067 1995 obtinuit
1090 1935 1317 1995 barbam
1363 1934 1625 1995 tondendi
1658 1945 1735 2009 (v.
1764 1937 1936 1996 Voss.
1969 1935 2038 1995 ad
2070 1936 2234 2014 Virg.
2253 1936 2377 1995 Ecl.
2406 1935 2448 2006 1,
2463 1939 2583 2007 28),

568 2035 752 2083 tamen
788 2025 1021 2080 iuvenes
1053 2019 1279 2080 delicati
1324 2020 1554 2080 barbam
1588 2023 1746 2082 alere
1782 2033 1840 2082 et
1877 2021 2180 2100 diligenter
2212 2041 2419 2081 curare
2444 2021 2585 2079 sole·

568 2110 703 2168 bant
733 2108 882 2187 (Cic.
918 2128 971 2186 p.
1006 2106 1161 2165 Cael.
1201 2111 1297 2177 14,
1329 2110 1431 2168 33.
1463 2105 1627 2166 ovid.
1665 2126 1722 2165 a.
1757 2127 1808 2166 a.
1846 2106 1890 2178 1,
1934 2113 2101 2179 518),
2142 2127 2286 2187 quos
2333 2107 2587 2165 barbatu-

569 2196 655 2253 los
682 2202 846 2252 vocat
870 2191 1068 2251 Cicero
1100 2190 1194 2264 (ad
1219 2191 1338 2251 Att.
1368 2191 1414 2263 l,
1448 2197 1547 2263 14,
1580 2197 1664 2263 5),
1693 2194 1783 2271 qui
1814 2212 1847 2253 e
1889 2213 2067 2271 grege
2099 2193 2430 2252 Catilinaria
2459 2212 2587 2251 enu-

569 2288 749 2338 merat
792 2297 940 2355 pexo
976 2277 1178 2354 capillo
1225 2276 1468 2348 nitidos,
1511 2288 1608 2336 aut
1645 2279 1927 2338 imberbes
1986 2289 2083 2336 ant
2134 2277 2280 2337 bene
2329 2277 2588 2336 barbatos

569 2366 717 2438 (Cat.
748 2362 820 2434 ll,
855 2367 953 2436 10,
981 2366 1111 2436 22),
1154 2357 1231 2423 cf.
1270 2361 1562 2434 visconti,
1620 2362 1767 2424 Mus.
1798 2362 1898 2422 Pio
1924 2364 2008 2423 Cl.
2036 2360 2112 2422 111
2147 2385 2201 2443 p.
2230 2368 2316 2425 85
2350 2361 2442 2423 ed.
2471 2363 2585 2423 Mil.

568 2452 635 2511 Β.
667 2448 975 2527 Borghesi,
1015 2447 1162 2507 della
1212 2458 1386 2527 gente
1425 2448 1596 2508 Arria
1624 2470 1679 2527 p.
1712 2454 1794 2513 67
1822 2470 1945 2530 sqq.
2006 2450 2141 2508 Cum
2173 2449 2409 2508 barbam
2445 2459 2590 2508 tanta

567 2555 703 2596 cura
735 2531 859 2593 alas
883 2544 941 2592 et
970 2553 1162 2592 comas
1181 2575 1197 2604 ,
1215 2554 1347 2609 *cur
1372 2536 1599 2613 inguina
1626 2533 1885 2614 depilas‘l
1933 2536 2220 2613 Gur-gellio
2251 2535 2591 2594 vermiculus

565 2614 1280 2692 est'frumentoinimicus3
1333 2639 1596 2679 sermone
1638 2621 1915 2699 populari,
1961 2631 2024 2678 nt
2046 2619 2288 2691 videtur,
2325 2622 2408 2680 ita
2438 2621 2592 2700 penis

565 2707 639 2766 ob
670 2702 1081 2764 similitudinem
1115 2703 1388 2783 quandam
1415 2706 1743 2764 vocabatur.
1804 2705 2145 2786 Quamquam
2177 2725 2303 2764 cum
2334 2707 2592 2784 gurgulio

565 2794 733 2851 etiam
764 2801 956 2869 guttur
991 2799 1190 2862 notet,'
1212 2801 1406 2869 potest
1452 2791 1509 2848 in
1549 2810 1620 2849 eo
1658 2811 1883 2891 quoque
1915 2809 2146 2850 acumen
2180 2793 2401 2871 quaeri,
2450 2790 2591 2871 quod

565 2898 688 2937 cum
721 2877 860 2954 pili'
846 2896 900 2933 ιιι
946 2886 1170 2951 gutture
1217 2887 1517 2946 crescant,
1562 2878 1616 2934 in
1656 2878 1919 2954 inguine,
1958 2879 2113 2936 cuius
2160 2874 2440 2956 quaedam
2474 2897 2590 2935 cum

564 2963 900 3044 gurgulione
941 2961 1074 3039 fingi
1106 2971 1295 3039 potest
1323 2960 1641 3030 similitudo,
1672 2960 1975 3032 raduntur,
2021 2972 2080 3020 ut
2111 2962 2404 3061 utriusque
2434 2963 2591 3041 quasi

561 3047 911 3147 gurgulionis
938 3043 1162 3104 diversa
1197 3045 1441 3105 conditio
1476 3047 1840 3124 significetur.
1899 3047 2224 3125 Comparari
2257 3048 2431 3105 etiam
2466 3066 2591 3129 pos·

564 3135 638 3191 sit
682 3131 829 3212 quod
877 3131 1106 3189 Persius
1156 3130 1292 3202 (VI,
1342 3136 1447 3203 72)
1509 3131 1643 3191 dicit
1711 3133 2005 3210 singultire
2065 3133 2309 3209 inguinis
2365 3150 2586 3191 venam.

561 3218 779 3277 Eodem
808 3217 1118 3295 significatu
1157 3218 1379 3295 ponitur
1421 3218 1475 3275 in
1512 3237 1640 3297 epp.
1687 3215 1758 3276 de
1804 3217 1984 3297 priap.
2043 3217 2404 3295 Cleopatrae,
2450 3236 2591 3295 quae

564 3304 843 3383 Priapeiis
880 3300 1009 3360 addi
1062 3302 1246 3360 solent
1275 3301 1380 3374 (IV
1401 3323 1455 3381 p.
1490 3306 1571 3365 78
1602 3303 1795 3373 Ant.):
1842 3323 1966 3361 cum
1999 3303 2249 3361 curculio
2278 3304 2333 3360 in
2372 3304 2587 3361 vulvam

564 3408 760 3448 semen
792 3386 1048 3447 infundit.
1107 3386 1231 3447 Nec
1271 3386 1482 3459 dubito,
1516 3389 1644 3467 quin
1684 3386 1753 3446 ad
1785 3387 1840 3446 h.
1873 3388 1910 3447 l.
1943 3385 2248 3447 referenda
2294 3388 2371 3445 sit
2399 3388 2590 3465 glossa

567 3478 620 3532 in
659 3474 951 3551 glossariis
995 3471 1290 3531 theotiscis
1332 3492 1364 3531 a
1415 3471 1695 3533 Gerberto
1737 3472 1808 3531 ad
1859 3475 2072 3532 calcem
2118 3472 2243 3530 ltin.
2289 3470 2588 3531 Alemann.

568 3558 736 3618 editis
782 3565 859 3637 (p.
891 3562 998 3628 22)
1029 3569 1286 3617 servata:
1378 3560 1673 3635 But-gulia
1713 3559 1774 3631 (l.
1815 3561 2030 3637 garg.)
2072 3559 2254 3617 crimls·
2281 3560 2588 3632 genitalis,

569 3663 713 3723 quae
743 3644 1042 3721 explicatio
1078 3644 1148 3701 oh
1176 3662 1302 3701 voc.
1339 3644 1615 3702 detonsus
1645 3654 1769 3702 orta
1799 3644 2039 3703 videtur.
2100 3643 2588 3722 Comparationem

567 3730 637 3788 ab
669 3728 1011 3807 agricultura
1039 3725 1365 3798 desumtam‚
1397 3747 1502 3807 qua
1586 3730 1641 3786 in
1681 3749 1735 3787 v.
1783 3740 2122 3788 runcantem
2163 3729 2272 3786 iam
2305 3726 2587 3799 indicavit,

567 3814 988 3893 explicatiorem
1036 3812 1298 3884 adhibet,
1348 3825 1412 3872 ut
1451 3816 1575 3891 sign
1600 3814 1763 3885 ficet,
1832 3826 2030 3873 contra
2075 3823 2331 3872 naturam
2382 3814 2590 3873 frustra

566 3900 760 3957 conari
791 3897 1007 3956 mollem
1036 3899 1181 3976 pilos
1211 3901 1266 3957 in
1297 3912 1539 3978 corpore
1570 3897 1786 3958 delere.
1862 3899 2133 3958 Ceterum·
2163 3899 2218 3956 h.
2252 3900 2288 3956 l.
2337 3902 2591 3979 respexit

567 3984 853 4044 Ausonius
885 3984 1089 4061 (epigr.
1123 3983 1385 4055 CXXXI,
1410 3989 1508 4056 3):
1555 3983 1713 4054 „Sed
1746 3983 1893 4065 quod
1917 3995 1978 4043 et
2015 3985 2164 4042 elixo
2187 3984 2468 4063 plantaria
2495 3990 2598 4064 po:

567 4070 694 4130 dice
724 4068 911 4137 vellis,
957 4067 1144 4128 Causa
1171 4070 1369 4129 latet.“
1421 4071 1711 4149 Quinque,
1743 4070 1913 4129 solito
1953 4089 2183 4129 numero
2226 4080 2288 4128 ut
2332 4069 2485 4129 haud
2519 4073 2593 4129 ita
