2764 4738
497 437 657 483 em
1152 412 1882 478 PRoLEcoussNA.

498 608 630 658 nou
674 604 814 651 esse
853 585 1240 651 verisimilem
1279 594 1624 670 putantes„
1652 582 1993 650 Cornutum
2024 583 2299 670 discipuli
2327 588 2426 669 sui
2452 609 2563 652 sa·-

502 690 653 754 tiras
713 688 1098 774 explicasse,
1158 708 1380 752 nomen
1435 687 1754 751 confictum
1809 698 2137 753 censerent
2193 698 2258 752 et
2299 709 2560 774 prorsus

500 792 836 856 abiicerent
873 800 920 853 ¹.
982 788 1103 874 Qui
1148 810 1500 873 quamquam
1543 800 1711 854 recto
1742 790 1964 855 iudicio
1996 790 2073 853 de
2100 789 2340 853 illorum
2370 791 2560 855 scho-

498 893 714 957 liorum
746 890 950 957 indole
981 893 1076 956 usi
1105 901 1284 968 sunt,
1331 912 1457 954 non
1486 892 1870 976 explicarunt
1909 901 2148 969 tamen,
2196 892 2358 956 unde
2398 892 2558 957 illud

502 992 764 1059 Cornuti
795 1015 1020 1059 nomeu
1050 1004 1248 1057 ortum
1290 994 1394 1057 sit.
1469 993 1594 1056 Alii
1635 993 1821 1076 igitur
1861 994 2039 1059 aliam
2080 995 2239 1058 viam
2278 995 2554 1078 ingressi

499 1107 680 1173 suut,
727 1107 791 1159 et
832 1117 964 1160 cum
1011 1105 1374 1171 censerent,
1421 1096 1560 1160 veri
1598 1096 1819 1179 aliquid
1862 1096 2116 1161 subesse
2157 1096 2300 1161 huic
2341 1098 2552 1175 titulo,

502 1211 566 1263 et
603 1198 1052 1283 intelligerent,
1113 1197 1320 1261 inesse
1365 1198 1657 1281 quaedam
1713 1197 1998 1276 scholiis,
2060 1218 2213 1281 quae
2260 1220 2384 1263 non
2429 1200 2556 1264 nisi

499 1300 575 1363 ab
605 1302 847 1384 antiquo
880 1299 1272 1385 grammatico
1304 1300 1608 1384 proficisci
1633 1299 1966 1385 potuerint,
2000 1321 2076 1364 eo
2106 1313 2549 1385 pervenerunt,

498 1412 567 1465 ut
596 1403 958 1480 crederent,
1004 1398 1341 1465 Cornutum
1372 1401 1689 1487 scripsisse
1720 1400 1948 1465 scholia
1971 1447 1989 1478 ,
2039 1420 2111 1464 ea
2155 1424 2308 1468 vero
2341 1404 2551 1488 inepta

497 1503 884 1568 librariorum
930 1523 1116 1589 opera
1151 1503 1396 1568 labente
1440 1514 1711 1589 tempore
1755 1514 1877 1567 tam
1920 1504 2094 1568 foede
2153 1516 2438 1589 corrupta
2481 1517 2555 1571 et

496 1604 860 1690 interpolata
892 1626 1066 1683 esse,
1110 1617 1177 1669 ut
1208 1606 1388 1669 hodie
1417 1617 1746 1692 supersunt
1780 1614 1826 1667 2.
1891 1604 2123 1671 Verum
2153 1608 2388 1691 quidem
2421 1620 2550 1690 est,

501 1726 583 1770 ex
627 1708 892 1793 ingenti,
961 1729 1114 1793 quae
1181 1709 1713 1794 grammaticorum
1771 1729 2004 1792 quoque
2077 1712 2552 1776 commentarios

497 1810 735 1889 affecit,
797 1812 976 1875 ruina
1019 1833 1171 1894 quae
1219 1822 1466 1876 servata
1510 1820 1687 1887 suut,
1749 1811 1836 1874 ita
1880 1812 1956 1874 ad
2002 1833 2114 1877 nos
2158 1817 2546 1899 pervenisse,

498 1922 563 1975 ut
591 1911 762 1975 initio
805 1933 889 1977 ex
931 1914 1310 1997 antiquorum
1358 1913 1808 1977 commentariis
1854 1927 2335 1999 excerperentur
2361 1939 2546 2001 quae«

498 2014 632 2078 dam
677 2024 741 2080 et
778 2017 908 2080 fere
951 2016 1306 2100 scriptorum
1349 2015 1723 2100 marginibus
1777 2016 2309 2099 adscriberentur,
2359 2029 2425 2082 ut
2466 2019 2550 2083 ad

499 2186 523 2237 1
564 2184 797 2252 Exempli
833 2200 987 2237 causa
1025 2187 1226 2237 nomino
1261 2184 1576 2250 Funccium‚
1615 2186 1677 2237 de
1713 2186 1905 2238 immin.
1945 2186 2007 2238 L.
2035 2187 2096 2239 L.
2126 2195 2321 2240 senect.
2349 2188 2416 2252 V,
2442 2189 2539 2242 20.

490 2270 497 2274 ·
563 2254 853 2305 Fabricium
882 2256 1012 2306 Bibl.
1038 2254 1157 2305 Lat.
1190 2262 1230 2306 t.
1260 2254 1303 2305 ll
1335 2272 1381 2322 p.
1425 2257 1538 2307 165.
1578 2255 1817 2320 Pinzger,
1849 2257 1898 2306 in
1926 2256 2181 2308 Zeitscbr.
2205 2259 2241 2309 f.
2264 2258 2544 2310 Altertbw.

564 2339 614 2375 n.
653 2324 782 2376 1835
808 2340 859 2374 n.
891 2325 1039 2393 3011».
1074 2325 1194 2379 247.
1234 2324 1449 2386 Weber,
1488 2325 1639 2393 Corp.
1670 2332 1825 2392 poett.
1854 2324 1996 2377 Lutt.
2028 2343 2076 2393 p.
2106 2327 2312 2379 xhvu.

494 2394 527 2447 2
566 2393 642 2442 ltu
677 2399 914 2443 statuunt
949 2394 1109 2445 Andr.
1152 2392 1367 2444 [livinus
1391 2431 1406 2456 ,
1456 2394 1518 2444 de
1554 2410 1649 2459 quo
1688 2401 1864 2461 postea
1904 2394 2118 2446 referum
2142 2432 2157 2452 ,
2209 2413 2258 2462 p.
2300 2397 2397 2449 487
2424 2414 2540 2464 sqq.

562 2459 858 2524 Mul-tinius,
875 2461 1004 2513 diss.
1021 2463 1083 2513 de
1100 2462 1340 2513 Cornuto.
1382 2463 1689 2525 Creuzerus‚
1718 2463 2058 2514 Wienerlbb.
2081 2463 2253 2517 LXIX
2271 2468 2439 2532 p.1o5
2458 2483 2541 2532 sq.

491 2570 502 2578 .
564 2528 663 2593 Qui
701 2531 835 2595 quod
870 2531 1095 2582 offerunt
1127 2538 1514 2596 argumentum,
1553 2533 1836 2582 Cornutum
1865 2533 1979 2583 ideo
2016 2533 2331 2585 scholiorum
2366 2543 2546 2586 aucto-

564 2613 669 2648 rem
709 2598 990 2650 babendum
1030 2616 1175 2662 esse,
1230 2600 1348 2665 quia
1401 2615 1650 2666 nusquam
1690 2605 1751 2651 de
1789 2602 1897 2666 ipso
1934 2601 1984 2651 in
2024 2603 2094 2652 iis
2131 2618 2296 2653 sermo
2333 2605 2435 2666 sit,
2484 2604 2541 2654 id

560 2667 825 2730 ingeniose
861 2668 1062 2733 quidem
1099 2670 1440 2732 excogitatum
1477 2676 1590 2732 est,
1641 2670 1731 2719 sed
1767 2685 1956 2720 vereor
1990 2677 2049 2721 nt
2083 2671 2298 2722 multum
2336 2673 2536 2739 probet.

558 2734 684 2786 Eum
711 2738 1053 2800 sententiam,
1095 2737 1374 2787 Cornutum
1414 2739 1548 2788 bunc
1581 2752 1697 2789 esse
1733 2738 1993 2804 antiquum
2030 2742 2420 2803 grummsticum
2450 2743 2543 2807 qui

559 2803 834 2869 Virgilium
871 2807 1237 2872 explicaverit,
1284 2806 1370 2856 sed
1422 2807 1782 2873 interpolatum
1830 2809 1891 2858 ad
1930 2809 2220 2874 sequiorum
2258 2815 2543 2876 temporum

562 2881 761 2939 captum
781 2881 936 2940 atque
962 2889 1128 2938 usum,
1150 2875 1446 2926 enunciavit
1461 2877 1616 2927 etiam
1634 2875 1694 2926 C.
1714 2876 1955 2926 Bartbius
1971 2879 2032 2926 ael
2048 2877 2322 2928 Claudian.
2344 2894 2392 2944 p.
2418 2880 2540 2942 1²⁹,

487 2981 493 2985 .
559 2942 627 2993 ci'.
668 2944 832 2994 Advv.
862 2943 972 3007 Vll,
1001 2945 1064 2995 62
1105 2945 1339 2995 Cornuti
1354 2948 1566 3006 nomine
1590 2949 2011 3010 grammaticum
2041 2949 2209 2996 istum
2237 2954 2546 3012 agnoscunt

558 3013 894 3062 membranae
930 3017 1059 3062 vett.
1099 3013 1189 3064 El.
1220 3012 1275 3062 V
1272 3015 1406 3063 §neti
1427 3017 1482 3062 et
1505 3014 1768 3073 aliorum,
1810 3029 1909 3064 eur
1932 3029 2055 3065 vero
2085 3014 2235 3066 docti
2256 3020 2543 3081 tantopere

559 3080 618 3129 id
650 3095 836 3130 nomen
873 3086 1193 3132 aversentur
1230 3096 1359 3131 sans
1403 3085 1604 3133 nescio.
1664 3081 1873 3134 Auctor
1918 3086 2111 3134 merito
2163 3098 2260 3135 sno
2310 3087 2542 3135 minoris

557 3165 667 3196 osse
704 3165 808 3200 non
844 3149 1029 3209 debet,
1082 3165 1243 3214 quom
1294 3152 1464 3215 quivis
1517 3155 1672 3201 vetus
1707 3155 1977 3217 exegetes.
2042 3150 2235 3203 Verum
2271 3152 2538 3205 diversu-

559 3233 670 3266 enm
712 3220 911 3283 putavit
947 3234 977 3268 n
1014 3218 1340 3285 philosopho,
1393 3226 1452 3269 ut
1489 3220 1626 3270 alter
1659 3219 1799 3270 locus
1849 3220 1998 3270 docet
2046 3221 2233 3286 (Advv,
2273 3220 2367 3284 Xl,
2404 3222 2498 3286 27)
2522 3240 2538 3273 ε

558 3286 709 3350 Quod
752 3291 934 3336 autem
981 3287 1278 3337 Cornutum
1323 3289 1662 3340 membranas
1708 3303 1830 3338 snm
1874 3292 2013 3339 satis
2061 3290 2274 3340 uberem
2318 3295 2373 3341 et
2398 3306 2544 3357 pro-

558 3357 733 3405 tia—um
781 3356 955 3407 Persii
999 3359 1345 3421 interpretem
1379 3356 1619 3419 'dicunt‚
1665 3360 1720 3406 in
1771 3373 1831 3407 eo
1876 3372 2006 3407 sano
2047 3374 2154 3409 non
2198 3358 2384 3423 video,
2437 3376 2542 3411 eur

556 3425 705 3473 nobis
742 3423 1091 3474 dubitandum
1128 3429 1236 3487 sit,
1296 3442 1417 3475 cum
1458 3427 1733 3477 Cornutus
1767 3425 2012 3477 Maronis
2047 3432 2298 3494 exegetes
2334 3431 2540 3481 citetur

558 3491 768 3542 Charis.
791 3492 844 3552 1,
884 3493 979 3542 nbt‘
1009 3498 1063 3543 et
1099 3493 1307 3543 Annaei
1336 3498 1421 3544 est
1452 3494 1700 3545 additum
1737 3509 1947 3544 nomen.
1973 3494 2153 3546 Madia
2187 3511 2318 3546 sane
2353 3502 2540 3548 aetate

560 3561 799 3611 Cornuto
836 3562 961 3611 Ιιηίο
998 3565 1259 3629 scriptori
1289 3578 1480 3613 nomen
1499 3565 1688 3630 fuisse
1721 3563 1855 3614 ate‘bi
1887 3563 2136 3615 docemus
2172 3563 2369 3631 (nescio
2396 3565 2536 3632 ubi),

555 3635 800 3680 erratum
852 3636 1033 3681 autem
1085 3635 1142 3682 in
1188 3631 1404 3681 Annaei
1452 3636 1664 3683 nomine
1716 3632 1843 3682 huic
1878 3632 2051 3683 dando
2087 3649 2191 3684 non
2227 3634 2536 3699 defendam,

554 3711 681 3746 nam
724 3698 1068 3750 Annaeormn
1104 3699 1335 3765 familia
1382 3701 1618 3753 nobilior
1663 3705 1718 3751 et
1766 3703 1812 3750 is
1861 3701 2133 3752 Cornutus
2179 3702 2538 3769 philosophus

556 3780 716 3829 qnam
748 3782 853 3831 pro
883 3768 1194 3833 exponendo
1230 3769 1416 3835 aliquo
1450 3773 1722 3836 scriptore
1751 3774 2000 3834 gravior.
2059 3770 2192 3836 Quid
2226 3772 2330 3822 sibi
2365 3772 2538 3824 velint

553 3833 594 3883 l.
623 3833 885 3887 Pori-hasii
923 3839 1082 3888 verbs
1120 3837 1206 3902 (de
1244 3840 1399 3889 rebus
1435 3854 1527 3904 per
1562 3840 1715 3904 epist.
1754 3840 2024 3903 quaesitis,
2065 3855 2143 3905 ep.
2168 3838 2213 3892 V
2237 3847 2277 3891 t.
2306 3839 2326 3891 1
2352 3856 2400 3907 p.
2433 3842 2536 3893 735

556 3903 606 3952 in
646 3901 799 3954 Grut.
839 3905 1124 3972 lampade)=
1180 3906 1334 3957 citat
1387 3907 1674 3972 (Aer-onem)
1722 3911 1779 3956 et
1831 3906 2104 3958 Cor-nutus
2153 3912 2211 3958 in
2257 3909 2532 3974 Persium,

551 3986 675 4020 nam
714 3974 859 4038 quod
892 3975 1140 4025 Persium
1186 3974 1459 4026 Cornutus
1504 3976 1911 4043 mplanaverit,
1961 3980 2374 4042 antiquissimus
2418 3982 2538 4029 οἰω·

548 4046 741 4104 poetae
792 4048 1216 4106 commentator,
1269 4044 1509 4097 ostendit
1555 4049 1609 4096 in
1655 4044 1827 4095 illud.-
1880 4047 2132 4112 Quisquis
2166 4062 2253 4107 es,
2303 4064 2336 4099 o
2371 4047 2532 4100 modo

57 4141 337 4377 r
553 4106 616 4172 (l.
661 4112 748 4171 Η)
816 4126 909 4160 non
950 4110 1198 4174 intelligo.
