2764 4738
776 162 786 232 l

711 367 974 516 scaea.
1017 420 1124 482 An
1172 418 1342 483 sAT.
1386 420 1485 496 vl,
1528 425 1828 486 35-43,
2161 418 2290 487 345

245 611 428 654 meum
469 587 798 665 dealbetur,
843 565 1321 684 heres‘sqnquam
1366 593 1613 654 offensus
1645 592 1911 653 diminuta
1938 590 2281 669 hereditate,

247 678 523 757 negliget.
699 681 957 739 Surdum
985 681 1248 764 spirant,
1282 690 1505 739 acutum
1535 678 1764 739 odorem
1797 700 1906 738 non
1937 677 2194 741 reddant.

419 783 521 843 36.
565 782 687 840 Seu
737 799 943 839 ceraso
976 773 1231 860 peccent
1266 775 1484 841 casiae.
1543 781 1743 842 Solent
1787 783 2143 861 pigmentarii
2183 804 2283 844 ce-

246 886 381 927 raso
423 885 489 925 ca
525 867 632 926 iam
678 864 1032 939 admiscere,
1110 861 1256 925 sicut
1296 878 1356 926 et
1397 868 1538 927 alias
1581 888 1806 928 merces
1863 867 2181 927 adulterant
2223 880 2284 929 et

247 954 486 1030 emptori
531 973 594 1012 us
626 951 899 1011 vendunt.

418 1041 521 1100 37.
575 1039 734 1097 Tune
780 1038 929 1096 bona
973 1037 1274 1096 incolumis·
1317 1038 1596 1098 minuas?
1659 1038 1854 1098 Verba
1896 1039 2086 1110 avari,
2115 1034 2282 1120 ‘quae

249 1121 358 1182 sihi
402 1141 436 1180 a
481 1142 584 1181 suo
630 1120 842 1182 herede
889 1120 1039 1181 dicta
1085 1123 1259 1201 fingit.
1331 1122 1492 1182 Tune
1538 1142 1658 1183 rem
1704 1125 2034 1183 familiarem
2077 1122 2149 1182 ad
2196 1144 2283 1184 me

250 1219 430 1267 morte
489 1205 831 1266 defluxuram
891 1208 1149 1266 minuas?
1320 1208 1446 1266 Sed
1501 1209 1718 1269 bestius
1785 1220 1967 1289 urget
2021 1211 2286 1268 doctores

257 1295 504 1364 Gratus,
551 1291 607 1351 id
648 1305 769 1364 est,
812 1292 1175 1371 philosophos
1214 1291 1520 1351 bestiarum
1565 1314 1722 1354 more
1769 1296 2055 1354 ferocibus
2087 1296 2284 1354 animis

249 1379 440 1457 culpat
470 1396 672 1436 avarus
703 1398 809 1450 eo,
841 1376 989 1457 quod
1017 1380 1127 1456 ipsi
1157 1379 1511 1457 praecipiant
1540 1378 1890 1459 largiendum
1923 1398 2056 1441 esse
2088 1381 2285 1439 amicis

252 1463 571 1542 egentibus.

421 1552 524 1610 38.
568 1549 666 1607 Ita
688 1547 814 1625 fit,
854 1558 1165 1627 postquam
1206 1567 1441 1628 sapere.
1502 1547 1697 1610 Verba
1728 1548 1955 1609 heredis
1986 1551 2179 1622 avari;
2227 1558 2289 1610 et

249 1634 361 1694 hoc
407 1631 567 1692 dicit:
625 1633 710 1691 Eo
755 1631 919 1691 modo
961 1635 1226 1712 contigit,
1271 1645 1333 1694 ut
1376 1646 1669 1695 externam
1712 1637 2041 1715 sapientiam
2072 1636 2290 1717 pariter

250 1740 374 1781 cum
406 1719 727 1798 peregrinis
759 1718 1038 1778 mercibus
1071 1737 1408 1779 emeremus.

424 1826 530 1885 39.
578 1822 808 1899 Sapere
849 1821 956 1879 hoc
997 1831 1301 1893 nostrum,
1365 1835 1563 1882 nostra
1623 1824 1919 1902 sapientia.
2089 1826 2289 1885 Martis

247 1927 484 1986 expetnt.
547 1906 705 1980 Quae
753 1906 959 1985 navigii
1004 1918 1134 1967 ante
1181 1907 1415 1987 ignara,
1458 1907 1531 1967 ad
1573 1928 1680 1968 nos
1724 1929 1830 1989 per
1872 1929 2029 1970 mare
2059 1910 2152 1970 vel
2181 1929 2289 1990 per

250 1992 617 2072 philosophos
650 1993 928 2051 transivit.

422 2099 524 2157 40.
569 2096 917 2154 Foem'secae
947 2114 1149 2154 crasso
1179 2097 1496 2156 vitiarunt.
1546 2094 1904 2157 Rusticorum
1933 2099 2103 2157 vitam
2132 2095 2289 2171 dicit,

254 2177 401 2261 quod
458 2178 628 2241 edunt
682 2180 857 2253 haec,
912 2182 1007 2261 qui
1070 2181 1294 2240 foenum
1345 2192 1565 2241 secant.
1743 2185 1959 2242 Crasso
2004 2186 2287 2261 unguine.

251 2265 481 2339 *Quia
556 2286 707 2325 cum
778 2268 1102 2325 rusticis
1169 2266 1413 2327 oleum
1486 2265 1923 2341 defecerit,
1996 2267 2291 2348 adipem

250 2348 605 2432 pecudum
659 2352 726 2410 in
787 2352 1040 2431 pultes
1099 2353 1397 2412 missum
1438 2373 1570 2432 pro
1617 2354 1781 2414 oleo
1826 2356 2291 2434 accipiunt.*

250 2437 408 2515 Ergo
441 2438 582 2496 haec
614 2447 724 2495 tam
757 2435 896 2496 dura
925 2439 1067 2509 vita,
1100 2459 1210 2518 qua
1240 2440 1409 2497 etiam
1439 2439 1760 2520 philosophi
1789 2451 2048 2513 utuntur,
2088 2442 2146 2499 in
2177 2441 2293 2500 lar·

255 2524 490 2601 gitatem
523 2534 752 2581 nostrae
783 2524 934 2581 vitae
965 2542 1030 2582 ae
1062 2525 1314 2583 mutavit.

426 2629 528 2686 41.
572 2627 737 2683 Haec
765 2626 965 2683 cinere
995 2625 1248 2683 αἰωνίου·
1276 2628 1552 2685 metuas?
1603 2623 1802 2684 Verba
1839 2625 2023 2686 Persii
2055 2624 2127 2685 ad
2157 2646 2293 2686 ava-

254 2729 406 2780 rum,
438 2711 532 2790 qui
561 2728 625 2769 se
657 2706 728 2767 de
759 2709 947 2768 verbis
979 2710 1066 2768 sui
1097 2707 1360 2781 heredis,
1402 2730 1474 2769 ne
1506 2709 1810 2788 largiretur
1837 2712 2021 2790 inopi,
2054 2730 2294 2772 excusa·

253 2794 387 2864 bat,
432 2805 492 2852 et
519 2794 626 2853 hoc
658 2792 829 2853 dicit:
872 2792 1140 2874 Nunquid
1182 2806 1476 2875 postquam
1519 2795 1773 2873 sepultus
1815 2795 2027 2866 fueris,
2071 2797 2295 2869 timeas,

253 2900 328 2940 ne
360 2880 485 2939 sine
516 2877 782 2939 odoribus
813 2880 984 2939 heres
1013 2879 1116 2939 tihi
1148 2880 1325 2940 faciat
1367 2880 1757 2959 sepulturam?
1934 2882 2148 2940 Cinere
2197 2883 2294 2940 ul-

261 2967 486 3037 terior,
537 2961 592 3023 id
624 2975 749 3036 est,
802 2977 1096 3045 postquam
1138 2966 1324 3025 factus
1365 2966 1545 3026 fueris
1590 2965 1752 3025 cinis.
1921 2970 2010 3027 At
2042 2976 2106 3025 tu
2135 2987 2294 3027 meus

257 3052 444 3110 heres.
499 3050 696 3109 Verba
734 3061 942 3130 poetae
986 3049 1059 3110 ad
1102 3071 1259 3110 suum
1302 3049 1574 3111 heredem
1606 3051 1850 3110 futurum
1883 3049 2160 3112 dicentis:
2206 3052 2297 3112 Tu

257 3156 414 3196 meus
459 3135 666 3207 heres,
713 3138 1027 3217 quicunque
1073 3139 1221 3208 eris,
1277 3147 1528 3197 semotus
1574 3154 1609 3195 a
1655 3137 1818 3195 turha
1858 3135 2022 3210 audi,
2080 3135 2140 3196 id
2183 3148 2294 3211 est,

257 3220 544 3281 dissimilis
576 3232 702 3281 esto
732 3222 802 3281 ab
833 3224 995 3282 istius
1025 3221 1212 3301 cupidi
1243 3221 1474 3282 heredis
1505 3223 1806 3282 sententia.

428 3327 532 3386 43.
584 3326 630 3383 0
663 3326 805 3384 bone
832 3344 969 3383 num
1001 3329 1296 3402 ignoras?
1350 3323 1567 3385 Volens
1611 3322 1916 3384 ostendere
1956 3324 2190 3385 Persius
2235 3338 2298 3387 et

257 3408 537 3491 probare,
574 3409 892 3488 largitatem
938 3429 1096 3469 suam
1140 3430 1175 3469 a
1214 3410 1466 3490 quolibet
1505 3408 1720 3470 herede
1752 3411 1902 3469 nullo
1933 3410 2095 3469 modo
2127 3432 2296 3490 posse

258 3493 549 3575 impediri,
605 3496 688 3553 sic
734 3497 817 3567 ei,
863 3497 957 3575 qui
1000 3497 1277 3573 naufrago
1320 3516 1432 3554 non
1487 3506 1579 3555 est
1620 3496 1890 3574 largitus,
1948 3496 2147 3556 heredi
2192 3516 2296 3555 suo

260 3580 426 3642 dicit:
462 3581 507 3640 Ο
540 3582 613 3639 mi
643 3580 851 3652 heres,
896 3600 969 3639 ne
1013 3591 1072 3641 te
1119 3584 1268 3641 scire
1300 3579 1656 3652 dissimules,
1699 3601 1985 3659 cognosce
2029 3582 2295 3642 Caesaris

259 3665 532 3747 grandem
572 3664 642 3726 de
692 3665 986 3725 Germanis
1032 3666 1386 3745 triumphum.
1444 3666 1623 3725 Donis
1669 3685 1807 3726 arae
1854 3676 1914 3726 et
1952 3668 2192 3727 victimis
2224 3668 2295 3727 ah

263 3752 516 3813 omnibus
561 3752 931 3811 cumulantur.
987 3750 1062 3809 Et
1100 3772 1212 3831 ego
1252 3754 1307 3811 in
1339 3753 1613 3812 honorem
1644 3750 1876 3811 deorum
1905 3753 1998 3813 vel
2027 3755 2295 3834 principis

262 3839 413 3915 genii
458 3838 755 3897 sacrificiis
797 3853 1077 3917 praeparo
1121 3840 1326 3917 paria²
1366 3848 1609 3901 centena
1654 3847 1960 3923 mmactare,
2017 3840 2126 3901 hoc
2184 3851 2297 3913 est,

264 3934 485 3983 centum
516 3933 709 3983 tauros
742 3933 803 3984 et
829 3930 1053 3983 centum
1082 3943 1246 3985 oves.

270 4109 295 4161 1
335 4109 513 4160 omnia
539 4107 683 4175 vulg.
