2764 4738
789 426 955 488 SAT.
990 427 1088 501 lv,
1147 428 1700 489 ARGUMENTUM.
2122 425 2243 492 167

238 598 577 674 perspicitur,
619 595 1030 659 demonstrant.
1136 598 1297 670 Quod
1343 601 1393 657 si
1438 601 1561 678 quis
1606 599 1678 659 de
1724 596 2009 659 cuiusdam
2055 598 2244 659 divitis

236 678 459 758 praediis
485 694 751 761 quaerat,
790 684 920 755 ille,
964 703 1127 764 quem
1158 685 1563 761 interrogabit,
1596 686 1731 744 nibil
1761 686 2039 764 antiquius
2070 685 2246 746 babe-

233 765 324 833 bit,
366 787 515 845 qnam
545 778 606 826 ut
633 767 704 828 de
736 771 897 827 istius
929 770 1167 829 avaritia
1197 768 1427 827 sordida
1473 771 1730 849 tristique
1771 768 1993 829 vivendi
2023 772 2244 830 ratione

233 852 390 911 multa
430 864 622 912 narret
666 862 745 927 (v.
790 859 1132 927 25—32);
1181 865 1378 913 contra
1421 874 1543 913 cum
1575 857 1698 933 ipse
1729 855 1880 915 laute
1912 865 1973 914 et
2002 854 2244 915 delicate

232 936 395 1006 vivat,
461 938 552 995 alii
629 936 700 997 de
761 941 884 998 eius
955 941 1148 998 infami
1206 940 1439 999 mollitie
1510 939 1876 1000 acerbissime
1936 952 2246 1019 queruntur

234 1028 305 1088 (v.
333 1025 619 1094 33-41).
652 1022 795 1082 Nam
829 1026 866 1082 ii
896 1034 1027 1082 sunt
1054 1024 1331 1083 bominum
1364 1045 1570 1097 moreS,
1601 1045 1708 1085 nec
1733 1026 1899 1084 aliter
1927 1027 2039 1087 vivi
2072 1045 2244 1103 posse

229 1105 477 1178 credunt3
521 1106 650 1166 dum
682 1109 825 1168 alios
855 1111 1193 1188 vituperant,
1244 1130 1307 1169 se
1339 1111 1492 1188 ipsos
1524 1111 1799 1187 praebent
1826 1109 2245 1189 vituperandos,

229 1202 284 1248 et
312 1192 515 1250 frustra
542 1196 679 1252 vitia
723 1214 827 1252 sua
857 1194 1195 1253 dissimulari
1238 1215 1410 1274 posse
1440 1205 1703 1273 sperant,
1736 1207 1796 1255 ut
1823 1195 2121 1274 gladiator,
2152 1198 2246 1276 qui

226 1276 406 1336 uulnus
434 1275 764 1338 adversario
810 1300 920 1338 non
963 1280 1317 1339 observatum
1365 1278 1657 1358 splendido
1686 1281 1877 1340 balteo
1923 1282 2098 1353 texit,
2144 1301 2244 1340 ne-

224 1364 499 1441 quicquam
541 1374 728 1423 tamen
773 1377 1026 1423 naturam
1071 1385 1137 1424 se
1183 1366 1381 1424 fallere
1415 1385 1587 1443 posse
1634 1376 1823 1444 putat,
1883 1378 1944 1424 ut
1986 1366 2243 1425 homines

223 1456 293 1518 (v.
326 1452 619 1519 42—46).
711 1448 854 1509 Nam
886 1450 1163 1508 bominum
1207 1449 1460 1510 laudibus
1494 1449 1563 1510 de
1596 1460 1653 1510 te
1685 1451 1837 1510 nulla
1868 1449 2007 1510 fides
2038 1462 2163 1510 est:
2195 1454 2243 1510 si

216 1535 399 1610 pravis
430 1533 825 1613 cupiditatibus
856 1535 1130 1593 obnoxius
1161 1554 1248 1607 es,
1278 1542 1326 1594 si
1358 1535 1497 1594 lucri
1526 1556 1657 1613 spes
1688 1536 1777 1595 vel
1808 1535 1977 1595 libido
2007 1537 2244 1594 animum

214 1629 416 1688 movet,
446 1620 497 1677 si
529 1620 782 1696 litigator
809 1639 896 1691 es,
927 1621 1140 1678 frustra
1170 1620 1240 1678 ab
1273 1621 1397 1678 aliis
1428 1631 1485 1679 te
1518 1620 1733 1679 laudari
1762 1621 2020 1680 iactabis.
2099 1621 2158 1680 ln
2187 1633 2243 1679 te

212 1704 385 1781 ipsum
403 1702 714 1775 descende,
730 1706 992 1782 neglecto
1008 1705 1238 1763 aliorum
1256 1703 1485 1776 iudicio,
1515 1718 1574 1764 et
1589 1706 1805 1765 videbis
1823 1717 1956 1785 quot
1970 1716 2027 1763 et
2041 1718 2245 1784 quanta

211 1791 372 1847 animi
404 1791 539 1848 vitia
571 1789 668 1848 tibi
712 1788 1032 1868 superanda
1076 1791 1190 1847 sint
1220 1795 1296 1861 (v.
1329 1793 1510 1850 46-
1530 1795 1657 1856 52).
1745 1788 1935 1868 Atque
1966 1790 2109 1848 haec
2144 1812 2244 1866 po·

209 1882 419 1930 strenua
448 1873 528 1930 ita
558 1883 885 1949 comparata
915 1882 1062 1940 sunt,
1097 1883 1156 1929 ut
1183 1892 1379 1931 rursus
1413 1872 1483 1930 ad
1497 1872 1851 1932 Alcibiadem
1882 1872 2030 1932 dicta
2065 1870 2243 1932 videri

207 1957 426 2033 possint
455 1968 516 2013 et
544 1958 709 2013 linem
741 1957 953 2015 satirae
984 1956 1258 2034 principio
1291 1957 1660 2032 coniungere.

373 2038 640 2098 Ceterum
672 2037 1127 2111 memorandum,
1188 2043 1361 2099 etiam
1393 2041 1535 2098 alios
1584 2038 1948 2118 philosophos
1986 2040 2245 2116 dialogos

207 2125 547 2203 scripsisse,
608 2127 661 2183 in
721 2127 920 2204 quibus
965 2124 1241 2184 Socrates
1285 2146 1410 2183 cum
1466 2123 1761 2184 Alcibiade
1821 2125 2247 2203 colloquebatur

208 2207 493 2283 (Bnndis,
524 2210 676 2270 Mus.
713 2210 891 2268 Bbeu.
934 2211 958 2269 1
988 2232 1043 2289 p.
1085 2215 1202 2273 120
1233 2215 1368 2290 sq.)‚
1416 2211 1492 2269 ita
1526 2221 1587 2268 ut
1618 2210 1751 2268 talia
1780 2211 1837 2268 in
1870 2210 2081 2268 scholis
2113 2229 2245 2268 sae-

206 2296 328 2377 pius
361 2306 612 2354 tractata
643 2316 777 2355 esse
807 2294 1125 2355 videantur.

377 2381 542 2453 Quod
576 2380 810 2460 primus,
846 2393 904 2440 ut
934 2380 1176 2452 videtur,
1210 2381 1567 2440 Britannicus
1600 2381 1911 2450 annotavit,
1955 2377 2106 2456 tangi
2140 2379 2245 2438 bac

205 2468 380 2525 satira
410 2466 721 2538 Neronem,
753 2487 823 2525 ea
854 2469 1136 2526 sententia
1178 2468 1381 2526 multos
1425 2478 1691 2545 patronos
1737 2478 1901 2523 nacta
1935 2474 2041 2535 est,
2074 2466 2125 2522 in
2159 2464 2247 2522 his

206 2551 623 2623 casaubonum,
653 2552 983 2623 Marcilium,
1016 2551 1278 2611 Selisium
1313 2551 1476 2625 (diss.
1510 2571 1608 2609 sur
1634 2551 1833 2610 Perse.
1858 2550 2014 2607 Paris
2039 2553 2246 2619 1783),

203 2648 265 2697 et
291 2638 600 2696 novissime
632 2637 996 2707 Meistcrum,
1039 2640 1130 2716 qui
1175 2636 1393 2695 duobus
1439 2638 1666 2713 scriptis
1715 2636 2148 2709 (Commentatio
2189 2636 2246 2692 iu

206 2722 274 2781 Α.
310 2722 375 2780 P.
409 2722 498 2780 ΡΙ.
535 2733 644 2780 sat.
676 2722 773 2782 lv.
806 2723 963 2780 Trai.
997 2722 1069 2782 ad
1099 2723 1176 2781 V.
1219 2727 1402 2785 1807.
1451 2721 1655 2781 Letzte
1691 2719 1925 2780 Studien
1959 2720 2053 2778 ilb.
2092 2719 2243 2777 A.P.

205 2807 288 2867 Fl.
321 2807 485 2885 Lips.
528 2812 689 2869 1812
721 2829 775 2885 p.
804 2814 887 2870 44
920 2814 1076 2887 sqq.)
1110 2810 1366 2867 acumine
1399 2817 1458 2865 et
1488 2805 1744 2865 doctrina
1766 2805 1838 2864 ad
1868 2825 1989 2864 eam
2022 2815 2246 2862 susten·

204 2892 432 2951 tendam
465 2894 702 2952 mirifice
745 2894 954 2951 abusus
996 2903 1104 2951 cst.
1164 2892 1539 2951 liecentiores
1583 2892 1837 2970 plerique
1879 2911 2074 2949 omnes
2122 2910 2246 2948 eam

204 2978 611 3056 improbarunt,
631 2979 968 3057 explicatius
999 2977 1301 3037 Scbiltzius
1321 2984 1479 3056 (opp.
1515 2998 1572 3056 p.
1595 2981 1721 3039 325
1751 2982 1899 3055 sqq.)
1934 2986 1993 3034 et
2026 2974 2245 3034 Webe-

207 3084 303 3122 rus
335 3066 392 3122 in
424 3072 641 3122 annott.

374 3254 431 3290 v.
472 3237 694 3294 1—22.
742 3233 813 3291 Ut
843 3235 896 3291 in
927 3232 1154 3310 dialogo
1188 3232 1515 3301 Platonico,
1546 3234 1638 3310 qui
1671 3229 1997 3289 Alcibiades
2032 3233 2244 3306 primus

205 3321 511 3396 inscriptus
544 3328 653 3388 est,
677 3338 840 3395 quem
856 3321 1031 3395 prima
1064 3319 1224 3375 liuius
1241 3320 1457 3375 satirae
1490 3338 1643 3395 pars,
1662 3315 1808 3395 quod
1826 3328 1956 3373 aute
1976 3317 2121 3373 alios
2144 3316 2247 3373 ob-

206 3405 457 3462 servavit
502 3403 806 3461 Politianus
840 3402 1081 3475 (misc.1,
1114 3408 1215 3474 4),
1259 3405 1526 3473 imitatur,
1574 3401 1850 3460 Socrates
1895 3400 2246 3459 Alcibiadem

205 3485 832 3569 aggrediensJfingitur,
881 3509 1010 3546 mox
1042 3488 1439 3565 rempublicam
1486 3488 1923 3565 capessiturum,
1967 3497 2027 3543 ut
2057 3487 2109 3543 ci
2145 3486 2244 3544 de-

208 3583 511 3643 monstret,
545 3594 705 3651 quam
738 3593 930 3651 parum
959 3593 1075 3643 reS,
1107 3573 1177 3631 de
1209 3574 1407 3652 quibus
1440 3584 1666 3630 acturus
1699 3575 1803 3641 sit,
1851 3592 2010 3649 quam
2059 3592 2251 3647 parum

210 3681 273 3718 se
305 3660 482 3735 ipsum
515 3660 756 3729 noverit,
788 3660 863 3716 ita
881 3657 1112 3717 Persius
1146 3658 1439 3717 Socratem
1473 3679 1595 3716 cum
1627 3656 1922 3715 Alcibiade
1956 3654 2024 3713 dc
2056 3655 2252 3713 iisdem

212 3747 345 3803 l'acit
373 3744 807 3823 colloquentem,
840 3742 943 3802 sed
975 3746 1051 3802 ita
1068 3755 1128 3802 ut
1142 3745 1362 3821 singula
1380 3743 1707 3802 Persianum
1741 3742 1944 3820 stylum
1978 3742 2252 3799 referant.

212 3834 339 3890 Rem
363 3830 577 3907 populi
601 3831 637 3887 i.
671 3850 727 3888 e.
764 3849 883 3888 rem
915 3830 1192 3906 publicam
1247 3830 1393 3900 (Cic.
1439 3848 1558 3906 rep.
1607 3827 1652 3898 1,
1683 3833 1788 3899 25,
1818 3832 1923 3898 40)
1977 3837 2204 3884 tractas
2225 3832 2254 3883 ἲ

216 3916 290 3975 lta
318 3913 470 3992 apud
502 3913 792 3973 Platonem
837 3914 989 3987 (Alc.
1020 3914 1043 3972 1
1074 3934 1127 3991 p.
1166 3919 1284 3976 106
1318 3914 1422 3995 C.)
1465 3914 1766 3972 Socrates:
1845 3908 2096 3971 Διανοεῖ
2132 3907 2251 3992 γὰρ

214 3996 490 4082 παριέναι
534 3995 992 4077 συμβουλιύσων
1027 3995 1388 4071 Ἀθηναίοις
1431 3993 1592 4067 ἐντὸς
1632 3994 1703 4057 οὐ
1743 3998 1963 4057 πολλοῦ
2004 3990 2247 4074 χρόνου.

214 4086 283 4146 cl'.
312 4106 369 4165 p.
407 4089 530 4149 118
562 4082 660 4146 B.:
705 4079 818 4145 Διὸ
848 4083 951 4144 καὶ
979 4079 1170 4155 ἄπεις’
1211 4078 1365 4167 πρὸς
1403 4078 1474 4144 τὰ
1520 4079 1797 4144 πολιτικὰ
1827 4081 1971 4166 πρῖν
2008 4077 2255 4141 παιδευ-
