2764 4738
238 594 656 680 apposuen’m.
714 591 910 678 Spero
956 605 1203 672 tamen,
1250 592 1349 659 Te
1394 592 1555 657 siout.
1593 594 1864 659 rationes
1906 617 1941 659 a
1987 620 2082 664 me
2116 620 2186 664 ea
2222 604 2297 665 de

239 734 315 778 re
373 714 729 797 expositas»,
786 712 871 775 ita
908 702 1106 791 viam,
1164 730 1339 795 quam
1398 712 1458 774 in
1509 711 1759 777 edendis
1805 715 2050 780 scholiis
2102 723 2293 796 tenui,

245 853 376 895 non
411 831 589 915 plane
618 830 1087 913 improbaturum
1119 849 1278 894 esse.
1327 828 1488 894 Olim
1518 830 1755 913 quidem
1785 833 1849 894 iu
1882 838 2296 917 componendo

244 961 544 1034 apparatu
575 949 787 1013 critico
820 969 1058 1031 operam
1092 969 1285 1011 meam
1318 948 1633 1013 continere
1663 950 1866 1027 volui,
1915 972 2060 1015 mox
2094 965 2295 1019 tamen

244 1066 570 1145 intellexi,
617 1067 681 1130 in
723 1067 836 1130 hoc
877 1050 1174 1149 scriptore
1213 1066 1563 1149 interpretis
1592 1068 2012 1149 gravissimum
2045 1073 2297 1137 officium

247 1206 430 1264 esse,
476 1187 678 1268 itaque
725 1185 1217 1249 commentarium
1248 1184 1616 1268 conscripsi,
1663 1186 1725 1249 in
1756 1207 1872 1269 quo
1903 1187 1964 1249 id
1997 1189 2294 1272 spectavi,

244 1316 316 1368 nt
348 1304 676 1388 explicatio
708 1324 878 1386 quam
911 1303 1254 1388 plenissima
1287 1304 1367 1366 sit
1397 1312 1459 1365 et
1488 1324 1661 1387 quam
1703 1303 2089 1370 brevissima.
2147 1306 2294 1372 Non

248 1422 510 1506 singulis
537 1422 722 1504 igitur
748 1422 941 1498 locis,
1001 1421 1225 1504 siquid
1261 1420 1405 1484 novi
1437 1431 1501 1484 et
1542 1421 1751 1484 eximii
1792 1422 2114 1503 haberem,
2160 1445 2297 1508 pro-

249 1542 381 1604 lixa
423 1540 829 1624 disputatione
872 1540 1217 1624 expromsi,
1275 1540 1434 1622 quod
1495 1539 1822 1604 adnotandi
1876 1563 2072 1626 genus
2117 1543 2293 1624 viris,

247 1659 349 1743 qni
380 1658 658 1722 doctrina
690 1669 752 1721 et.
779 1658 1024 1742 ingenio
1058 1655 1405 1736 excellent,
1458 1657 1917 1740 relinquendum
1949 1661 2095 1725 duxi
2117 1708 2136 1739 ,
2184 1664 2294 1727 sed

246 1777 647 1860 quodeunque
689 1777 766 1841 ad
811 1787 981 1842 recte
1024 1776 1477 1858 intelligendum
1519 1788 1756 1863 poetam
1798 1779 2030 1844 faceret
2071 1780 2294 1845 afferre

245 1895 490 1970 studui,
552 1896 638 1957 ita
690 1904 758 1958 nt
818 1915 897 1959 ne
959 1893 1210 1958 minoris
1260 1895 1499 1976 quidem
1546 1898 1834 1960 momenti
1878 1918 1981 1962 res
2021 1897 2296 1963 breviter

244 2014 663 2098 perstringere
709 2012 1069 2078 omitterem.
1129 2011 1587 2078 Sententiarum
1630 2015 1813 2099 igitur
1843 2037 2068 2081 nexum
2101 2018 2293 2101 expli-

245 2152 433 2210 oere,
496 2142 559 2194 et
615 2152 817 2195 rerum
876 2142 1058 2215 atque
1117 2131 1441 2196 verborum
1502 2132 1930 2198 obscuritatem
1990 2133 2296 2199 illustrare

243 2250 454 2328 volui,
514 2270 632 2332 qua
687 2250 750 2312 in
808 2271 876 2314 re
933 2250 994 2314 id
1052 2250 1195 2313 mihi
1253 2251 1575 2333 praecipue
1627 2272 1809 2317 curae
1854 2254 2001 2332 fnit,
2049 2264 2117 2316 ut
2157 2276 2291 2318 cum

241 2390 500 2454 prorsus
570 2368 896 2453 singularis
965 2366 1170 2433 Persii
1238 2367 1524 2452 loquendi
1581 2371 1738 2435 ratio
1796 2372 1915 2452 sit,
1988 2383 2287 2449 notarem,

240 2499 543 2570 quatenus
615 2507 651 2550 a
720 2487 953 2571 vulgari
1016 2508 1128 2551 usn
1186 2490 1546 2567 recederet,
1604 2500 1705 2568 et,
1767 2491 2048 2572 quoniam
2108 2510 2290 2576 saepe

241 2626 498 2690 prorsus
556 2605 773 2669 similia
831 2606 1052 2670 afferre
1111 2626 1237 2669 non
1294 2605 1555 2683 licebat,
1631 2610 1943 2693 analogias
2005 2612 2289 2693 quasdam

238 2723 621 2801 indicarem,
667 2743 816 2806 quas
858 2735 1104 2789 secutus
1149 2745 1286 2790 esse
1330 2725 1663 2791 videretur.
1725 2724 1816 2790 lta
1860 2728 2055 2791 iustae
2102 2729 2290 2811 expli·

239 2843 505 2906 cationis
548 2841 838 2924 quaedam
884 2843 1276 2907 fundamenta
1313 2843 1473 2907 iacta
1517 2865 1551 2906 a
1594 2865 1689 2908 me
1737 2866 1876 2910 esse
1919 2868 2041 2909 non
2070 2846 2290 2909 iniuria

241 2962 505 3024 fortasse
538 2979 844 3024 censeam.
886 2958 1065 3044 Quod
1097 2983 1248 3026 vero
1277 2961 1639 3027 brevitatem
1672 2965 2038 3042 memoravi,
2072 2963 2294 3027 ridebit

242 3079 356 3140 hoe
404 3080 667 3142 sortasse
712 3080 812 3162 qui
858 3081 1350 3144 commentarium
1381 3083 1531 3145 satis
1562 3084 1817 3167 amplum
1849 3081 2050 3160 videt,
2099 3103 2290 3164 neque

238 3208 442 3259 tamen
474 3217 544 3259 re
574 3198 918 3261 accuratius
950 3199 1334 3263 considerata
1377 3200 1696 3264 brevitatis
1727 3201 1987 3264 studium
2018 3201 2285 3284 negabit.

241 3312 375 3377 Hoc
438 3315 521 3377 ita
581 3315 839 3399 probare
898 3317 1097 3394 volui,
1159 3327 1226 3380 ut
1284 3318 1532 3403 primam
1579 3319 1917 3383 reciderem
1964 3320 2286 3404 superflua,

236 3453 435 3515 neque
486 3443 607 3496 tam
655 3435 1038 3499 occasionem
1089 3437 1163 3499 de
1208 3437 1391 3500 rebus
1436 3437 1592 3500 scitu
1637 3438 1912 3501 iucundis
1955 3439 2288 3501 disserendi

230 3552 510 3635 arripere
583 3574 758 3634 quam
842 3565 1079 3637 poetam
1161 3556 1472 3639 explicare
1561 3557 1846 3633 viderer,
1939 3579 2290 3639 quamquam

233 3670 542 3732 interdum
602 3692 705 3734 res
764 3673 943 3735 altius
1008 3675 1340 3757 repetenda
1408 3686 1581 3752 erat,
1655 3686 1719 3738 et
1775 3675 2019 3738 omnino
2079 3677 2291 3738 distin-

232 3790 543 3870 guendum
588 3801 724 3854 erat
764 3790 928 3853 inter
968 3789 1245 3875 vulgaria
1277 3802 1340 3855 et
1370 3794 1568 3855 minus
1601 3806 1769 3855 nota.
1837 3793 1903 3857 Si
1947 3806 2142 3858 tamen
2194 3820 2287 3858 me

232 3930 473 3991 quoque
524 3909 675 3972 illud
730 3910 1046 3991 philologis
1113 3921 1327 3974 natura
1387 3922 1452 3974 ut
1495 3912 1738 3975 videtur
1788 3911 2030 3977 insitum
2079 3915 2286 3977 vitium

232 4036 419 4091 extra
451 4029 622 4091 oleas
657 4028 915 4111 vagandi
947 4029 1366 4114 superaverit,
1414 4013 1666 4094 veniam*
1700 4052 1792 4094 me
1839 4032 2287 4116 impetraturum
