2764 4738
545 414 668 484 106
1253 421 1426 483 SAT.
1461 423 1506 495 l,
1541 429 1661 487 100
1692 455 1777 469 —
1810 429 1949 488 103.

541 592 800 651 Bacchus
833 592 1028 650 furore
1059 593 1374 660 concitatas
1406 595 1560 654 feras
1590 596 1885 674 corripere
1916 605 1977 652 et
2022 594 2182 652 vivas
2215 595 2446 655 laniare.
2483 597 2575 655 Cf.

541 678 738 757 Enrip.
787 676 996 737 Bacch.
1038 680 1163 739 735
1208 697 1331 781 sqq.
1414 681 1507 737 Αἱ
1552 678 1618 738 δὲ
1671 677 1962 757 (Βακχαι)
2006 677 2355 756 νεμομέναις
2393 677 2578 760 χλοὴν

538 759 784 842 μόσχοις
807 760 1074 836 ἐπῆλθον
1101 758 1303 862 χειρὸς
1318 759 1617 865 ἀσιδήρου
1644 762 1824 864 μέτα·
1855 763 1960 821 και
2002 758 2110 836 τὴν
2154 761 2265 841 μὲν
2295 761 2405 824 nir,
2390 786 2576 846 προς-

542 846 696 918 εἷδες
751 843 1012 921 εὔθηλον
1069 843 1266 950 πόριν
1315 847 1672 925 μυκωμένην
1712 843 1968 927 ἔχουσαν
2025 846 2090 906 ἐν
2136 848 2341 930 χεροῖν
2391 849 2571 950 δίκῃ,

541 929 713 992 ἄλλαι
730 931 795 991 δὲ
812 928 1422 1033 δαμάλαςδιεφόρουν
1445 931 1905 1040 σπαράγμασιν·
1930 928 2085 1003 εἶδες
2106 931 2171 992 δ’
2187 916 2572 1036 ἂνῆπλεὺῥ’,

537 1041 576 1090 η
555 1012 833 1117 δίχηλον
845 1011 1098 1095 ἔμβασιν
1111 1014 1416 1098 ῥιπτόμεν’
1433 1013 1557 1078 ἄνω
1570 1040 1633 1078 τε
1649 1041 1750 1078 και
1769 1015 1951 1077 κάτω·
1969 1012 2276 1118 κρεμᾶοτα
2253 1016 2357 1078 ’δέ
2371 1015 2571 1092 ἔσταζ’

535 1097 645 1160 ὑπ
695 1097 927 1171 ἐλάταις
962 1097 1415 1182 ἀναπεφυρμέν’
1469 1105 1710 1181 αἵματι·
1757 1103 1972 1185 ταῦροι
2011 1099 2075 1161 δ’
2125 1101 2410 1200 ὕβρισται
2453 1104 2578 1175 κείς

539 1183 720 1286 κέρας
741 1181 1137 1287 θυμούμενοι
1156 1183 1226 1247 τὸ
1259 1183 1536 1269 πρόσθεν
1575 1183 1938 1266 ε”σφαλλοντο
1978 1209 2134 1271 προς
2168 1186 2350 1266 γαῖαν
2390 1188 2577 1265 δέμας

534 1267 1016 1353 μυριάσιχειρῶν
1031 1266 1313 1348 ἀγόμενοι
1341 1271 1649 1332 νεανίδων.
1684 1272 1837 1333 ldem
1868 1272 2119 1333 Catullus
2147 1274 2381 1349 (LXIV,
2413 1279 2567 1345 258)

535 1356 816 1415 breviter:
877 1354 1017 1414 Pars
1049 1375 1081 1415 e
1113 1354 1343 1415 divulsis
1375 1357 1662 1417 iactabant
1688 1358 1982 1418 membra
1966 1378 2221 1418 iuvenco.
2256 1360 2351 1418 cf.
2387 1360 2568 1419 Clem.

533 1440 703 1500 Alex.
736 1450 911 1519 protr.
958 1460 1012 1521 p.
1053 1446 1092 1503 4
1141 1440 1300 1521 Sylb.
1344 1442 1559 1501 Arnob.
1612 1443 1662 1500 V
1693 1465 1746 1526 p.
1796 1440 1923 1506 200
1952 1442 2093 1501 Elm.
2126 1443 2284 1503 Hune
2317 1446 2569 1504 furorem

536 1528 703 1583 etiam
748 1545 841 1584 ars
883 1524 986 1583 snb
1028 1528 1272 1604 imagine
1328 1525 1772 1610 χιμαιροφόνου
1811 1532 2263 1630 repraesentavit
2311 1539 2390 1602 (v.
2434 1530 2571 1588 diss,

536 1611 572 1667 Ι.
605 1630 659 1687 p.
700 1614 820 1681 11).
901 1613 960 1667 V
957 1612 1139 1669 nulus
1161 1613 1457 1689 superbus
1483 1623 1575 1670 est
1618 1614 1841 1693 ταῦρος
1870 1610 2155 1694 ὑβριστής
2196 1611 2344 1692 apud
2376 1615 2568 1692 Eurip.

535 1694 572 1752 1.
606 1694 640 1753 Ι.
674 1704 734 1754 et
763 1694 892 1752 Ael.
926 1693 991 1752 H.
1033 1693 1142 1756 An.
1194 1695 1373 1767 XVII,
1417 1699 1518 1757 31.
1565 1696 1700 1753 Eius
1732 1707 1902 1773 caput
1929 1708 2202 1776 raptum,
2253 1699 2505 1757 manibus
2536 1718 2571 1756 a

535 1797 778 1856 corpore
807 1776 1077 1835 divulsum
1111 1779 1393 1837 ablatura
1421 1790 1533 1850 est,
1570 1789 1629 1837 nt
1644 1781 1918 1838 victoriae
1948 1782 2189 1857 insigne.
2224 1780 2315 1840 Cf.
2340 1783 2569 1841 Antbol.

536 1863 720 1922 Palat.
761 1863 871 1933 vl,
918 1868 1029 1924 74·
1107 1863 1526 1965 Βασσαρῖς
1582 1859 1914 1944 Εὐρυνόμη
1963 1856 2486 1944 σκοπελοδρόμος,
2531 1863 2571 1936 ἥ

533 1968 675 2008 ποτε
713 1943 1024 2047 ταύρων
1073 1945 1261 2008 πολλὰ
1315 1946 1736 2052 τανυκραίρων
1791 1969 2005 2028 στερνα
2049 1947 2474 2047 χαραξαμένη,
2534 1945 2570 2018 ἦ

533 2031 685 2111 μέγα
730 2028 1106 2111 καγχάζουσα
1147 2029 1560 2131 λεοντοφόνοις
1604 2030 1700 2090 ε’πῖ
1732 2030 1960 2103 νίκαις,
2006 2031 2285 2110 παίγνιον
2319 2030 2568 2106 ἀτλήτου

531 2113 732 2198 ’ὶηρός
797 2113 1017 2195 ἔχουσα
1085 2138 1244 2198 καρη
1313 2128 1426 2176 etc.
1511 2116 1749 2187 Altera,
1819 2137 1963 2196 quae
2023 2118 2281 2194 generali
2344 2121 2567 2176 nomine

531 2205 781 2261 Maenas
810 2211 1046 2261 vocatur
1078 2201 1247 2282 (quod
1290 2213 1477 2260 tamen
1522 2205 1691 2261 etiam
1733 2205 1788 2261 in
1830 2204 2062 2280 picturis
2092 2202 2450 2261 vasculorum
2484 2202 2567 2261 di

530 2290 715 2347 versis
746 2288 1004 2365 personis
1038 2285 1374 2366 adscriptum
1408 2286 1684 2358 videmuS‚
1716 2289 1794 2346 cf.
1824 2286 2316 2364 vasengemaelde
2349 2310 2401 2367 p.
2434 2292 2566 2359 29),

533 2375 781 2450 lyncem,
816 2374 1015 2432 animal
1048 2374 1272 2433 Baccho
1319 2394 1541 2432 sacrum
1591 2382 1667 2446 (v.
1698 2373 1873 2431 Voss,
1918 2373 1989 2432 ad
2020 2374 2182 2451 Virg.
2218 2373 2431 2452 Georg.
2466 2374 2560 2442 111,

529 2462 679 2530 264)
711 2460 889 2517 flectit
930 2460 1221 2535 corymbis·
1266 2461 1302 2518 i.
1336 2480 1391 2518 e.
1439 2457 1653 2518 hedera
1698 2460 2114 2537 corymbifera‚
2161 2479 2308 2538 quae
2355 2471 2416 2518 et
2445 2462 2564 2535 ipsa

531 2542 754 2604 Baccho
788 2563 954 2603 sacra
985 2545 1090 2603 fuit
1120 2551 1196 2617 (v.
1230 2546 1401 2604 Voss.
1434 2543 1506 2603 ad
1537 2545 1702 2622 Virg.
1738 2545 1858 2603 Ecl.
1891 2544 1983 2615 Ill,
2030 2548 2130 2607 39.
2166 2545 2420 2604 Schoen.
2457 2543 2497 2605 l.
2532 2545 2566 2601 l.

532 2651 588 2706 p.
632 2634 740 2691 101
782 2638 910 2707 sq.).
957 2631 1148 2688 Em‘on
1171 2674 1187 2701 ‚
1223 2625 1421 2701 εὔιον,
1458 2630 1734 2689 Bacchica
1767 2631 2123 2701 exclamatio,
2157 2641 2216 2686 ut
2246 2625 2399 2699 εὐοῖ,
2431 2626 2565 2699 εὐά,

532 2713 676 2774 unde
709 2715 864 2774 Deus
911 2717 1034 2792 ipse
1067 2735 1267 2774 nomen
1315 2711 1511 2785 Εὔιος
1540 2718 1794 2794 accepit,
1845 2736 2007 2794 quem
2043 2714 2357 2792 Sophocles
2392 2714 2560 2788 (Oed.

530 2800 597 2858 R.
630 2804 779 2867 201)
813 2798 1039 2858 οἰνῶπα
1069 2795 1316 2880 Βάκχον
1345 2796 1509 2859 εὔιον
1542 2796 1890 2858 [Μαινάδων
1920 2795 2244 2877 ὁμόστολον
2260 2844 2279 2870 ,
2313 2811 2375 2857 et
2404 2801 2565 2877 igno-

532 2897 621 2944 tus
664 2896 836 2964 poeta
882 2884 1049 2963 (apud
1098 2885 1241 2944 Phn.
1290 2885 1359 2945 de
1408 2885 1480 2943 El
1504 2906 1594 2964 ap.
1643 2884 1845 2963 Delpb.
1891 2890 1950 2947 9.
1995 2886 2074 2945 cl'.
2120 2884 2323 2943 Valck.
2370 2905 2461 2965 ep.
2495 2883 2565 2943 ad

534 2970 706 3029 Roev.
740 2991 793 3048 p.
828 2974 931 3042 80)
976 2966 1139 3029 εὔιον
1186 2966 1580 3050 ὀρσιγύναικα
1625 2980 1813 3029 vocat.
1851 2971 1943 3028 Cf.
1993 2970 2246 3028 Lobeck.
2281 2970 2565 3049 Aglaopb.

531 3078 585 3133 p.
623 3059 742 3116 104
768 3075 889 3134 sqq.
935 3057 1339 3133 Βεραναόίίίε,
1389 3055 1479 3113 bic
1524 3057 1708 3114 active
1751 3058 1991 3134 positum
2022 3065 2145 3124 est,
2177 3053 2247 3113 de
2279 3075 2349 3113 ea
2369 3100 2386 3119 ,
2417 3075 2563 3134 quae

529 3161 702 3200 voces
735 3151 996 3220 reparat3
1030 3141 1375 3199 resonabilis
1403 3143 1565 3199 Echo
1594 3140 1849 3200 Ausonio
1880 3143 2085 3219 (epigr.
2113 3140 2318 3211 XCIX,
2355 3147 2415 3214 1)
2451 3152 2559 3199 est.

530 3227 701 3284 Hisce
734 3225 938 3284 auditis
982 3228 1159 3304 magis
1202 3227 1368 3284 etiam
1411 3224 1728 3303 indignatus
1763 3225 1994 3286 Persius
2026 3227 2338 3286 exclamat:
2400 3229 2563 3285 Haec

508 3312 764 3389 fierent,
798 3313 838 3369 i.
875 3330 928 3369 e.
961 3331 1089 3369 num
1135 3312 1266 3370 talia
1307 3312 1696 3370 scriberentur
1740 3322 1800 3371 et
1829 3310 2211 3382 laudarentur,
2242 3313 2288 3370 si
2320 3310 2473 3391 quid,
2506 3322 2563 3371 nt

505 3399 606 3475 ,ait
638 3397 1013 3469 Quintilianus
1060 3395 1127 3470 (l,
1176 3401 1274 3467 10,
1307 3401 1447 3468 31),
1492 3399 1546 3454 in
1593 3397 1752 3455 nobis
1795 3393 1977 3456 virilis
2021 3397 2243 3455 roboris
2285 3407 2562 3456 maneret.

531 3484 771 3541 Sensum
822 3503 911 3541 vv,
959 3500 1107 3540 vena
1152 3484 1421 3541 testiculi
1445 3484 1696 3560 paterni
1742 3483 1982 3541 honeste
2040 3485 2327 3561 expressit
2387 3481 2561 3560 Spar-

530 3571 719 3627 tianus
752 3569 791 3626 l.
830 3569 865 3626 l.
899 3570 952 3626 in
985 3587 1114 3626 ann.
1147 3569 1312 3634 crit.;
1364 3578 1425 3625 at
1454 3565 1751 3626 Petronius
1797 3574 1870 3638 (c.
1903 3571 2045 3640 44):
2093 3566 2197 3638 „Si
2231 3588 2332 3625 nos
2365 3569 2561 3626 coleos

530 3652 888 3724 haberemus,
916 3673 1024 3711 non
1055 3663 1267 3712 tantum
1297 3653 1403 3711 sibi
1435 3653 1753 3729 placeret.“
1802 3653 1873 3712 Ut
1901 3654 1955 3710 in
1988 3653 2265 3711 testiculis
2297 3654 2444 3711 enim
2475 3655 2559 3710 vis

528 3736 837 3815 generandi
867 3740 1035 3809 inest,
1066 3740 1145 3796 ita
1174 3738 1283 3797 hoc
1314 3738 1544 3797 verbnm
1576 3740 1800 3796 omnino
1831 3736 1902 3796 ad
1935 3737 2108 3796 robur
2137 3736 2560 3815 significandum

529 3823 969 3894 transferebant,
1002 3825 1128 3883 etin
1148 3826 1327 3882 sacris
1359 3821 1683 3902 quibusdam
1719 3826 1983 3883 testiculi
1997 3823 2344 3882 vocabantur
2374 3825 2554 3893 utres,

526 3910 604 3967 cf.
635 3928 742 3967 van
774 3907 916 3968 Dale
947 3906 1083 3967 diss.
1134 3930 1189 3987 p.
1228 3914 1307 3970 53
1354 3929 1477 3989 sqq-
1539 3909 1711 3968 Orelli
1759 3908 1829 3967 ad
1860 3909 2066 3967 Inscrr.
2100 3909 2247 3967 Latt.
2283 3929 2338 3967 n.
2378 3912 2556 3970 1443.

527 3995 609 4053 Ea
639 3996 762 4073 ipsa
794 4006 977 4053 autem
1010 3996 1092 4051 vis
1113 4039 1127 4053 .
1162 4014 1320 4073 qnam
1365 3997 1419 4052 in
1464 3996 1738 4071 sanguine
1782 3998 1973 4053 inesse
2016 3992 2362 4065 credebant,
2393 3996 2557 4052 etiam

525 4103 578 4139 v.
615 4101 758 4140 vena
790 4080 1136 4159 exprimitur,
1171 4079 1315 4158 quod
1348 4100 1471 4139 cum
1505 4082 1671 4138 etiam
1700 4077 1770 4140 de
1805 4081 2053 4139 membro
2085 4081 2226 4138 virili
2260 4090 2560 4159 usurpetur
