2764 4738
695 415 960 479 SCHOL.
988 414 1097 479 An
1140 416 1315 481 SAT.
1347 417 1448 491 VI,
1480 421 1782 483 51—56.
2129 411 2257 481 347

217 607 321 648 nus
366 584 638 668 lapidibus
681 588 852 668 longe
897 608 1007 649 non
1051 600 1176 660 est,
1221 609 1332 670 quo
1374 608 1463 649 me
1505 586 1986 649 contradicentem
2026 586 2254 651 obruas.

214 672 359 734 Nam
389 683 697 734 exossatus
716 717 736 747 ,
770 673 1044 754 lapidibus
1077 676 1277 754 plenus
1295 717 1314 746 ,
1360 673 1668 735 secundnm
1698 694 1802 736 eos
1833 674 1929 754 qui
1955 672 2252 746 diffiniunt,

216 757 436 840 lapides
466 779 599 821 esse
630 779 768 819 ossa
797 773 989 821 terrae
1008 804 1025 832 ‚
1058 759 1204 819 unde
1236 759 1465 820 Ovidius
1493 767 1548 819 1:

963 847 1193 924 lapides
1222 847 1283 905 in
1313 864 1564 925 corpore
1595 855 1795 906 terrae

551 932 702 992 Ossa
731 949 874 990 reor
908 932 1043 990 diei.

212 1017 388 1094 Age,
418 1017 481 1075 si
502 1017 653 1074 mihi
672 1016 863 1075 nulla.
911 1016 1013 1076 Hic
1043 1027 1212 1095 poeta
1243 1017 1425 1095 tangit
1453 1014 1840 1095 heredipetas,
1879 1014 1970 1095 qni
2002 1012 2253 1094 quamvis

210 1102 362 1161 nulla
392 1103 733 1180 cog-natione
764 1102 1134 1163 testatoribus
1164 1100 1536 1175 adhaereant,
1565 1113 1753 1161 tamen
1783 1101 2129 1181 propinquos
2159 1098 2253 1158 vel

212 1183 466 1247 heredes
497 1205 562 1245 se
595 1184 773 1245 videri
803 1187 1014 1247 volunt.

384 1274 488 1333 53.
529 1274 739 1331 Amica
783 1282 875 1331 est
917 1292 1083 1332 soror
1125 1273 1323 1351 patris.
1385 1273 1690 1332 Patrnelae's
1730 1270 1843 1331 filia
1871 1270 2077 1350 patrui.
2134 1271 2252 1329 Pa-

214 1364 386 1415 truus
417 1357 601 1415 frater
629 1357 830 1434 patris.
876 1359 1186 1436 Proueptz's
1207 1402 1228 1429 ‚
1274 1357 1388 1415 filia
1417 1359 1663 1436 nepotis.

385 1444 488 1502 54.
531 1443 866 1501 Mater-tera
903 1445 1152 1521 pan-ui,
1195 1442 1305 1502 hoc
1346 1454 1476 1515 est,
1520 1462 1693 1504 soror
1719 1442 1885 1503 aviae
1915 1451 2248 1515 maternae3

214 1535 541 1585 matertera
572 1545 736 1586 soror
763 1529 978 1586 matris.

385 1614 486 1673 55.
529 1611 690 1671 Avia
722 1623 783 1671 et
812 1614 987 1690 patris
1017 1621 1079 1672 et
1107 1612 1301 1671 matris
1332 1621 1535 1676 mater.
1683 1613 1924 1672 Accede
1951 1611 2243 1671 Bovillas.

209 1694 616 1755 *Bovillae
685 1707 855 1757 sunt
924 1698 1140 1756 vicus
1213 1694 1301 1756 ad
1385 1696 1842 1757 undecimum
1928 1694 2249 1776 lapidem

210 1778 500 1859 Appiae
561 1783 763 1854 viae,
834 1783 1005 1862 quia
1072 1781 1472 1862 aliqnando
1531 1784 1602 1841 in
1657 1781 1948 1842 Albano
2009 1792 2248 1841 monte

209 1865 292 1924 ab
338 1884 467 1923 ara
512 1866 818 1945 fugiens
863 1877 1125 1927 taurus
1171 1869 1309 1926 iam
1349 1877 1880 1939 consecratus,
1927 1867 2030 1927 ihi
2061 1885 2251 1926 com-

208 1949 626 2030 prehensus
674 1962 819 2024 est,
864 1949 1033 2011 inde
1080 1951 1423 2012 Bovillae
1469 1951 1724 2011 dictae
1748 1957 1792 2011 2.
1817 1951 1846 1979 ¹*

380 2038 481 2097 56.
530 2037 872 2114 Clivumque
917 2039 1000 2096 ad
1044 2037 1235 2096 Vir-bi.
1291 2037 1678 2109 *Quatuor
1707 2042 1736 2077 ⁸
1773 2035 2109 2096 millibus
2161 2035 2250 2095 ab

208 2118 387 2179 urbe
447 2130 568 2179 est
620 2121 869 2181 Virhii
914 2121 1200 2194 clivus,
1257 2141 1397 2202 qua
1442 2125 1593 2181 iter
1633 2132 1752 2181 est
1796 2120 1883 2181 ad
1921 2122 2248 2181 Ariciam

208 2215 285 2264 et
327 2203 414 2263 ad
452 2224 696 2266 nemus
745 2205 1074 2279 Dianae,
1109 2207 1227 2267 ubi
1271 2207 1584 2267 Virbius
1634 2208 1956 2278 colitur,
1999 2205 2068 2265 id
2114 2216 2248 2278 est,

207 2288 696 2371 Hippolytus,
743 2290 928 2374 quod
971 2293 1196 2351 bisin
1242 2294 1465 2352 vitam
1507 2293 1850 2373 prolatus
1893 2293 2060 2351 sik*
2102 2290 2249 2350 Nam

207 2396 333 2436 cum
364 2376 698 2457 Hippolytus
730 2397 764 2436 a
797 2377 1058 2439 Phaedra
1099 2399 1346 2439 noverca
1390 2380 1462 2438 oh
1491 2379 1957 2458 pulchritudinem
1988 2377 2247 2456 eorporis

205 2473 523 2534 amaretur,
554 2482 679 2523 eam
711 2466 960 2542 sprevit,
1007 2466 1223 2543 patrios
1254 2464 1528 2524 thalamos
1560 2465 1758 2525 nolens
1786 2465 2038 2535 violare3
2084 2473 2147 2522 et
2175 2481 2248 2523 ne

206 2546 544 2625 Hippolytus
590 2550 733 2626 patri
783 2569 886 2608 suo
943 2560 1238 2620 narraret,
1299 2570 1425 2609 eum
1484 2569 1733 2611 noverca
1790 2569 1960 2609 verso
2012 2549 2248 2608 crimine

206 2632 356 2691 ultro
385 2630 530 2709 apud
562 2632 849 2693 Theseum
880 2636 1134 2694 maritum
1165 2636 1485 2706 accusavit,
1532 2654 1642 2714 qno
1688 2636 1880 2713 agnito
1911 2633 2251 2712 Hippolytus

206 2717 383 2794 fugit,
443 2727 505 2776 et
558 2714 686 2776 dum
743 2737 912 2777 curru
956 2719 1012 2777 in
1056 2718 1249 2780 littore
1295 2731 1632 2792 exercetur,
1684 2721 1852 2797 petiit
1903 2738 1936 2778 a
1980 2718 2247 2797 Neptuno

203 2798 498 2872 Theseus,
529 2813 592 2861 ut
621 2804 675 2862 ei
705 2803 956 2882 phocas,
988 2801 1043 2863 id
1074 2816 1195 2875 est,
1236 2805 1443 2864 vitulos
1476 2807 1721 2863 marinos
1752 2805 2106 2872 immitteret,
2138 2823 2249 2881 quo

205 2888 358 2947 facto
415 2889 546 2967 equi
610 2889 735 2948 eius
777 2900 1229 2968 expavescentes
1276 2909 1404 2949 eum
1450 2891 1835 2962 iactaverunt,
1891 2900 1951 2948 et
1993 2898 2247 2947 mortuns

203 2985 316 3033 est.
360 2972 577 3033 Dolens
609 2973 793 3034 Diana
820 2977 1142 3054 speciosum
1172 2986 1502 3036 venatorem
1530 2976 1813 3048 amisisse,
1843 2974 2247 3053 Aesculapium

206 3142 229 3194 1
275 3140 429 3193 Ovid.
469 3141 594 3194 Met.
634 3141 676 3208 1,
715 3143 818 3196 393
844 3159 923 3211 sq.

203 3211 241 3266 2
276 3210 356 3261 Cf.
382 3209 513 3263 Non.
534 3228 579 3263 s.
609 3226 662 3263 v.
705 3213 919 3274 „Hillas
943 3212 1189 3265 intestina
1213 3221 1421 3264 veteres
1450 3228 1563 3264 esse
1589 3210 1851 3263 dixerunt.
1879 3208 2022 3263 Unde
2046 3209 2249 3261 Bohilla

273 3280 508 3346 oppidum
563 3282 613 3332 in
662 3280 843 3345 ltalia,
896 3283 1033 3348 qnod
1081 3298 1142 3334 eo
1186 3282 1277 3334 hos
1326 3282 1576 3333 intestina
1622 3281 1841 3333 vulnere
1893 3282 2106 3332 trahens
2159 3280 2249 3331 ad·

270 3350 541 3401 venerit-‘⁸

204 3417 236 3470 3
281 3416 472 3469 Tribus
512 3418 594 3468 ed.
635 3434 712 3485 pr.
762 3417 975 3470 Cluver.
1012 3416 1129 3471 Ital.
1171 3426 1280 3470 ant.
1318 3418 1408 3482 111,
1440 3422 1475 3472 4
1498 3436 1545 3486 p.
1575 3418 1677 3471 390
1702 3434 1799 3470 em.
1838 3418 2248 3484 quatuordeeim

270 3486 528 3536 millibus.
569 3485 744 3553 Neque
771 3487 899 3539 illud
921 3495 1116 3538 rectum
1139 3503 1254 3538 esse
1280 3496 1467 3553 potest.
1517 3487 1762 3539 Fortasse
1786 3503 1933 3538 error
1951 3487 2069 3537 inde
2096 3493 2247 3538 natus

272 3561 385 3616 est,
436 3555 570 3622 quod
607 3548 826 3620 Aricia,
864 3558 948 3607 cui
988 3557 1190 3607 vicinus
1225 3554 1323 3606 ruit
1345 3557 1516 3608 Virbii
1553 3557 1719 3607 clivus
1749 3556 1842 3621 (cf.
1874 3556 2021 3607 Dion.
2064 3556 2123 3606 H.
2152 3554 2243 3618 Vl,

309 3660 320 3671 .
349 3622 482 3679 36⁶2
534 3619 837 3693 ,,Ἀρικεία,
878 3622 915 3689 ἢ
939 3618 1102 3690 διέχει
1135 3619 1385 3679 σταδίους
1426 3623 1617 3675 ἑκατὸν
1642 3624 1808 3675 εἴκοσι
1849 3624 1947 3689 τῆς
1969 3621 2243 3691 Ῥώμησ,“

317 3692 518 3743 bilustr.
559 3709 612 3744 v.
654 3694 819 3759 Apoll.
867 3690 1035 3760 T'yau.
1077 3694 1165 3755 1V‚
1205 3694 1303 3745 36:
1347 3687 1604 3754 „froiam
1638 3688 1697 3744 δὲ
1741 3694 1906 3744 εἴκοσι
1937 3698 2027 3744 καὶ
2057 3692 2249 3745 ἕκατον

269 3757 484 3826 ἀπέχων
531 3756 737 3826 ἐνέτυχε
789 3757 1036 3826 wolde
1091 3759 1172 3826 τῷ
1225 3763 1440 3813 Kar-uel
1489 3766 1614 3830 περὶ
1672 3758 1737 3813 τὸ
1774 3763 1937 3828 γέμος
1974 3759 2040 3813 τὸ
2077 3757 2136 3813 ἐν
2175 3760 2247 3833 τῇ

262 3824 554 3948 Ἀἴκὰψλ
593 3847 740 3897 quem
763 3831 856 3882 alii
880 3833 1160 3897 scriptores
1187 3831 1238 3881 in
1264 3839 1531 3883 comment.
1562 3831 1708 3882 allati
1746 3832 2010 3882 Aricinum
2037 3839 2243 3895 vocant,

271 3913 300 3948 a
374 3900 555 3949 ovillis
580 3908 832 3965 quatuor,
870 3908 963 3950 aut
996 3901 1275 3950 seeundum
1299 3900 1526 3951 tabulam
1554 3899 2002 3963 peutingerianam
2022 3936 2038 3964 ,
2078 3900 2247 3951 tribus

271 3965 483 4017 milibus
509 3968 769 4032 distabat,
808 3967 880 4018 cf.
907 3966 1115 4037 Many,
1151 3970 1336 4020 analisi
1363 3968 1385 4020 1
1409 3985 1454 4035 p.
1483 3970 1583 4022 261
1613 3985 1689 4036 sq.
1743 3968 1914 4034 Quare
1949 3986 2037 4035 pro
2059 3984 2149 4020 vv·
2177 3970 2244 4020 ab

267 4035 398 4084 urbe
423 4036 643 4086 fortasse
671 4038 1012 4102 reponendum
1037 4053 1071 4088 a
1092 4038 1339 4089 Bovillis.
1380 4037 1619 4089 Ceterum
1644 4039 1706 4088 de
1731 4038 1867 4090 clivo
1893 4037 2104 4104 Vir-bio,
2131 4039 2243 4091 sive

275 4102 468 4155 Orbius
494 4107 690 4158 rectius
716 4106 937 4172 dicitnr,
979 4106 1034 4158 in
1058 4107 1171 4175 ipsa
1202 4108 1328 4159 urhe
1353 4122 1407 4161 v.
1436 4108 1598 4176 intpp.
1625 4106 1744 4159 Liv.
1775 4106 1816 4168 1,
1842 4107 1930 4172 48,
1958 4108 2009 4160 θ.
