2764 4738
872 441 1614 506 PnoLEGoMENA.
1875 396 1886 417 ⁰
2195 465 2262 508 n

188 607 677 701 Ἀθηνόδωρον
704 603 880 704 αὐτῇ
907 611 1166 702 γραφῇ,
1195 613 1300 677 ubi
1331 612 1558 677 nullum
1588 610 1832 676 dubium
1849 656 1869 690 ,
1913 612 2055 697 quin
2084 624 2260 680 recte

185 716 627 784 emendaverit
654 713 827 779 Bake
856 714 1042 801 (apud
1073 713 1333 780 Mat-tin.
1365 737 1430 800 p.
1462 711 1580 799 94)
1622 708 2044 806 ἀντιγραφῇ,
2088 716 2261 784 vide-

180 833 286 886 tur
312 819 423 885 hic
451 819 616 884 liber
643 817 720 881 ad
752 836 888 880 eum
917 816 1430 883 Athenodori
1458 816 1675 880 librum
1706 818 2072 902 pertinuisse
2093 864 2113 898 ,
2157 819 2260 903 qui

178 925 456 1008 scriptus
485 922 604 985 suit
630 918 805 1007 πρός
831 917 958 994 τοὶς
982 911 1485 1005 Ἀριστοτέλους
1513 919 1917 1008 κατηγορίας
1928 969 1953 1001 ,
1996 921 2062 984 in
2100 921 2259 986 anti·

178 1026 316 1117 quis
349 1024 479 1088 illis
520 1022 981 1088 commentariis
1010 1021 1253 1107 saepius
1285 1032 1796 1088 commemoratus
1821 1031 1867 1103 ¹,
1902 1042 2258 1108 quamquam

174 1128 431 1213 plenior
460 1125 676 1190 titulus
705 1125 818 1189 fuit
843 1122 1015 1210 πρὸς
1041 1118 1548 1211 Ἀθηνόδωρον
1593 1123 1711 1193 καὶ
1752 1120 2253 1212 Ἀριστοτέλην.

175 1227 249 1293 ln
293 1230 421 1293 hoc
464 1227 628 1292 libro
648 1273 668 1306 ,
713 1247 1067 1312 quamquam
1099 1247 1283 1311 saepe
1316 1226 1376 1291 ei
1409 1247 1542 1292 cum
1572 1228 1980 1294 Athenodoro
2009 1227 2257 1291 Aristo·

174 1333 363 1398 telem
396 1331 797 1415 vituperante
825 1328 1152 1408 convenit,
1199 1328 1448 1394 videtur
1481 1330 1774 1414 quaedam
1804 1341 2010 1395 tamen
2040 1339 2258 1394 contra

185 1454 319 1500 eum
347 1451 598 1518 quoque
630 1431 997 1517 disputasse.
1060 1428 1217 1514 Quis
1251 1452 1408 1495 vero
1436 1429 1875 1498 Athenodorus
1904 1432 2255 1515 intelligen-

190 1537 299 1601 du
336 1537 457 1613 sit,
508 1531 793 1598 Rhodius
835 1535 950 1615 (cf.
1004 1530 1219 1616 Quint.
1254 1530 1342 1612 11,
1377 1533 1487 1614 17,
1523 1533 1672 1616 15),
1721 1555 1800 1599 an
1848 1533 2254 1600 Tarsensium

184 1639 517 1716 alteruter,
569 1634 910 1723 Cordylion
938 1647 1045 1700 aut
1074 1633 1382 1701 Cananita
1400 1681 1420 1714 ,
1457 1657 1583 1701 non
1612 1636 1802 1701 ausim
1835 1637 2175 1703 decernere
2197 1643 2247 1697 2.

176 1741 274 1806 Ad
318 1739 748 1827 philosophica
795 1737 993 1803 studia
1033 1739 1426 1803 referendum
1471 1747 1570 1804 est
1612 1738 1795 1803 etiam
1854 1760 2038 1825 opus,
2089 1737 2250 1823 quod

171 1844 476 1910 indicavit
535 1840 973 1907 Theodoretus
1028 1840 1266 1924 (graec.
1328 1842 1431 1905 aff.
1480 1861 1610 1903 cur.
1674 1837 1736 1904 11
1774 1862 1833 1927 p.
1882 1839 1992 1921 36,
2042 1840 2081 1906 5
2104 1848 2116 1860 ‘
2142 1840 2245 1906 ed.

178 1944 397 2033 Sylb.)
421 1974 440 2008 ι
482 1942 883 2031 Κορνοῦτος
910 1940 984 2011 δὲ
1014 1939 1053 2009 ὁ
1082 1935 1445 2025 φιλόσοφος
1480 1942 1613 2031 τήν
1641 1938 2049 2030 Ἑλληνικῆν
2075 1950 2252 2011 θεο-

174 2050 422 2134 λογίαν
449 2048 874 2127 ξυντέθειιιε,
917 2045 1134 2129 quibus
1165 2065 1248 2111 ex
1275 2045 1487 2112 verbis
1531 2056 1816 2131 apparet,
1864 2047 2057 2111 fuisse
2099 2045 2248 2110 illud

175 2173 331 2238 opus
374 2151 802 2238 pervulgatum
843 2167 1039 2231 neque
1083 2148 1348 2233 exiguae
1394 2149 1617 2213 famae.
1692 2145 1822 2213 Iam
1849 2168 2002 2215 vero
2034 2158 2249 2214 notum

172 2265 268 2320 est
286 2301 305 2333 ,
337 2263 603 2320 exstare
635 2250 851 2315 librum
871 2249 1031 2336 περὶ
1058 2251 1182 2337 τῆς
1207 2251 1344 2319 τῶν
1368 2252 1562 2321 θεῶν
1590 2245 1870 2339 φύσεως,
1899 2250 2122 2317 editum
2152 2250 2249 2313 in·

169 2355 476 2422 terGalei
504 2354 797 2442 opuscula
821 2353 1251 2440 mythologice,
1282 2354 1534 2443 physica
1567 2366 1632 2421 et
1646 2355 1847 2422 ethica
1862 2377 1923 2441 p.
1944 2350 2245 2437 139sqq.,

172 2462 267 2545 qui
298 2481 446 2524 cum
476 2457 729 2522 inlibris
743 2455 1097 2542 vulgaribus
1126 2455 1545 2523 Phurnuto
1575 2458 1817 2524 cuidam
1835 2456 2244 2535 adscribatur,

171 2563 228 2626 in
255 2560 630 2629 melioribus
662 2557 1007 2625 Cornuti
1037 2580 1260 2626 nomen
1291 2580 1440 2646 prae
1469 2582 1538 2627 se
1567 2563 1713 2639 fert,
1748 2560 1928 2645 idque
1960 2581 2036 2625 ea
2067 2577 2246 2645 prae-

173 2667 381 2729 sertim
411 2685 490 2729 re
523 2661 954 2741 confirmatur,
989 2663 1148 2745 quod
1189 2661 1401 2750 Etym.
1422 2661 1516 2728 M.
1552 2685 1607 2730 s.
1630 2688 1695 2729 v.
1717 2658 1899 2737 Ζεύς
1926 2671 2244 2727 auctorem

180 2768 349 2832 affert
363 2764 778 2850 Κορνοῦτον
803 2767 879 2831 ἐν
903 2763 997 2850 τῷ
1025 2768 1181 2852 περὶ
1193 2760 1591 2853 Ἑλληνικῆς
1602 2765 1972 2854 θεολογίας
1999 2783 2236 2842 eorum,

180 2888 323 2952 quae
356 2870 419 2932 in
454 2868 578 2932 boc
610 2865 763 2931 libro
795 2867 1119 2951 leguntur:
1168 2890 1309 2933 nam
1352 2868 1514 2954 quod
1547 2889 1585 2933 a
1612 2867 1956 2956 Porphyrio
1987 2867 2050 2931 in
2079 2866 2241 2931 libro

171 2971 245 3034 de
284 2984 472 3036 antro
514 2968 937 3057 Nympharum
984 2967 1249 3035 Cornuti
1287 2971 1483 3036 verba
1528 2971 1991 3037 commemorari
2029 2969 2243 3036 scribit

171 3070 432 3152 Galeas,
465 3094 749 3139 errorem
776 3074 1003 3139 refellit
1019 3071 1326 3139 Goensius
1355 3078 1447 3160 (p.
1468 3072 1606 3160 85).
1659 3072 1890 3140 Galeus
1916 3072 2239 3151 dubitavit,

165 3195 312 3240 num
334 3187 548 3241 nostro
569 3173 849 3239 Cornuto
866 3175 981 3241 hoc
997 3175 1348 3261 opusculum
1367 3175 1752 3242 tribuendum
1768 3177 1872 3255 sit,
1905 3173 2238 3240 Martinius

159 3299 432 3363 operosa
466 3279 872 3364 disputatione
902 3279 1191 3344 evincere
1221 3279 1489 3360 studuit,
1537 3291 1602 3346 et
1636 3279 1752 3344 hoc
1782 3289 1952 3344 certe
1986 3279 2237 3344 demon·

158 3383 430 3458 stravit,
481 3402 621 3447 esse
671 3383 830 3446 hunc
873 3381 1090 3445 librum
1135 3383 1471 3446 secundum
1515 3381 1766 3446 stoicam
1797 3379 2238 3466 philosophiam

158 3484 593 3570 compositum,
628 3503 816 3568 quare
839 3483 922 3547 Η.
943 3482 1224 3549 Ritterus
1240 3482 1507 3569 (Gesch.
1534 3480 1850 3570 d.*Philos.
1882 3478 1976 3546 1v
1995 3504 2058 3568 p.
2076 3479 2235 3565 202)

161 3655 186 3707 Ι
222 3653 303 3706 De
343 3669 405 3706 eo
442 3653 519 3705 ita
554 3654 796 3720 loquitur
829 3654 1122 3722 Simplicius
1159 3654 1253 3707 fol.
1293 3655 1357 3708 ¹5
1384 3654 1452 3706 be
1484 3648 1875 3722 Ἀθηνόδωρος
1906 3648 1967 3706 ἐν
1997 3651 2077 3720 tq?
2098 3649 2239 3725 πρὸς

220 3721 324 3774 τὰς
350 3719 779 3792 Ἀριστοτέλους
809 3723 911 3790 μὲν
942 3742 1142 3792 κατηγο
1182 3723 1266 3775 lac
1298 3719 1446 3792 ἐπιγε
1480 3723 1735 3805 ραμμένῳ
1784 3717 1976 3791 βιβλίῳ
1997 3760 2012 3785 ,
2060 3719 2238 3790 μόνην

221 3787 283 3843 δέ
320 3791 426 3857 τὴν
460 3786 539 3843 εἷς
572 3793 839 3843 τοσοῦτον
870 3811 914 3843 π
955 3793 1088 3844 ”θοσ
1121 3742 1384 3862 &enipeum
1406 3741 1734 3854 ε’ἔεταζοντι.
1785 3794 1900 3842 Καὶ
1920 3793 2237 3863 Κορνοῦτος

221 3857 283 3912 δέ
321 3857 382 3912 ἐν
418 3855 503 3912 οἷς
533 3858 678 3928 πρὸς
705 3858 929 3925 Ἀθηνό
969 3878 1114 3930 ωρον
1146 3866 1238 3912 καὶ
1267 3857 1657 3930 Ἀριστοτέλην
1693 3856 2000 3945 ἐπέγραψε,
2053 3865 2145 3913 καὶ
2179 3853 2242 3912 σι’

220 3934 349 3996 περὶ
384 3927 486 3982 τὸν
518 3927 773 3982 Λοῦκιον
808 3926 867 3981 δέ
900 3933 991 3981 καὶ
1022 3926 1124 3982 τὸν
1155 3927 1565 3999 Νικόστρατον,
1605 3923 1788 4001 ὥσπερ
1821 3947 1961 3996 προς
1992 3927 2066 3981 τὰ
2099 3924 2235 3981 ἄλλα

218 3996 404 4050 πάντα
439 3995 671 4064 σχεδόν,
728 3994 870 4050 οὕτω
904 4002 995 4049 καὶ
1027 3995 1167 4065 πρὸς
1198 3998 1300 4067 τὴν
1334 3995 1596 4070 διαίρεσιν
1631 3995 2021 4069 ἀπειρήκασιν.

156 4067 189 4116 2
223 4067 304 4119 Cf.
345 4069 408 4121 de
442 4068 798 4121 Athenodoris
835 4069 1039 4120 doctam
1061 4067 1355 4123 Weicherti
1387 4070 1800 4137 disquisitionem
1826 4066 2033 4134 (liuper.
2075 4066 2226 4119 Caes·

220 4139 357 4202 Aug.
398 4138 611 4207 scriptt.
652 4137 772 4189 rell.
823 4153 871 4205 p.
914 4139 981 4194 42
1004 4136 1165 4206 ειη).
