2764 4738
891 403 1618 471 PRoLEGoMENA.
2036 430 2285 476 ccxxix

220 570 337 638 2⁰.
380 570 635 638 Weber
661 570 736 638 de
766 572 962 658 intpp.
996 571 1156 639 Luc.
1191 596 1251 659 p.
1281 573 1379 660 X)
1398 600 1417 639 t
1476 574 1716 640 Paulus
1762 574 2284 666 Constantinopo-

224 674 470 738 Iieamcs
525 673 851 738 emendavi
895 695 1085 738 manu
1140 696 1281 739 mea
1319 678 1516 740 solus.
1607 675 1822 742 Virum
1867 679 1965 762 qui
2010 702 2135 745 non
2172 682 2286 746 l'uit

219 776 656 860 grammaticus
698 796 816 841 nec
856 776 1167 842 inferioris
1219 777 1451 842 ordinis
1510 798 1717 843 curam
1777 779 1843 842 iu
1904 784 2283 847 emendando

220 879 440 943 codice
471 878 784 961 posuisse,
832 898 1010 943 nemo
1041 877 1394 957 mirabitur,
1440 880 1536 963 qui
1570 879 1949 962 meminerit,
1995 895 2282 966 quantum

217 979 483 1043 studium
528 978 759 1061 antiqui
802 975 1071 1043 Romani
1110 980 1174 1043 iu
1217 979 1393 1043 bouis
1434 991 1499 1044 et
1539 981 1874 1046 emendatis
1917 984 2278 1069 scriptorum

218 1079 673 1164 exemplaribus
701 1080 1144 1146 collocaverint
1182 1089 1228 1145 ¹.
1292 1078 1681 1166 Comparent
1716 1083 1782 1146 iu
1824 1083 2284 1169 subscriptioni-

215 1180 331 1245 bns
381 1181 931 1246 illustrissimorum
984 1183 1251 1249 virorum
1308 1183 1593 1259 uomina,
1663 1184 1763 1268 qui
1807 1184 1966 1250 hunc
2010 1186 2279 1251 laborem

218 1306 343 1348 aon
404 1296 643 1367 turpem
704 1294 1024 1368 putarunt,
1100 1296 1167 1348 nt
1226 1282 1511 1348 Turcii
1566 1283 1761 1349 Rufi
1817 1287 2281 1373 Aproniani

217 1385 528 1450 Asterii
562 1396 626 1448 et
654 1380 920 1449 Vettii
949 1386 1238 1470 Agorii
1270 1383 1568 1451 Basilii
1596 1385 2031 1468 Mavortii,
2076 1391 2155 1454 cf.
2191 1388 2274 1454 fl.

215 1483 478 1552 Peerlk.
511 1487 588 1548 ad
621 1484 772 1550 Hor.
804 1508 863 1571 p.
894 1484 1085 1550 XXI.
1147 1484 1416 1571 Insignis
1463 1488 1537 1551 de
1574 1487 1686 1553 hac
1716 1509 1787 1553 re
1819 1501 1916 1555 est
1944 1487 2278 1557 Frontonis

216 1590 390 1654 locus
437 1590 604 1673 (epp.
654 1589 730 1651 ad
777 1586 875 1651 Μ.
925 1586 1111 1653 Caes.
1144 1586 1198 1665 1,
1233 1587 1275 1652 6
1303 1610 1366 1674 p.
1403 1588 1483 1653 15
1529 1590 1630 1653 ed.
1665 1588 1852 1653 Rom.
1901 1589 1990 1670 11,
2031 1591 2064 1655 1
2099 1613 2159 1677 p.
2193 1590 2281 1658 46

216 1689 448 1771 Nieb.)
471 1717 488 1752 e
558 1688 917 1774 (lonay-isse
936 1766 939 1769 Α
957 1691 1116 1776 quid
1150 1693 1279 1755 tale
1319 1690 1421 1757 Μ.
1468 1690 1701 1755 Porcio
1722 1738 1742 1770 ,
1788 1701 1903 1755 aut
1935 1692 2013 1773 Q.
2044 1692 2277 1771 Ennio,

216 1803 329 1856 cut
372 1790 449 1857 C.
492 1790 783 1855 Graccho
800 1837 825 1866 ,
885 1800 1002 1855 aut
1050 1791 1209 1856 Titio
1244 1795 1523 1875 poetae?
1579 1791 1779 1878 quid?
1838 1793 2126 1877 Scipioni
2163 1805 2278 1858 aut

215 1894 557 1959 Numidico
572 1940 597 1972 ,
647 1892 841 1980 qvid?
880 1892 982 1958 M.
1025 1893 1231 1957 Tullio
1263 1894 1389 1958 tale
1415 1914 1535 1957 usu
1564 1894 1778 1957 venit?
1825 1895 2099 1975 Quorum
2129 1895 2284 1959 libri

205 1999 625 2082 pretiosiores
650 1995 961 2059 habentur
987 2006 1049 2060 et
1076 2015 1372 2058 summam
1401 1995 1681 2079 gloriam
1708 1998 2006 2072 retinent,
2038 1998 2103 2059 si
2124 2007 2276 2060 sunt

217 2141 238 2159 .
288 2143 311 2161 .
357 2096 799 2182 Lampadione
838 2108 948 2162 aut
990 2096 1281 2163 Staberio
1326 2106 1445 2160 aut
1486 2143 1503 2160 .
1544 2143 1561 2160 .
1599 2141 1618 2160 .
1656 2143 1674 2161 .
1709 2098 1784 2161 αἱ
1832 2106 1945 2160 auc
1991 2098 2274 2179 [Tirone]

214 2210 331 2263 ma
373 2197 572 2264 Aelio
608 2244 853 2263 .....
898 2208 1009 2263 aut
1050 2197 1277 2263 Attico
1318 2207 1436 2261 aut
1468 2198 1716 2283 Nepote
1751 2205 1801 2261 ².
1874 2198 2033 2264 Mea
2070 2203 2276 2264 oratio

212 2300 471 2366 extabit
497 2300 601 2367 Μ.
642 2298 936 2365 Caesares
967 2320 1153 2365 manu
1191 2304 1458 2386 scripta.
1522 2299 1698 2385 Quae
1742 2320 2096 2385 quamquam
2143 2324 2274 2367 mu-

211 2406 320 2470 tila
355 2412 384 2447 ³
413 2416 620 2468 tamen
651 2405 828 2470 facile
855 2415 1110 2490 possunt
1137 2404 1427 2488 intelligi,
1463 2414 1526 2469 et
1553 2415 1805 2489 apparet
1833 2404 1977 2470 inde
1996 2451 2016 2483 ,
2049 2405 2113 2468 in
2139 2405 2274 2491 ipso

218 2608 242 2661 1
283 2607 372 2660 Cf.
410 2622 543 2675 quac
578 2608 842 2673 congessit
877 2607 1084 2660 Walcb.
1125 2609 1189 2660 dc
1226 2615 1338 2661 arte
1374 2608 1520 2659 critt.
1558 2614 1689 2658 vett.
1731 2606 1872 2658 Rom.
1911 2607 1976 2670 11,
2017 2609 2066 2660 5.

213 2696 249 2751 2
284 2694 778 2760 Lampadionis
813 2695 1132 2758 grammatici
1168 2693 1340 2757 (Suet.
1369 2709 1449 2758 gr.
1475 2694 1533 2758 2)
1569 2708 1725 2744 manu
1760 2692 2080 2744 emendatum
2119 2691 2270 2743 Ennii

283 2763 553 2825 exemplar
585 2770 942 2813 commemorat
978 2762 1179 2814 Gellius
1217 2762 1436 2828 (XViil,
1474 2764 1559 2823 5>;
1599 2761 1954 2812 Staberins
1988 2761 2156 2824 (Suet.
2186 2777 2269 2825 gr.

282 2832 373 2883 1³.
415 2831 552 2882 Piis.
582 2830 810 2895 XXXV,
840 2832 926 2896 17,
955 2833 1073 2896 58),
1125 2838 1179 2883 et
1213 2832 1461 2882 Aelius
1498 2831 1714 2892 stilo,
1766 2837 1824 2880 nt
1858 2832 2012 2881 etiam
2048 2829 2274 2880 Hensdio

282 2901 374 2963 (de
412 2899 472 2949 1..
515 2899 630 2950 ΑοΙ.
668 2898 787 2950 Stil.
828 2916 879 2966 p.
917 2902 985 2952 42
1008 2900 1108 2967 sq.)
1160 2901 1402 2962 videtur,
1486 2900 1538 2950 ui
1585 2900 1648 2950 de
1697 2899 1850 2949 buius
1899 2914 2012 2949 cum
2066 2897 2272 2949 Metello

280 2968 559 3021 Numidico
606 2969 977 3018 consuetudine
1023 2969 1295 3031 admonet,
1356 2968 1466 3018 cele
1506 2983 1588 3019 res
1648 2967 1991 3030 grammatici.
2069 2966 2268 3027 Tiro,

280 3045 535 3104 qnantum
584 3036 810 3088 studium
858 3036 1186 3100 adbibuerit,
1240 3044 1299 3087 ut
1343 3038 1546 3103 patroni
1593 3036 1674 3086 sui
1722 3036 1843 3086 libri
1881 3035 2148 3086 emendate
2183 3051 2274 3086 cx-

280 3114 492 3155 stas-eat
509 3141 525 3168 ,
563 3113 739 3156 notum
759 3112 841 3155 est
862 3121 975 3156 cum
1000 3121 1063 3155 cx
1090 3106 1199 3172 ipso
1223 3105 1491 3168 Cicerone,
1532 3114 1634 3156 tum
1663 3121 1726 3154 ex
1752 3102 1942 3167 Gellio,
1981 3103 2047 3154 ci'.
2083 3103 2270 3167 Eugei-

281 3176 546 3237 bronoer,
585 3174 648 3224 dc
687 3173 755 3224 M.
784 3172 959 3224 Tullio
985 3172 1178 3224 Tirone
1200 3190 1247 3239 p.
1277 3174 1341 3226 37
1366 3191 1477 3240 sqq.
1516 3172 1811 3224 Atticum
1838 3187 2068 3236 magnam
2095 3188 2268 3222 curam

280 3243 543 3307 gessisse,
583 3251 642 3293 nt
666 3242 929 3293 Ciceronis
963 3245 1157 3309 scripta
1194 3242 1257 3293 ab
1295 3242 1515 3293 cruditis
1552 3242 1783 3292 librariis
1818 3242 2043 3292 fideliter
2074 3241 2273 3291 descri-

281 3314 566 3372 berentur,
618 3311 748 3361 satis
798 3318 1030 3373 constat,
1087 3328 1140 3361 v.
1192 3311 1482 3362 iiulleman.
1532 3310 1688 3361 diatr.
1739 3310 1788 3360 io
1837 3308 1899 3360 T.
1942 3309 2266 3376 Pomponium

281 3382 513 3432 Atticum
550 3396 598 3447 p.
642 3380 740 3432 173
768 3395 913 3446 sqq.;
963 3380 1125 3447 ipsum
1179 3381 1574 3431 emendatricem
1612 3394 1814 3429 manum
1854 3377 2106 3428 adiecisse
2143 3377 2270 3427 alibi

278 3451 531 3500 traditum
572 3464 668 3499 oon
706 3456 803 3498 est.
845 3447 973 3499 Nam
1010 3449 1075 3498 ad
1113 3448 1377 3500 Ciceronis
1413 3450 1628 3499 amicum
1662 3447 1710 3497 h.
1743 3448 1778 3497 l.
1819 3447 1990 3512 potins
2027 3447 2266 3508 referam,

315 3534 431 3568 uam
459 3519 525 3568 ad
552 3517 694 3567 illum
720 3519 947 3568 Atticum
965 3554 979 3580 ‚
1018 3518 1165 3568 cuius
1191 3518 1425 3583 peritiam
1459 3519 1510 3568 in
1535 3515 1891 3567 describendis
1916 3515 2061 3566 codd.
2089 3515 2269 3565 laudat

276 3535 578 3647 lucianus,
617 3585 684 3636 εἰ.
726 3585 954 3652 Sauppe,
994 3602 1077 3652 ep.
1106 3586 1225 3637 crit.
1255 3602 1302 3651 p.
1335 3585 1419 3638 50.
1458 3584 1648 3637 Corn.
1685 3581 1990 3650 Nepotem
2028 3584 2268 3635 Ciceroni

275 3658 499 3707 amicum
554 3654 716 3705 fuisse
768 3654 902 3720 (Cic.
941 3655 1006 3704 ad
1041 3655 1153 3706 Αιι.
1191 3653 1336 3717 XVI,
1376 3655 1470 3718 5),
1523 3654 1586 3705 ad
1631 3668 1744 3703 eum
1783 3652 2026 3718 epistolas
2066 3653 2268 3703 dedisse

273 3726 444 3788 (Lact.
487 3723 527 3775 Ι.
567 3723 629 3774 Ι).
671 3721 759 3785 111,
802 3723 886 3787 15,
928 3723 1055 3788 1⁰),
1106 3725 1168 3774 de
1204 3726 1316 3773 eius
1352 3725 1464 3773 vita
1499 3724 1771 3788 scripsisse
1821 3719 1987 3785 (Gen.
2022 3719 2138 3785 XV,
2175 3722 2267 3784 28)

274 3794 489 3844 aliunde
527 3800 704 3843 uotum
742 3790 869 3856 fuit,
907 3793 1099 3859 scripta
1129 3790 1395 3843 Ciceronis
1432 3807 1544 3842 eum
1580 3790 1878 3840 emendasse
1903 3804 2108 3840 novum.
2146 3788 2266 3840 Alia

276 3865 480 3913 aomina
532 3861 673 3913 haud
713 3860 868 3911 dubie
904 3867 1020 3927 post
1053 3861 1253 3912 Aelium
1288 3866 1681 3912 commemorata
1715 3864 1898 3923 eraut,
1944 3858 2032 3909 ubi
2082 3859 2264 3910 lacuna

276 3941 358 3984 est
393 3932 509 3999 plns
546 3945 699 3998 qnam
737 3930 949 3981 duorum
987 3945 1249 3981 versuum.

208 4018 240 4070 ³
274 4019 352 4070 1-:2
388 4020 464 4069 ita
501 4016 750 4069 restituit
782 4013 1058 4067 liesslerus
1107 4016 1159 4067 in
1196 4021 1571 4082 programmate
1606 4013 1813 4064 scholae
1847 4009 2179 4063 Roslebensis
2214 4026 2262 4059 a.

279 4089 412 4141 1828
446 4104 500 4155 p.
543 4086 611 4139 62
661 4084 728 4137 Si
746 4090 878 4137 sunt
908 4085 1173 4154 descripti
1204 4100 1238 4136 a
1275 4081 1640 4152 Lampadione
1651 4116 1675 4145 ,
1714 4081 2093 4212 alig*Stabeo·Io
2110 4113 2130 4142 ‚
2166 4084 2265 4128 aut
