2764 4738
873 404 1672 490 ammoneris*
2125 449 2251 490 m

196 596 430 661 Albani
473 596 681 672 (indic.
731 598 917 681 antiq.
959 619 1025 661 n.
1078 593 1274 681 101),
1325 597 1534 661 nescio
1578 593 1790 678 quibus
1831 593 1904 661 de
1946 594 2143 660 causis
2173 595 2250 661 iis

200 701 458 764 inditum
503 708 548 762 ¹.

372 800 527 867 Non
571 802 880 867 concessit
919 812 1140 866 natura
1178 798 1400 864 Persio
1439 799 1683 883 longam
1727 798 1911 864 vitam
1935 843 1954 876 ,
2013 797 2121 863 sed
2159 798 2251 863 iu·

200 922 426 967 venem
484 904 799 968 indefesso
854 906 1054 968 studio
1119 902 1500 968 laborantem
1559 901 1872 964 immatura
1926 920 2092 964 mors
2146 900 2252 965 ab·

200 1006 444 1069 sumsit.
495 1005 667 1071 Vitio
700 1005 993 1072 stomachi
1024 1004 1291 1070 decessit
1318 1005 1382 1066 in
1411 1003 1676 1086 praediis
1706 1003 1833 1067 suis
1864 1003 1939 1066 ad
1974 1012 2254 1068 octavum

200 1107 526 1172 miliarium
583 1110 723 1173 viae
782 1109 1013 1192 Appiae
1058 1104 1213 1172 VIII
1266 1104 1391 1169 kal.
1453 1102 1610 1169 Dec.
1675 1101 1747 1167 P.
1807 1102 2106 1184 Mario,
2168 1102 2249 1169 L.

200 1211 506 1273 Asinio
562 1210 793 1276 Gallo
856 1207 1038 1274 Coss.
1100 1210 1188 1289 (a.
1225 1230 1286 1270 u.
1322 1230 1380 1271 c.
1415 1204 1564 1287 815,
1599 1227 1659 1290 p.
1695 1203 1844 1271 Chr.
1879 1205 2032 1296 62),
2096 1228 2254 1272 anno

204 1313 431 1376 aetatis
462 1310 778 1377 XXVIII.

380 1413 485 1479 Ne
518 1415 630 1480 boc
662 1416 900 1499 quidem
944 1413 1265 1479 satirarum
1307 1434 1456 1496 opus
1486 1412 1779 1496 perticere
1812 1410 1864 1474 ei
1895 1409 2096 1486 licuit,
2146 1410 2256 1474 sed

205 1515 625 1599 imperfectum
657 1519 933 1601 reliquit,
983 1527 1046 1582 et
1076 1527 1143 1579 ut
1172 1515 1267 1580 edi
1304 1525 1551 1600 posset,
1592 1534 1806 1578 versus
1837 1513 2075 1596 quidam
2108 1511 2256 1577 abii·

210 1619 426 1685 ciendi.
447 1630 656 1699 erant,
706 1621 861 1704 quod
894 1630 1062 1684 recte
1093 1620 1178 1682 ita
1206 1618 1579 1681 intellectum
1612 1626 1743 1691 est,
1779 1626 1845 1678 ut
1874 1636 1998 1678 uon
2028 1614 2257 1679 satirae

209 1733 431 1785 sextae
476 1722 665 1785 ultimi
710 1743 925 1787 versus
973 1720 1158 1785 ablati
1214 1729 1609 1804 putarentur,
1661 1736 1811 1801 quae
1869 1728 1933 1780 et
1982 1716 2260 1781 absoluta

212 1834 307 1885 est
339 1844 537 1906 neque
571 1823 776 1887 ultima
806 1845 842 1886 a
884 1834 1061 1907 poeta
1102 1823 1326 1905 scripta
1372 1842 1511 1885 esse
1554 1820 1833 1898 videtur,
1882 1822 1993 1886 sed
2025 1834 2091 1887 ut
2117 1845 2260 1889 ver-

211 1947 317 1989 sus
349 1927 610 2009 aliquot,
660 1927 757 2009 qui
788 1945 984 1989 novae
1016 1924 1241 1989 satirae
1285 1922 1523 1986 initium
1568 1924 1880 2004 facerent,
1927 1926 2262 1989 reiiceren·

212 2038 352 2105 tur,
412 2048 489 2090 ne
536 2026 674 2111 quid
724 2030 1049 2091 satirarum
1107 2026 1264 2090 liber
1320 2024 1860 2108 complecteretur,
1925 2027 2079 2111 quod
2138 2048 2261 2090 non

212 2130 550 2214 perfectum
598 2140 785 2193 esset.
872 2131 1219 2212 Antequam
1272 2148 1421 2191 vero
1475 2128 1538 2190 in
1594 2126 1891 2212 publicum
1951 2130 2261 2207 ederetur,

215 2229 573 2307 Cornutus,
624 2234 777 2315 quod
814 2242 991 2316 pocta
1022 2233 1150 2315 ipse
1180 2231 1300 2294 iam
1344 2231 1553 2294 facere
1605 2251 1727 2294 non
1770 2232 1998 2316 potuit,
2046 2232 2264 2295 satiras

211 2335 584 2400 retractavit
616 2341 678 2413 2,
739 2335 783 2397 i.
819 2356 879 2400 e.
928 2331 1334 2398 emendatrice
1381 2352 1563 2396 manu
1607 2333 1792 2412 vitia,
1840 2333 2073 2419 siquae
2105 2335 2264 2398 forte

212 2447 683 2514 remanserunt,
746 2435 1070 2516 abstersit,
1132 2447 1194 2499 et
1251 2446 1438 2498 totum
1493 2435 1823 2519 expolivit,
1886 2437 1990 2501 sed
2045 2437 2268 2502 leviter

212 2551 451 2603 tantum
472 2587 492 2618 ,
542 2561 620 2604 ne
667 2539 899 2604 scilicet
928 2538 1288 2622 corrigendo
1322 2547 1384 2599 et
1414 2537 1792 2602 emendando
1823 2538 2082 2602 alienum
2117 2560 2266 2625 opus

213 2642 549 2706 redderet:
600 2653 743 2705 tunc
786 2638 1008 2705 Caesio
1051 2635 1283 2715 Basso,
1332 2639 1432 2722 qui
1477 2638 1587 2703 hac
1632 2660 1700 2704 re
1745 2641 2068 2705 amicitiam
2099 2662 2267 2705 suam

213 2745 488 2830 profiteri
518 2744 734 2821 voluit,
770 2743 1017 2806 tradidit
1046 2740 1368 2803 edendum.
1420 2739 1726 2806 Habemus
1759 2743 1854 2806 bic
1883 2743 2071 2828 igitur
2100 2745 2266 2807 claro

212 2846 574 2911 testimonio
605 2846 887 2909 traditum
911 2893 930 2925 ,
978 2843 1134 2928 quod
1167 2842 1344 2906 bodie
1377 2842 1453 2907 de
1487 2853 1577 2906 tot
1603 2843 1774 2908 libris
1806 2865 2037 2909 summo
2068 2844 2267 2908 studio

215 2951 642 3013 demonstrare
684 2949 932 3012 student
976 2949 1206 3028 critici,
1254 2970 1376 3012 non
1425 2967 1563 3012 esse
1612 2967 1718 3011 eos
1748 2946 1823 3010 ab
1855 2958 2105 3012 auctore
2135 2946 2267 3033 ipso

217 3088 242 3139 1
285 3086 550 3149 nongenti
587 3084 947 3150 iconograpbi·
986 3083 1211 3135 Romans
1247 3100 1344 3135 non
1382 3085 1524 3152 potui
1561 3085 1671 3149 uti,
1724 3083 1894 3136 nescio
1941 3100 2095 3149 ergo,
2149 3099 2271 3136 num

285 3156 411 3223 quid
451 3155 726 3216 attulerit,
767 3154 896 3220 quod
935 3168 965 3202 a
1004 3169 1107 3202 rem
1146 3161 1372 3204 nostram
1412 3155 1690 3221 pertineat.

214 3225 250 3280 2
288 3224 491 3276 Vereor
528 3240 589 3273 ne
627 3223 765 3273 iusto
800 3223 1018 3272 calidius
1055 3223 1104 3271 iu
1144 3223 1254 3271 vitu
1303 3224 1521 3289 antiqua,
1563 3239 1612 3288 p.
1651 3221 1752 3275 236
1780 3237 1857 3287 sq.
1909 3235 1937 3270 o
1971 3219 2086 3271 cod.
2126 3219 2268 3270 Flor.

288 3292 575 3358 receperim
612 3296 891 3352 correxit,
929 3292 1060 3357 quod
1099 3292 1342 3341 librarius
1379 3299 1553 3342 uotum
1593 3291 1694 3341 sibi
1730 3291 1945 3341 verbum
1982 3288 2272 3353 reposuisse

289 3364 503 3412 videtur
540 3378 630 3428 pro
654 3364 1010 3423 retractavit,
1050 3376 1147 3426 quo
1171 3360 1320 3410 codd.
1349 3367 1477 3411 cett.
1510 3361 1679 3427 potius
1706 3356 2027 3425 corruptelae
2053 3358 2270 3417 ducunt,

288 3432 524 3498 quodque
560 3432 754 3481 iustum
792 3429 843 3479 iu
882 3429 977 3479 buc
1019 3445 1075 3479 re
1112 3428 1416 3479 vocabulum
1451 3437 1548 3480 est.
1590 3428 1895 3479 Retractere
1921 3426 2054 3476 enim
2080 3426 2274 3476 dicitnr

288 3501 516 3565 scriptor
548 3514 639 3559 es,
689 3513 818 3564 quse
864 3513 976 3548 cum
1018 3498 1179 3562 primo
1215 3499 1408 3561 impetu
1447 3498 1697 3561 fudisset,
1748 3498 1848 3547 inm
1884 3495 2183 3561 expoliendo
2219 3503 2274 3546 et

286 3564 591 3631 corrigendo
642 3566 854 3616 editioni
907 3572 1209 3632 praeparat:
1264 3566 1337 3616 ita
1385 3568 1446 3617 de
1483 3566 1702 3628 Virgilio
1740 3566 1932 3616 dicitur
1967 3565 2097 3630 apud
2135 3562 2268 3615 Gen.

287 3635 450 3698 xvlt,
492 3637 577 3688 1⁰.
617 3633 801 3685 Postea
828 3633 896 3683 ibi
922 3635 1222 3700 praesertim
1252 3636 1492 3701 usurpari
1520 3636 1760 3693 videtur,
1789 3633 1875 3684 ubi
1906 3648 1987 3694 ea,
2016 3648 2146 3697 quse
2173 3634 2271 3683 iam

291 3709 520 3755 recitata
556 3712 700 3766 sunt,
739 3704 926 3754 iterata
964 3719 1089 3753 cura
1114 3703 1500 3769 perpoliuntur,
1540 3711 1598 3754 ut
1624 3704 1863 3754 edantur.
1905 3701 1979 3752 lta
2006 3702 2272 3753 Curiatius

287 3773 557 3830 Haternus
607 3773 852 3822 Catonem
939 3779 1019 3822 ost
1072 3772 1426 3823 recitationem
1480 3773 1729 3823 edendum
1794 3777 2049 3822 retractat
2117 3770 2269 3835 (Tac.

290 3843 419 3893 dial.
457 3841 546 3907 3),
610 3841 852 3892 similiter
900 3788 1101 3891 Bliuins
1162 3842 1421 3891 orationes
1473 3841 1608 3907 (epp.
1650 3839 1717 3904 V,
1757 3842 1809 3900 8,
1849 3840 1898 3892 6.
1942 3838 2035 3902 IX,
2081 3839 2162 3900 10,
2205 3839 2273 3901 33

289 3913 380 3975 4⁰,
419 3913 472 3966 2.
514 3916 567 3961 et
601 3909 691 3974 lv,
731 3911 784 3972 9,
815 3910 867 3973 3,
905 3910 991 3959 ubi
1028 3917 1109 3960 est
1145 3909 1334 3961 leviter
1368 3909 1715 3974 retractare).
1754 3909 1985 3974 Denique
2023 3922 2275 3972 gramma·

290 3980 386 4031 tici
436 3980 667 4030 carmina
712 3993 891 4046 parum
941 3979 1107 4029 adbuc
1157 3978 1427 4042 divulgata
1464 3979 1549 4029 vel
1585 3978 1936 4029 defunctorum
1975 3979 2272 4039 amicorum,

289 4050 375 4100 vel
411 4050 454 4100 si
493 4063 709 4115 quorum
744 4048 959 4098 aliorum
997 4046 1334 4113 probassent,
1363 4046 1668 4111 diligentius
1706 4054 1992 4098 retractare
2029 4046 2278 4095 dicuntur

293 4118 463 4183 (Suet.
506 4117 587 4169 iu.
626 4132 838 4183 gramm.
876 4117 930 4177 2,
981 4115 1071 4168 ubi
1106 4116 1231 4168 item
1264 4119 1501 4170 recitare
1538 4118 1588 4169 in
1626 4115 1771 4168 codd.
1811 4115 2113 4182 quibusdum
2148 4113 2273 4178 est).
