2764 4738
845 452 1011 513 SAT.
1057 453 1103 526 Ι,
1132 457 1214 516 83
1245 484 1330 499 --
1359 457 1463 516 87.
2055 450 2177 517 101

178 643 369 706 qnoque
397 621 582 683 dativo
610 623 835 695 utimur,
867 644 1054 704 quem,
1102 627 1151 683 si
1190 624 1366 696 velis,
1415 622 1689 683 commodi
1731 643 1922 683 voces.
1976 623 2181 706 Neque

175 712 299 770 enin
326 729 444 770 cum
481 708 691 769 Haasio
736 706 830 783 (ad
862 708 1082 788 Reisig.
1128 729 1216 788 gr.
1251 710 1348 770 lat.
1398 710 1583 788 §379
1625 730 1684 789 p.
1720 712 1867 782 681)
1905 711 2184 789 pm'cula

174 798 341 875 cupiti
362 797 601 874 iungam.
649 792 843 872 Auget
869 796 1205 873 gravitatem
1235 797 1351 866 rei,
1397 793 1545 874 quod
1577 814 1756 855 senex
1781 805 1891 865 est,
1931 797 2025 874 qui
2056 794 2184 855 dum

174 881 452 961 periculum
477 877 792 939 defendere
823 878 1034 952 studet,
1066 891 1253 940 tamen
1284 879 1339 939 id
1374 881 1718 959 potissimum
1753 881 1905 959 agit,
1952 890 2014 939 ut
2045 881 2184 940 arti-

174 966 343 1025 ficiose
385 967 646 1046 loquatur
694 975 756 1025 et
794 963 1134 1025 audientium
1188 964 1409 1025 laudem
1466 976 1844 1046 assequatur,
1887 967 2053 1045 quale
2096 978 2188 1026 est

175 1049 287 1111 illud
313 1053 605 1122 decenter,
639 1047 788 1132 quod
814 1050 1000 1110 solent
1026 1051 1341 1110 acclamare
1376 1057 1456 1122 (v.
1486 1049 1558 1110 ad
1589 1071 1644 1110 v.
1687 1055 1820 1124 49).
1909 1052 2187 1131 Tepidum

178 1147 337 1197 autem
364 1136 419 1197 id
444 1146 635 1207 vocat,
670 1137 799 1216 quia
827 1156 938 1194 non
971 1137 1146 1196 animi*
1163 1156 1302 1196 vere
1334 1137 1597 1196 commoti
1623 1147 1746 1205 est,
1786 1147 1849 1195 ut
1882 1149 2188 1218 exspectes

177 1224 223 1280 in
245 1223 331 1281 tali
351 1242 504 1294 casu,
523 1220 629 1280 sed
660 1221 962 1281 affectatae
987 1221 1373 1282 admirationis
1392 1223 1902 1302 ostentationisque
1933 1224 2187 1300 signum3

177 1327 293 1368 vere
321 1319 504 1367 autem
548 1306 919 1379 Quintilianus
955 1306 1127 1381 (VIII,
1170 1312 1229 1378 3,
1264 1311 1404 1379 13);
1468 1306 1573 1366 Ubi
1614 1327 1710 1366 res
1742 1309 1947 1386 agitur,
1993 1309 2189 1389 iuquit,

177 1405 229 1451 ct
257 1412 384 1452 vera
425 1390 715 1452 dimicatio
760 1404 884 1464 est,
930 1395 1154 1452 ultimus
1201 1394 1276 1451 sit
1306 1394 1492 1453 famae
1532 1392 1722 1464 locus;
1752 1394 1828 1452 cf.
1862 1392 1963 1464 XI,
1996 1399 2052 1465 1,
2086 1398 2187 1456 50.

177 1477 476 1557 Exemplum
498 1479 666 1537 sumit
702 1497 736 1537 a
761 1479 982 1552 Pedio,
1010 1480 1103 1559 qui
1119 1480 1438 1556 gravissimi
1465 1479 1710 1537 criminis
1741 1498 1875 1538 reus
1893 1523 1910 1551 ,
1941 1499 2051 1537 non
2080 1490 2191 1537 tam

177 1564 270 1622 boe
296 1563 504 1624 diluere
536 1574 793 1635 conatur,
819 1584 982 1645 quam
1010 1576 1191 1624 artem
1224 1575 1539 1635 ostentare,
1555 1576 1615 1623 et
1638 1566 1693 1623 in
1726 1584 1796 1624 ea
1812 1584 1877 1625 re
1913 1564 2190 1623 laudatur.

177 1650 367 1709 Pedius
404 1648 478 1709 ab
519 1647 756 1708 Horatio
798 1648 953 1724 (Sat.
987 1650 1031 1722 I,
1084 1655 1181 1722 10,
1224 1653 1330 1723 28)
1381 1647 1534 1710 inter
1590 1650 1851 1710 celebres
1893 1669 2191 1710 causarum

178 1745 421 1813 patronos
453 1737 790 1807 nominatur,
831 1746 1134 1816 potestque
1183 1734 1418 1795 Persius
1466 1735 1537 1794 ab
1565 1755 1636 1794 eo
1676 1736 1782 1795 hoc
1816 1755 2014 1795 nomen
2044 1757 2197 1795 sum-

180 1822 306 1880 sisse
344 1840 414 1880 eo
449 1822 672 1880 facilius
715 1823 974 1894 censeri,
1023 1824 1151 1902 quia
1196 1821 1270 1880 ibi
1303 1842 1525 1902 quoque
1553 1821 1627 1881 de
1671 1822 1822 1881 furto
1854 1842 2041 1881 sermo
2077 1833 2189 1882 est.

178 1904 366 1966 Verum
399 1928 433 1965 a
457 1906 692 1966 Nerone
721 1909 938 1966 Pedius
973 1909 1272 1980 Blaesius,
1307 1927 1471 1987 quem
1518 1906 1882 1986 Cyrenenses
1925 1920 2196 1988 repetun-

178 1989 348 2052 darum
389 2003 761 2064 accusarunt,
805 1992 1097 2053 damnatus
1137 2004 1198 2053 et
1257 2005 1457 2053 senatu
1498 2005 1682 2053 motus
1728 2005 1820 2053 est
1851 1993 2013 2067 (Tac.
2045 1992 2194 2054 Anu.

180 2075 316 2150 xlv,
353 2082 472 2149 183
518 2079 595 2138 cf.
634 2078 775 2137 nist.
811 2078 856 2150 1,
897 2084 1001 2149 77,
1044 2079 1142 2138 ubi
1167 2076 1312 2138 idem
1357 2080 1428 2138 ab
1459 2078 1680 2139 Othone
1721 2081 2016 2139 restitutus
2064 2100 2197 2139 esse

179 2169 465 2236 narratur).
527 2163 646 2223 Hoc
690 2165 899 2224 factum
951 2175 1042 2224 est
1091 2184 1151 2225 a.
1198 2168 1344 2236 813,
1376 2163 1593 2223 duobus
1631 2167 1792 2225 anuis
1843 2177 1975 2225 ante
2014 2164 2199 2225 Persii

177 2260 413 2321 nortem,
443 2260 503 2309 et
531 2250 637 2307 nisi
665 2269 871 2321 sumas,
891 2260 1021 2309 ante
1051 2249 1160 2309 hoc
1194 2260 1414 2330 tempus
1448 2252 1711 2329 scriptam
1746 2252 1852 2310 iam
1888 2270 2020 2310 esse
2052 2251 2199 2310 banc

176 2337 407 2406 satiram,
437 2355 549 2416 qua
577 2331 647 2393 de
687 2354 750 2394 re
783 2335 917 2395 nibil
949 2346 1208 2408 constet,
1251 2356 1361 2395 non
1409 2337 1590 2416 potuit
1631 2356 1739 2396 non
1790 2356 1860 2397 eo
1904 2337 2199 2416 respicere

174 2419 407 2481 Persius.
464 2420 669 2501 Neque
702 2419 757 2479 id
788 2442 822 2480 a
850 2440 913 2480 re
937 2421 1225 2481 abhorret.
1298 2421 1442 2481 Nam
1472 2423 1518 2481 si
1549 2442 1689 2482 vere
1729 2422 1862 2481 furti
1909 2420 2201 2482 damnatus

174 2517 287 2565 crat
308 2504 537 2577 Pedius,
564 2516 721 2564 tanto
736 2509 916 2584 magis
941 2505 1218 2586 indignari
1239 2526 1345 2585 par
1376 2519 1521 2580 erat,
1555 2506 1700 2588 quod
1731 2509 1785 2566 in
1821 2526 1891 2566 eo
1923 2510 2044 2566 viro
2081 2511 2204 2567 ina-

173 2594 251 2650 nis
273 2593 366 2651 illa
396 2603 455 2651 et
485 2593 678 2651 fucata
703 2595 884 2651 oratio
930 2590 1001 2650 ad
1034 2594 1472 2653 ostentationem
1512 2604 1712 2652 ornata
1747 2590 1963 2651 laudari
2003 2596 2201 2671 potuit.

172 2680 278 2738 Ait
296 2679 373 2737 cf.
407 2676 476 2736 ad
508 2697 563 2734 v.
598 2681 701 2739 40.
774 2679 1109 2737 ΛητίεΙιετιὶς
1163 2685 1320 2751 (nota
1361 2678 1542 2758 ligura
1583 2679 1890 2749 rhetorica,
1930 2698 1985 2736 v.
2014 2678 2227 2751 Quint.⁴
2256 2680 2271 2693 “
2496 2650 2503 2693 1
2560 2682 2565 2695 ‘

174 2762 263 2835 IX,
288 2767 353 2835 3,
384 2766 461 2825 81
503 2766 652 2843 sqq.)
684 2765 844 2822 rasis
874 2765 914 2822 i.
953 2782 1005 2822 e.
1044 2783 1258 2824 summa
1292 2777 1417 2824 arte
1448 2765 1712 2842 expolitis
1741 2763 1839 2837 (cf.
1859 2765 2000 2823 lima
2030 2783 2231 2823 rasus.
2324 2794 2329 2797 μ
2388 2782 2411 2807 a*
2434 2802 2437 2813 .
2460 2773 2483 2801 ί·

176 2848 314 2908 liber
340 2869 432 2928 ap.
467 2846 630 2906 Ovid.
677 2867 751 2906 ex
783 2847 963 2906 Ponto
995 2847 1063 2919 11,
1094 2854 1155 2920 4,
1193 2854 1318 2922 17),
1364 2849 1557 2910 librat
1582 2850 1815 2909 crimina
1834 2891 1850 2918 ‚
1901 2850 2030 2929 quia
2059 2860 2120 2908 ut
2150 2850 2241 2917 ἰιιιἱ

174 2945 399 3015 utraque
427 2933 609 2993 librae
637 2934 797 2993 lance
843 2930 1093 3012 pondera
1136 2944 1197 2993 et
1230 2954 1324 2993 res
1364 2954 1509 3015 quae
1555 2933 1900 3014 ponderatur
1938 2935 2045 2993 sibi
2073 2954 2210 2993 con-

176 3027 572 3099 traponuntur,
625 3028 686 3076 ut
725 3030 1075 3099 aequentur,
1109 3021 1189 3078 ita
1213 3018 1319 3078 bac
1351 3020 1532 3097 figura
1563 3020 1850 3080 contraria
1879 3016 1991 3078 sibi
2034 3040 2211 3099 oppo-

177 3116 386 3164 nuntur.
475 3101 664 3184 Atque
695 3103 800 3163 boc
835 3102 1110 3175 laudatur,
1143 3115 1206 3164 ut
1244 3105 1457 3164 bellum
1488 3112 1565 3177 (v.
1596 3109 1703 3177 49)
1723 3149 1739 3177 ,
1793 3103 1938 3185 quod
1981 3104 2106 3186 quid
2138 3107 2214 3164 sit

178 3192 373 3269 optime
409 3190 742 3268 intelligitur
773 3209 848 3249 ex
892 3189 1141 3249 Martial.
1173 3189 1217 3261 1,
1263 3194 1323 3262 9,
1362 3195 1459 3262 11,
1491 3196 1548 3253 7.
1640 3190 1866 3250 Summa
1914 3193 2086 3268 igitur
2127 3192 2215 3250 in-

180 3273 496 3354 dignatione
539 3274 725 3334 addit:
786 3277 909 3334 Hoc
951 3275 1211 3336 bellum?
1252 3294 1330 3335 un
1371 3277 1608 3335 Romule
1649 3280 1864 3335 ceves?
1910 3277 1947 3333 i.
1991 3295 2044 3335 e.
2092 3273 2215 3335 Hoc

179 3360 426 3420 iudicium
463 3372 573 3419 tam
598 3378 929 3438 perversum
957 3371 1067 3431 est,
1100 3380 1263 3441 quam
1307 3362 1357 3419 si
1386 3360 1652 3421 Romulus
1692 3372 1918 3421 ceveat.
1994 3363 2215 3420 Cevere

180 3446 398 3505 verbum
432 3457 522 3504 est
549 3443 618 3504 de
645 3444 920 3524 pathicis,
972 3447 1067 3525 qui
1101 3448 1158 3504 in
1189 3444 1432 3505 libidinis
1461 3459 1593 3505 actu
1641 3447 1837 3505 clunes
1869 3448 2086 3524 agitant
2113 3447 2214 3519 (cf.

181 3528 284 3590 luv.
316 3531 386 3603 11,
417 3535 523 3593 21.
557 3529 657 3601 IX,
697 3527 801 3593 40.
844 3530 1089 3590 Martial.
1123 3530 1219 3602 111,
1253 3535 1356 3602 95,
1394 3536 1518 3603 13),
1562 3532 1652 3591 cui
1679 3530 2025 3611 respondet,
2068 3529 2218 3613 quod

183 3613 243 3676 de
274 3615 604 3676 mulieribus
640 3626 966 3694 usurpatur,
1013 3619 1274 3677 crzlssare
1313 3623 1391 3689 (v.
1428 3617 1624 3677 Heinr.
1659 3615 1730 3677 ad
1756 3617 1872 3677 luv.
1902 3617 2004 3690 VI,
2036 3622 2211 3690 322).

185 3702 450 3761 Romulus
479 3713 666 3760 autem
692 3701 902 3760 acerbe
933 3712 1173 3760 vocatur
1213 3703 1284 3772 is,
1331 3702 1427 3781 qui
1459 3701 1679 3761 Romuli
1705 3702 1976 3783 Remique
2007 3723 2218 3782 oppro-

183 3783 349 3847 brium
383 3797 478 3845 est
508 3786 738 3860 (Catull.
767 3785 1038 3857 XXVIII,
1067 3791 1192 3858 15),
1218 3784 1363 3846 unde
1395 3786 1647 3867 Lepidus
1677 3786 1747 3848 de
1779 3787 1937 3849 Sulla
1964 3791 2044 3847 ait
2073 3787 2220 3868 apud

189 3868 505 3932 Sallustium
537 3871 714 3944 (bistt.
745 3871 965 3949 frgmm.
998 3872 1040 3944 I,
1069 3876 1133 3944 3)
1161 3891 1410 3932 scaevus
1438 3875 1752 3945 Romulus,
1784 3885 1863 3944 et,
1903 3873 2050 3954 quod
2076 3874 2218 3934 Per-

190 3958 261 4016 sio
287 3969 424 4017 aute
468 3956 667 4016 oculos
713 3969 998 4017 versatum
1029 3977 1163 4017 esse
1195 3970 1364 4037 puto,
1410 3959 1662 4019 Catullus
1706 3959 1955 4032 (XXIX,
1990 3964 2064 4030 5³
2114 3961 2217 4030 10)

194 4044 419 4103 abunde
468 4042 727 4102 Romule.
805 4041 1022 4103 Sensus
1069 4062 1211 4122 ergo
1257 4054 1379 4114 est,
1420 4045 1476 4104 in
1516 4065 1587 4104 eo
1617 4043 1857 4114 iudicio,
1896 4066 2007 4125 quo
2039 4046 2093 4103 in
2125 4044 2225 4103 tali

195 4129 299 4188 viro
344 4148 440 4189 ars
468 4127 791 4188 effeminate
845 4126 1067 4189 dicendi
1107 4127 1395 4201 laudetur,
1440 4140 1648 4190 tantam
1693 4132 2124 4210 perversitatem
2168 4138 2228 4189 et
