2764 4738
478 423 648 465 ccxn
1131 397 1858 462 PROLEGOMENA.

479 569 595 634 ties
627 566 964 633 Bentleiua.
1023 565 1252 633 Variae
1281 567 1581 633 lectiones
1610 566 1808 633 editae
1837 579 1982 632 sunt
2017 563 2274 632 Classic.
2306 564 2534 633 Iourn.

478 666 574 735 IV
602 692 663 755 p·
698 667 824 734 353
854 690 948 753 sq.
996 670 1075 733 cl.
1109 692 1171 755 p.
1207 668 1354 734 120.

647 796 873 869 Varias
903 804 1200 869 lectiones
1232 803 1554 887 adscripsit
1580 800 1658 871 P.
1687 801 1966 869 Daniel
1999 804 2279 890 exemplo
2311 804 2536 869 editio·

477 906 573 971 uis
613 898 1132 991 Foquelinianae,
1189 905 1262 969 ab
1305 915 1556 970 auctore
1602 908 1887 970 secundis
1920 908 2082 971 curis
2113 907 2430 970 emendato
2465 918 2538 972 et

474 1008 845 1091 locupletato
865 1055 885 1087 ,
932 1008 1090 1092 quod
1121 1008 1181 1071 in
1213 1006 1578 1072 bibliotheca
1608 1006 1922 1071 Bet-nensi
1944 1007 2055 1088 (G.
2091 1007 2204 1093 37)
2244 1020 2537 1073 servatur

479 1111 593 1193 (cf.
646 1108 841 1174 Orell.
892 1111 1007 1174 ecl.
1057 1132 1117 1194 p.
1167 1106 1315 1173 192.
1368 1108 1597 1173 Hauth.
1642 1109 1719 1173 ad
1766 1107 1944 1175 Pers.
1979 1121 2098 1176 sat.
2132 1108 2161 1172 1
2194 1131 2255 1196 p.
2287 1107 2434 1194 23),
2492 1131 2533 1174 e

479 1210 691 1297 quibus
724 1211 1007 1294 quasdam
1039 1222 1360 1296 excerptas
1392 1209 1527 1275 dedi
1564 1208 1692 1295 (δ).

654 1342 809 1410 Cod.
871 1346 1224 1411 Ebneriam'
1274 1345 1371 1430 (e)
1440 1344 1885 1410 membranacei
1953 1346 2163 1412 variae
2236 1348 2533 1431 quaedam

476 1449 776 1514 lectiones
831 1448 1029 1513 editae
1077 1458 1220 1511 sunt
1263 1447 1327 1509 in
1374 1447 1644 1512 editione
1685 1445 1929 1526 Persii,
1993 1468 2167 1531 quam
2224 1471 2262 1513 a
2318 1447 2396 1512 G.
2443 1447 2527 1512 F.

482 1545 821 1614 Sebaldo
854 1560 1122 1612 curatam
1165 1545 1217 1612 1.
1251 1545 1345 1611 Μ.
1385 1547 1838 1614 Schmidius
1879 1548 2325 1633 Norimbergae
2359 1548 2532 1615 1765

477 1651 608 1715 aeri
638 1651 880 1729 incisit,
928 1662 989 1715 et
1018 1650 1157 1714 inde
1190 1652 1521 1715 translatae
1564 1652 1626 1715 in
1671 1650 1995 1714 editionem
2041 1650 2533 1737 Norimbergen·

476 1773 605 1817 sem
623 1773 682 1815 a.
706 1749 895 1817 1803.
944 1750 1145 1817 Valde
1162 1752 1509 1829 dolendum,
1541 1752 1713 1817 huius
1732 1753 1870 1815 cod.
1898 1773 2021 1816 non
2047 1764 2293 1817 exstare
2310 1773 2531 1817 omnes

474 1875 584 1923 vv.
617 1855 726 1932 11.,
788 1853 1105 1918 admodum
1159 1854 1317 1917 enim
1361 1853 1764 1918 memorabilis
1807 1865 1936 1933 est,
2006 1865 2069 1919 et
2113 1866 2395 1937 quantum
2441 1875 2533 1918 ex

475 1957 683 2040 paucis
713 1955 1071 2020 lectionibus
1101 1955 1357 2038 intelligi
1390 1967 1626 2040 potest,
1675 1957 1952 2042 proxime
1997 1955 2231 2020 accedit
2272 1957 2348 2020 ad
2380 1955 2526 2041 ΜΡ.

478 2068 542 2122 et
574 2057 752 2121 Rom.
804 2053 898 2120 lta
929 2057 1082 2140 prol.
1120 2053 1202 2120 14
1232 2056 1414 2121 habet
1442 2068 1686 2121 nectar.
1747 2056 2087 2122 Praeterea
2133 2061 2213 2129 cl'.
2263 2058 2336 2120 ad
2368 2059 2525 2141 prol.

475 2156 542 2221 9.
579 2156 683 2221 12.
734 2155 789 2236 1,
825 2156 929 2221 14.
968 2155 1071 2220 18.
1118 2154 1203 2236 11,
1241 2157 1344 2222 18.
1377 2157 1487 2233 21.
1540 2155 1657 2239 111,
1695 2158 1800 2225 12.
1839 2156 1942 2221 13.
1979 2157 2083 2225 14.
2131 2157 2244 2238 lv,
2280 2157 2388 2222 35.
2439 2158 2529 2237 V,

477 2257 587 2325 84.
627 2257 772 2324 145.
809 2257 922 2337 vt,
955 2258 1063 2324 46.

429 2446 442 2460 .
653 2390 809 2458 cod.
844 2395 1126 2472 pithoei,
1169 2419 1344 2481 quem
1375 2397 1504 2480 ipse
1537 2393 1595 2458 L
1627 2395 1885 2459 notavit.
1934 2396 2048 2459 Hic
2081 2395 2531 2460 memorabilem

477 2495 686 2561 habuit
712 2497 1169 2583 inscriptionem
1190 2494 1836 2562 THEBAIDORVM
1855 2496 2117 2564 PERSJ
2135 2494 2526 2575 SATYRA,

477 2619 595 2686 qua
626 2599 764 2682 quid
793 2599 1203 2684 significetur,
1240 2618 1352 2662 nec
1381 2596 1677 2665 Pithoeus
1707 2600 2046 2677 intellexit,
2082 2620 2197 2664 nec
2225 2619 2340 2684 ego
2372 2600 2532 2662 divi-

477 2718 629 2763 nare
658 2699 849 2785 potui.
910 2697 1037 2765 lam
1081 2702 1146 2765 in
1176 2702 1456 2787 catalogo
1487 2702 1666 2764 codd.
1702 2724 1849 2766 msa.
1882 2701 2281 2766 bibliothecae
2315 2721 2532 2764 mona-

476 2803 652 2868 aterii
684 2801 1138 2886 sangallensi&
1185 2822 1359 2887 quem
1390 2823 1451 2865 a.
1488 2799 1656 2868 1759
1684 2801 2021 2868 Rolbius
2050 2801 2338 2879 confecit,
2373 2800 2530 2864 haec

475 2905 775 2990 leguntur
802 2901 863 2967 11
895 2927 954 2990 p.
989 2902 1150 2970 3982

644 3020 835 3088 Iidem
877 3022 1014 3088 libri
1058 3018 1364 3088 Iuvenalis
1410 3043 1543 3086 cnm
1574 3023 1734 3087 notis
1767 3024 1958 3088 ferme
1988 3022 2295 3108 perpetuis
2325 3021 2390 3086 in
2422 3043 2530 3087 co·

649 3124 781 3189 dice
827 3122 882 3188 D
926 3146 989 3187 n.
1039 3121 1169 3188 304
1209 3124 1627 3208 antiquissimo
1681 3134 1745 3188 et
1800 3125 2256 3190 membranaceo
2315 3125 2528 3188 seculo

647 3227 828 3290 etiam
863 3223 1001 3288 X¹¹²⁰
1028 3225 1275 3290 circiter
1305 3236 1604 3305 exarato3

480 3339 544 3392 et
573 3350 631 3413 p.
664 3325 830 3394 430:

645 3427 786 3495 Dn.
807 3427 933 3495 304
960 3427 1164 3495 Persii
1193 3427 1402 3494 Flacci
1430 3425 1577 3492 Auli
1611 3423 1872 3514 Satyrae
1906 3426 2355 3492 Thebaidornm
2387 3448 2527 3491 cum

645 3533 884 3618 optimis
929 3533 1090 3596 notis
1142 3529 1573 3615 marginalibus
1624 3542 1687 3593 et
1743 3530 2236 3595 interlinearibus
2292 3531 2357 3593 in
2414 3530 2528 3596 4to

643 3634 899 3698 membr.
933 3634 1121 3699 seculi
1152 3632 1398 3697 circiter
1425 3631 1665 3694 decimi.

474 3749 593 3815 Hic
621 3752 822 3816 codex
851 3751 1006 3815 sicut
1035 3772 1194 3815 nunc
1226 3751 1289 3814 in
1322 3750 1680 3814 bibliotheca
1718 3745 2103 3833 Sangallensi
2136 3769 2258 3811 non
2292 3760 2523 3827 exstat,

474 3853 560 3917 ita
592 3873 669 3917 ne
704 3863 824 3915 tum
856 3853 1093 3934 quidem
1125 3862 1434 3936 superstes
1466 3851 1651 3916 fuisse
1683 3851 1980 3934 putandus
2014 3851 2167 3926 erit,
2209 3870 2341 3912 cum
2372 3845 2528 3914 Rol-

473 3953 609 4018 bius
658 3953 995 4038 catalogum
1035 3953 1474 4017 conscriberet.
1534 3950 1699 4015 Nam
1744 3973 1853 4016 eae
1897 3952 2297 4015 bibliothecae
2343 3951 2417 4014 ab
2449 3972 2526 4015 eo

473 4055 617 4121 inde
649 4068 919 4141 tempore
948 4054 1222 4119 rationes
1252 4056 1534 4132 fuerunt,
1580 4063 1648 4120 ut
1688 4054 1836 4117 nihil
1878 4053 2020 4118 inde
2053 4054 2284 4117 auferri
2314 4065 2530 4137 potue-
