2764 4738
553 406 640 474 94
1272 408 1441 471 8ΑΤ.
1472 409 1516 481 I,
1548 412 1631 474 63
1659 442 1743 455 —-
1774 413 1876 472 65.

557 584 665 639 iam
696 598 806 638 uon
836 596 970 641 esse
1001 581 1496 660 compositionem,
1548 577 1653 641 sed
1684 578 2138 652 modulationem,
2169 577 2317 640 adeo
2346 577 2592 638 blandiri

557 685 680 726 eam
711 674 774 724 et
801 664 1048 725 molliter
1075 666 1208 736 labi,
1239 668 1329 725 cui
1361 664 1585 727 accedit
1613 665 1984 740 Quintilianus
2018 665 2114 740 (V,
2152 669 2253 737 12,
2288 669 2424 738 18),
2457 664 2591 723 dnm

548 751 820 831 queritur,
850 749 1094 810 habitum
1124 753 1397 811 orationis
1425 753 1643 811 virilem
1673 762 1733 809 et
1761 751 1910 810 illam
1943 751 2048 809 vim
2079 752 2279 810 stricte
2319 749 2592 809 robuste·

547 855 656 917 que
700 833 922 895 dicendi
977 847 1181 895 tenera
1224 836 1461 916 quadam
1500 838 1837 896 elocutionis
1881 846 2012 895 cute
2055 837 2303 916 operiri,
2349 846 2407 894 et
2453 834 2585 893 dum

548 922 696 981 levia
726 923 839 980 sint
868 940 938 981 ac
968 920 1175 992 nitida,
1218 933 1481 1001 quantum
1511 923 1738 982 valeant
1780 923 2061 981 nemiuem
2105 940 2332 981 curare.
2420 919 2589 993 Quae

545 1009 653 1066 ium
685 1018 995 1085 sequuntur
1040 1004 1277 1078 iudicia,
1322 1027 1391 1068 ea
1436 1018 1498 1067 ut
1539 1027 1614 1067 ex
1658 1007 1847 1087 populi
1890 1026 1992 1066 ore
2038 1005 2329 1077 desumta,
2357 1007 2586 1065 ratione

541 1092 615 1150 ab
644 1092 895 1151 artificiis
937 1092 1185 1171 repetita
1228 1093 1526 1173 eloquitur.
1593 1092 1974 1164 Marmorarii,
2017 1102 2078 1151 ut
2106 1101 2353 1152 testatur
2382 1089 2583 1150 Scbol.

542 1176 736 1237 Horat.
771 1186 879 1235 sat.
910 1176 954 1248 1,
985 1182 1046 1248 5,
1077 1181 1180 1239 32.
1211 1178 1285 1237 Α.
1322 1178 1386 1237 Ρ.
1417 1182 1563 1241 294.
1599 1176 1761 1239 Serv.
1790 1175 1861 1235 ad
1876 1177 2039 1255 Virg.
2071 1175 2283 1254 Georg.
2314 1174 2388 1249 11,
2433 1180 2586 1247 277,

546 1262 822 1340 unguibus
865 1263 1289 1332 examinabant,
1319 1283 1447 1322 num
1480 1265 1555 1322 ita
1603 1264 1709 1322 sibi
1740 1264 2108 1322 convenirent
2138 1260 2357 1341 lapides
2397 1261 2583 1341 politi,

543 1358 607 1408 ut
641 1349 935 1407 iuncturae
980 1367 1092 1406 nou
1134 1360 1372 1426 possent
1401 1347 1770 1427 deprehendi.
1812 1347 1965 1407 Idem
1997 1348 2280 1425 significat
2310 1344 2585 1405 Sidonius

539 1432 788 1512 Apolliu.
835 1439 987 1511 (epp.
1019 1432 1119 1504 IX,
1151 1438 1238 1506 7),
1282 1436 1376 1513 qui
1420 1446 1670 1494 nostrum
1717 1434 1899 1494 locum
1945 1444 2074 1492 unte
2119 1432 2317 1492 oculos
2347 1431 2582 1491 babuit:

538 1517 880 1592 „Structura
911 1519 1075 1576 fortis
1107 1529 1166 1579 et
1204 1519 1361 1578 firma
1392 1522 1948 1598 coniunctionumque
1978 1518 2400 1596 perfacetarum
2430 1535 2584 1578 nexa

541 1604 797 1664 caesuris
827 1603 1251 1676 insolubilibus,
1299 1602 1404 1664 sed
1450 1625 1557 1664 nec
1597 1605 1725 1664 binc
1771 1607 1948 1663 miuus
1996 1603 2212 1662 lubrica
2242 1613 2304 1661 et
2333 1602 2483 1662 levis
2514 1621 2584 1661 ac

537 1686 719 1748 modis
749 1689 1002 1747 omnibus
1034 1687 1390 1762 erotundata,
1420 1709 1675 1770 quaeque
1704 1690 1936 1749 lectoris
1968 1688 2210 1767 linguam
2240 1687 2580 1747 inoffensam

541 1770 819 1833 decenter
857 1771 1158 1852 expediat,
1199 1794 1273 1834 ne
1317 1776 1644 1834 salebrosas
1689 1794 1861 1855 passa
1904 1776 2191 1833 iuncturas
2225 1771 2332 1852 [cf.
2365 1772 2578 1832 Seuec.

543 1878 636 1938 ep.
668 1857 871 1931 XCIV,
908 1864 985 1920 15
1028 1879 1081 1937 p.
1119 1864 1238 1922 167
1291 1859 1477 1919 Scbw.
1520 1863 1732 1920 nolunt
1753 1862 1880 1918 εἰπε
1919 1860 2159 1920 salebra
2185 1878 2314 1917 csse
2345 1861 2579 1918 iunctu-

541 1945 690 2022 ram]
737 1963 843 2023 per
881 1962 1162 2004 cameram
1207 1944 1377 2023 palati
1408 1947 1657 2005 volutata
1698 1945 1990 2004 balbutiat.
2061 1943 2204 2002 Tota
2233 1943 2483 2024 denique
2513 1946 2579 2003 li·

541 2027 709 2109 quida
739 2048 971 2107 prorsus
1017 2040 1078 2088 et
1105 2028 1362 2101 ductilia,
1401 2032 1577 2091 veluti
1621 2050 1744 2090 cum
1776 2028 2134 2109 crystallinas
2176 2039 2403 2087 crustas
2434 2050 2579 2109 ony-

539 2114 815 2173 chintinas
846 2135 956 2173 uon
987 2116 1231 2194 impacto
1260 2115 1469 2194 digitus
1499 2135 1686 2194 ungue
1716 2115 2062 2195 perlabitur:
2121 2115 2328 2193 quippe
2359 2116 2410 2172 si
2442 2115 2578 2173 nibil

538 2217 665 2258 eum
694 2200 917 2257 rimosis
948 2200 1201 2259 obicibus
1232 2211 1529 2281 exceptum
1562 2212 1734 2261 tenax
1766 2201 2014 2260 fractura
2044 2208 2433 2260 remoretur.“
2492 2199 2575 2259 Ita

539 2303 743 2344 revera
787 2285 1040 2344 Persium
1091 2304 1209 2345 rem
1255 2286 1363 2345 sibi
1406 2287 1747 2345 informasse
1793 2284 1964 2346 docet
2005 2306 2061 2345 v.
2110 2286 2431 2357 timetur-a,
2468 2305 2575 2366 qua

538 2367 739 2430 eodem
759 2368 922 2429 modo
940 2367 1010 2429 de
1030 2373 1287 2432 oratioue
1306 2392 1439 2432 usus
1454 2383 1546 2432 est
1563 2371 1789 2432 Seneca
1805 2373 1841 2431 l.
1858 2373 1919 2443 l.,
1938 2382 1998 2431 et
2013 2372 2302 2452 aptissima
2318 2384 2412 2431 est
2427 2373 2574 2433 baec

535 2459 886 2534 comparatio
900 2455 992 2514 ubi
1009 2454 1080 2515 de
1099 2456 1207 2516 levi
1221 2459 1481 2517 oratione
1500 2477 1688 2517 sermo
1701 2468 1810 2517 est.
1840 2456 2053 2516 Eodem
2066 2458 2361 2536 pertinere
2380 2455 2576 2516 viden-

535 2550 629 2599 tur
651 2543 710 2599 in
741 2560 990 2618 unguem
1027 2545 1384 2601 committere
1422 2540 1568 2622 apud
1613 2542 1768 2602 Cels.
1811 2542 1961 2614 VIII,
2007 2548 2063 2613 1,
2108 2543 2169 2600 in
2207 2561 2413 2620 ungue
2438 2563 2574 2602 can-

535 2627 783 2704 iungcre
799 2625 944 2706 apud
972 2626 1193 2686 Vitruv.
1225 2628 1322 2700 IV,
1355 2631 1416 2699 6,
1447 2639 1507 2688 et
1536 2646 1769 2707 graeca,
1800 2646 1946 2708 quae
1961 2627 2046 2686 bis
2077 2627 2313 2686 contulit
2331 2626 2575 2691 Schnei-

534 2708 661 2771 der.
698 2711 811 2772 lex.
841 2732 929 2790 gr.
962 2731 1011 2771 s.
1042 2732 1095 2770 v.
1129 2708 1293 2785 ὄνυξ,
1342 2713 1540 2793 quibus
1582 2732 1746 2794 quam
1789 2714 2216 2773 accuratissima
2248 2715 2573 2773 coniunctio

534 2806 594 2855 et
620 2798 939 2857 commissio
970 2807 1213 2869 notatur,
1244 2797 1502 2858 undeilla
1533 2799 1733 2858 levitas
1749 2800 1949 2857 oritur.
1978 2796 2166 2877 Atque
2184 2816 2308 2856 cum
2323 2798 2414 2858 bis
2429 2819 2570 2878 quo-

529 2879 824 2941 dammodo
853 2880 1254 2942 conferendum
1297 2894 1390 2942 est
1431 2881 1576 2963 qnod
1606 2881 1752 2962 apud
1764 2883 2057 2961 Virgilium
2090 2883 2297 2961 legitur
2328 2882 2571 2963 (Georg.

536 2964 606 3038 11,
636 2971 763 3030 277
793 2973 944 3047 sq.):
989 2966 1113 3027 Nec
1159 2970 1349 3027 secius
1395 2970 1575 3027 omnis
1619 2971 1680 3027 in
1729 2988 1981 3047 unguem
2024 2966 2319 3027 arboribus
2367 2972 2571 3046 positis

531 3062 694 3110 secto
724 3053 814 3111 via
846 3054 1018 3112 limite
1049 3051 1321 3132 quadrat,
1367 3074 1531 3133 quem
1564 3064 1796 3114 secutus
1839 3065 1931 3114 est
1960 3053 2270 3113 Columella
2302 3052 2429 3127 (xl,
2461 3058 2567 3135 2>:

528 3136 666 3196 Tum
710 3138 877 3196 etiam
920 3138 1080 3197 abies
1136 3146 1307 3218 atque
1352 3140 1590 3219 populus
1632 3138 1866 3217 singulis
1924 3140 2115 3219 operis
2174 3139 2257 3198 ad
2311 3158 2568 3217 unguen

529 3220 906 3302 quadrantur:
937 3242 1063 3282 uam
1094 3224 1186 3283 bic
1231 3244 1452 3304 quoque
1495 3223 1568 3285 de
1609 3235 1771 3284 recta
1802 3225 1949 3284 linea
1968 3266 1986 3296 ,
2017 3243 2163 3305 quae
2193 3243 2411 3283 summa
2436 3223 2568 3284 dili·

528 3309 726 3384 gentia
768 3307 1012 3367 tenenda
1053 3309 1157 3381 sit,
1203 3328 1391 3368 sermo
1434 3320 1557 3382 est3
1619 3328 1946 3389 quamquam
1991 3310 2082 3369 bic
2141 3308 2213 3368 ad
2270 3309 2567 3369 oculorum

530 3394 716 3471 potius
748 3394 959 3463 aciem,
1004 3413 1164 3473 quam
1209 3393 1278 3453 ad
1323 3414 1565 3474 unguem
1609 3392 2022 3474 provocandum
2054 3395 2177 3454 ruit.
2266 3393 2383 3454 Sed
2411 3392 2567 3474 quod

525 3479 832 3556 praecipue
878 3479 968 3537 bic
1011 3496 1235 3560 quoque
1281 3491 1605 3559 spectatur,
1651 3477 1707 3538 id
1751 3490 1872 3551 est,
1916 3499 1988 3540 ne
2033 3499 2142 3559 qua
2183 3476 2566 3561 inaequalitas

524 3561 792 3623 offendat.
866 3563 975 3637 Qui
1018 3565 1187 3643 vulgo
1227 3565 1337 3625 buc
1381 3566 1678 3624 trahuntur
1720 3563 1938 3624 Horatii
1982 3565 2092 3624 loci
2139 3566 2235 3637 (Α.
2266 3564 2329 3623 Ρ.
2372 3567 2564 3639 294);

527 3647 717 3706 decies
744 3668 857 3707 non
902 3651 1223 3728 castigavit
1238 3652 1322 3709 ad
1344 3670 1621 3729 ung-uem,
1666 3661 1727 3711 et
1758 3649 1906 3722 (Sat.
1948 3650 1992 3721 1,
2025 3655 2083 3722 5,
2114 3653 2257 3721 32)=
2328 3651 2413 3710 ad
2450 3670 2565 3710 atn-

521 3750 697 3808 guem
719 3731 934 3811 factm
968 3736 1131 3794 homo
1177 3736 1277 3808 (cl'.
1320 3734 1545 3795 Enuod.
1591 3755 1720 3815 epp.
1752 3734 1826 3807 V,
1856 3741 1896 3799 8
1939 3737 2024 3795 ad
2055 3754 2308 3813 unguem
2344 3736 2563 3795 ductus

526 3825 762 3889 semo),
794 3837 920 3878 cum
953 3820 1009 3877 iu
1040 3822 1109 3878 iis
1139 3841 1249 3879 non
1279 3831 1391 3879 tam
1425 3819 1780 3881 deaccurata
1798 3822 2075 3893 iunctura,
2106 3819 2209 3879 aed
2240 3818 2313 3879 de
2343 3839 2562 3880 summa

524 3903 878 3980 perfectione
920 3915 1143 3981 agatur,
1170 3916 1362 3984 potest
1404 3906 1862 3966 VVinckelmanni
1892 3907 2197 3985 explicatio
2229 3904 2401 3984 (Opp,
2430 3916 2476 3963 t.
2509 3904 2563 3962 V

530 4006 585 4064 p.
618 3988 700 4049 93
733 4006 854 4067 sqq.
886 3988 959 4049 cl.
993 4008 1049 4067 p.
1080 3993 1204 4054 386
1235 3997 1385 4072 sqq.)
1414 3993 1602 4072 potius
1633 3990 2023 4070 amplectenda
2050 3989 2251 4050 videri.
2323 3988 2566 4050 Scilicet

531 4082 598 4132 ut
625 4091 794 4145 nunc,
822 4075 902 4133 ita
931 4071 1077 4154 apud
1116 4078 1379 4157 antiquos
1398 4120 1416 4149 ,
1460 4076 1737 4149 artifices,
1782 4078 1832 4135 si
1862 4075 1993 4157 quid
2022 4096 2057 4137 e
2085 4094 2224 4136 cera
2254 4074 2402 4151 (luv.
2433 4075 2564 4147 vn,
