2764 4738
841 449 1007 511 SAT.
1039 451 1085 522 1,
1122 452 1244 512 132
1275 481 1351 493 —
1396 452 1538 512 134.
1916 439 1921 442 ’
2046 444 2171 512 117

156 622 357 693 conica,
380 641 483 700 pro
515 622 692 701 figura
724 620 1139 681 mathematica.
1188 622 1339 694 Scit,
1373 620 1619 693 acerbe,
1648 620 1703 680 in
1734 621 1840 684 bac
1891 644 1956 686 re
1985 627 2173 705 posita

158 718 238 767 est
258 708 490 767 scientia
520 709 665 779 cius,
706 707 782 766 cf.
818 727 873 763 v.
907 709 988 768 53
1014 725 1097 784 sq.
1170 707 1388 766 Risisse
1415 706 1491 766 cf.
1518 728 1578 766 v.
1618 712 1721 769 41.
1793 712 2054 770 Paratus
2092 713 2171 771 cf.

156 791 243 863 Vl,
270 797 349 855 36
403 793 632 852 nescire
669 801 942 871 paratus.
1007 791 1487 871 Frequentissime
1529 791 1638 852 boc
1681 814 1740 852 v.
1786 796 1863 853 ita
1899 816 2035 855 nsus
2086 808 2178 856 est

158 878 419 937 luvenalis
470 899 525 937 v.
559 877 653 949 ΙΙΙ,
687 881 827 940 106.
869 876 971 949 Vl,
1004 881 1103 938 16.
1148 880 1294 938 244.
1326 877 1428 948 ΙΧ,
1462 882 1520 939 7.
1551 881 1653 940 49.
1684 878 1838 952 XIII,
1875 885 2013 944 108.
2045 881 2175 953 XV,

162 967 284 1024 1⁰2.
313 965 391 1022 cf.
424 963 598 1024 Haas.
629 962 700 1020 ad
740 961 955 1040 Reisig.
995 981 1083 1040 gr.
1130 962 1231 1022 lat.
1280 963 1313 1039 ἕ
1343 967 1469 1024 445
1501 982 1555 1021 ιι.
1591 966 1735 1026 601.
1810 969 2022 1044 Cynici
2043 978 2174 1027 tunc

156 1051 411 1127 temporis
441 1047 677 1108 barbam
708 1047 953 1118 alebam,
984 1057 1045 1106 et
1072 1046 1145 1105 ob
1175 1045 1231 1105 id
1260 1048 1463 1125 ipsum,
1492 1058 1554 1106 nt
1596 1050 1818 1109 omnino
1850 1063 2179 1112 contemne-

158 1134 379 1206 bantur,
427 1132 646 1194 derisui
677 1133 1060 1204 habebantur,
1113 1132 1191 1192 cf.
1239 1130 1388 1192 Gell.
1439 1130 1513 1192 N.
1543 1131 1618 1192 A.
1663 1134 1762 1205 IX,
1793 1140 1853 1198 2.
1900 1136 2175 1216 Bottiger.

159 1217 338 1278 Sabin.
369 1219 420 1280 11
452 1240 507 1300 p.
541 1222 624 1281 36
655 1238 741 1298 sq.
771 1217 857 1277 Ita
889 1227 949 1276 ut
977 1217 1068 1277 hic
1096 1218 1350 1276 nonaria
1395 1222 1708 1292 (meretrix,
1739 1221 1936 1299 quibus
1967 1243 1998 1280 a
2032 1243 2181 1282 nona

157 1303 270 1364 inde
299 1305 439 1363 bora
472 1315 733 1384 prostare
764 1303 989 1374 licebat,
1033 1323 1087 1363 v.
1121 1301 1357 1376 schol.),
1404 1304 1482 1361 ita
1503 1306 1690 1381 pueri
1709 1305 1855 1384 apud
1890 1307 2179 1367 Horatium

158 1396 275 1460 (sat.
306 1390 352 1461 l,
398 1394 461 1461 3,
498 1393 644 1463 133)
691 1390 902 1448 lascivi
939 1390 1144 1468 cynico
1186 1388 1430 1447 barbam
1457 1390 1714 1460 vellunt,
1746 1389 1890 1470 qnod
1921 1395 2176 1470 petulan-

157 1477 392 1535 tissimae
436 1476 721 1534 irrisionis
766 1475 985 1553 signum
1028 1484 1187 1545 erat,
1218 1473 1296 1533 cs.
1342 1472 1414 1545 11,
1444 1478 1549 1545 28,
1592 1484 1652 1534 et
1681 1486 1868 1535 notam
1915 1476 1985 1536 de
2018 1477 2180 1537 Gallo

158 1559 350 1639 Papirii
395 1559 631 1620 barbam
677 1559 1062 1638 permulcente
1121 1559 1408 1618 historiam
1462 1557 1608 1638 apud
1669 1558 1791 1620 Liv.
1839 1561 1914 1633 V,
1960 1568 2062 1633 41,
2119 1567 2179 1626 9.

156 1645 367 1705 Talibus
398 1647 576 1724 igitur
603 1644 948 1715 lectoribus,
992 1644 1083 1723 qui
1125 1641 1295 1702 rudes
1338 1654 1400 1703 et
1442 1645 1635 1703 inculti
1680 1646 1898 1706 litteras
1930 1659 2182 1707 contem-

156 1741 294 1800 nunt,
323 1741 389 1789 nt
417 1730 689 1789 Horatius
734 1731 903 1788 siccis
952 1730 1135 1787 forum
1181 1729 1483 1809 putealque
1533 1729 1762 1790 Libonis
1808 1737 1963 1812 (epp.
2002 1732 2045 1805 Ι,
2081 1738 2182 1805 19,

156 1820 190 1878 8
216 1823 319 1894 sq.)
349 1818 436 1874 ita
467 1816 720 1873 edictum
752 1834 921 1874 mane
950 1813 1066 1885 dat,
1097 1815 1227 1893 quia
1243 1824 1374 1873 ante
1390 1814 1677 1874 meridiem
1710 1817 1984 1897 plerique,
2017 1838 2185 1897 prae-

157 1904 334 1960 sertim
363 1901 445 1971 ii,
505 1901 598 1979 qni
629 1899 761 1958 nihil
803 1901 940 1958 serii
974 1899 1252 1977 agebant,
1296 1898 1467 1958 boras
1509 1899 1774 1978 quasdam
1808 1902 1862 1960 in
1897 1903 2059 1974 foro,
2089 1903 2184 1962 nbi

157 2004 350 2045 causae
386 1985 735 2063 agebantur,
765 1984 1190 2055 consumebant,
1220 1984 1298 2042 cf.
1330 1983 1448 2043 luv.
1480 1983 1524 2056 1,
1561 1990 1700 2047 128.
1732 1986 1926 2046 Horat.
1962 1987 2083 2047 Sat.
2114 1987 2185 2061 11,

159 2074 210 2142 6,
249 2075 347 2134 34.
399 2069 570 2130 Mart.
612 2069 713 2140 lv,
744 2074 805 2141 8,
834 2073 900 2132 2.
975 2068 1062 2128 Ita
1101 2067 1344 2128 edictum
1390 2069 1462 2129 de
1505 2073 1790 2147 praetorio
1834 2073 2185 2152 intelligitur,

157 2155 288 2236 qnod
316 2156 653 2216 lectitarent
681 2156 885 2227 otiosi,
928 2165 990 2214 ut
1019 2154 1330 2224 haberent,
1377 2153 1523 2233 quod
1569 2156 1933 2217 consulerent
1964 2157 2184 2232 amicis,

158 2261 497 2322 quamquam,
528 2239 583 2299 id
613 2238 761 2321 quod
792 2238 1080 2300 Marcilius
1110 2240 1305 2310 voluit,
1339 2241 1507 2298 etiam
1540 2260 1611 2299 ea
1642 2239 1811 2300 edicti
1844 2244 2184 2321 significatio

159 2339 273 2406 apta
318 2337 442 2401 eat,
504 2346 610 2407 qua
656 2324 800 2406 apud
848 2325 1125 2387 Senecam
1171 2326 1284 2404 legi
1326 2324 1551 2386 videtur
1596 2332 1746 2406 (epp.
1796 2327 2037 2401 CXVII,
2080 2334 2184 2401 30,

160 2434 206 2492 p.
238 2418 356 2477 188
391 2412 644 2486 Schw.):
691 2412 917 2484 „Nemo
947 2413 1039 2492 qui
1069 2412 1434 2471 obstetricem
1465 2415 1798 2490 parturienti
1839 2414 1986 2473 filiae
2030 2416 2188 2475 solli-

161 2500 290 2559 citus
318 2500 587 2571 arcessit,
617 2499 868 2557 edictum
901 2509 961 2558 et
990 2497 1257 2556 ludorum
1273 2498 1534 2556 ordinem
1565 2498 1871 2577 perlegit.“
1905 2499 2039 2559 Cum
2073 2500 2128 2559 b.
2147 2502 2185 2560 l.

159 2583 531 2645 conferendus
561 2584 706 2643 alius
738 2581 833 2659 (dc
849 2584 1007 2642 brev.
1025 2584 1122 2641 vit.
1144 2587 1282 2656 16):
1332 2601 1499 2654 „cum
1531 2582 1655 2643 dies
1693 2586 1941 2644 muneris
1971 2584 2188 2663 gladia-

161 2672 276 2729 torii
318 2671 550 2729 edictus
592 2674 744 2729 est.“
788 2670 1059 2728 Edictum
1104 2666 1236 2726 Cur.
1283 2667 1578 2727 Fortunat.
1638 2669 1883 2748 explicat
1925 2671 2186 2731 libellum

157 2758 532 2834 propositum.
640 2755 822 2814 Erant
876 2771 1015 2813 vero
1069 2752 1243 2812 libelli
1300 2751 1672 2830 gladiatorum
1727 2755 1818 2813 vel
1880 2758 2189 2816 munerarii

163 2839 334 2919 (Lips.
370 2837 602 2900 Saturn.
649 2838 721 2910 11,
756 2843 878 2912 18).
947 2838 1007 2897 In
1053 2838 1142 2897 bis
1171 2835 1543 2916 gladiatorum
1576 2841 1817 2911 nomina,
1848 2850 1909 2899 et
1939 2861 2084 2921 qnae
2117 2840 2190 2901 ad

163 2923 313 2984 ludos
343 2925 740 3005 pertinebant,
781 2923 1231 2984 recensebantur
1274 2921 1509 2997 (Senec.
1554 2944 1680 2984 exc.
1726 2936 1982 2983 controv.
2025 2927 2061 2985 l.
2110 2928 2190 2988 IV

166 3012 336 3088 praef.
383 3033 437 3092 p.
485 3015 612 3073 412
652 3009 777 3088 Bip.
818 3009 989 3069 Treb.
1037 3009 1177 3069 Poll.
1223 3029 1277 3066 v.
1327 3007 1524 3067 Claud.
1559 3015 1640 3083 5).
1699 3009 1767 3070 Hi
1798 3011 1971 3072 libelli
2003 3025 2190 3073 autem

166 3098 354 3174 partim
396 3093 830 3157 venditabantur
871 3093 1012 3168 (Cic.
1055 3094 1201 3155 Pbil.
1246 3093 1318 3165 11,
1359 3097 1463 3165 38,
1509 3098 1652 3169 97),
1707 3107 1770 3154 ut
1811 3098 1959 3155 inter
2008 3097 2191 3170 ludos,

169 3180 290 3260 quid
309 3194 602 3261 ageretur,
619 3184 836 3240 scirent
863 3191 1132 3240 accurate
1165 3190 1527 3258 spectatores
1561 3179 1749 3254 (Ovid.
1767 3180 1841 3240 A.
1866 3180 2001 3254 ΑΛ,
2022 3188 2194 3257 167),

168 3269 357 3343 partim
389 3268 564 3328 muris
595 3266 1064 3345 appingebantur‚
1095 3277 1157 3325 ut
1186 3265 1410 3344 publice
1441 3266 1555 3344 legi
1586 3276 1852 3344 possent,
1884 3268 2030 3327 sicut
2060 3269 2195 3340 alia,

168 3372 303 3431 quac
334 3351 706 3413 edicebantur
736 3351 923 3425 (Vulc.
958 3351 1101 3411 Gall.
1135 3373 1186 3409 v.
1220 3351 1385 3410 Cass.
1420 3354 1480 3422 6,
1512 3351 1591 3410 cf.
1631 3350 1913 3430 Buttiger,
1945 3351 2195 3414 Amaltb.

170 3436 235 3496 111
263 3458 317 3516 p.
347 3443 473 3501 342
515 3459 639 3518 sqq.
685 3435 756 3497 de
815 3437 1272 3516 inscriptionibus
1315 3436 1668 3510 muralibus).
1759 3435 1938 3497 Hodie
1970 3458 2197 3520 quoque

169 3523 430 3583 eiusmodi
491 3522 681 3584 edicta
737 3521 1078 3601 gladiatoria
1151 3543 1275 3581 cum
1349 3522 1477 3581 aliis
1523 3522 1813 3600 Pompeiis
1873 3527 2047 3584 muris
2107 3528 2195 3584 in·

171 3611 370 3687 scripta
424 3608 701 3688 permulta
760 3609 958 3686 legere
1015 3609 1153 3668 licet
1213 3613 1290 3681 (e.
1335 3627 1393 3686 g.
1450 3607 1700 3667 Bonucci
1744 3606 1935 3687 Pomp.
1985 3632 2040 3690 p.
2091 3614 2194 3675 79.

175 3696 332 3765 127).
374 3695 537 3754 Talia
552 3714 692 3754 vero
707 3693 777 3753 ab
794 3695 991 3754 otiosis
1013 3695 1352 3773 praesertim
1370 3691 1573 3772 cupide
1605 3693 1860 3753 lectitata
1875 3713 2029 3765 esse,
2062 3717 2199 3756 con-

172 3790 487 3841 sentaneum
531 3792 640 3839 cst.
724 3781 983 3840 Calliroe
1027 3791 1216 3839 autem
1260 3790 1450 3837 notum
1496 3781 1681 3858 potius
1727 3788 1974 3841 scortum
2018 3783 2199 3843 fuisse

172 3861 398 3938 videtur,
429 3886 614 3946 quam,
645 3863 795 3947 quod
826 3866 1004 3926 schol.
1036 3876 1218 3944 putat,
1249 3883 1477 3925 carmen
1509 3862 1775 3926 Neronis.
