<?xml version="1.0" encoding="UTF-8"?>
<!DOCTYPE html PUBLIC "-//W3C//DTD XHTML 1.0 Transitional//EN"
    "http://www.w3.org/TR/xhtml1/DTD/xhtml1-transitional.dtd">
<html xmlns="http://www.w3.org/1999/xhtml" xml:lang="en" lang="en">
 <head>
  <title>
</title>
<meta http-equiv="Content-Type" content="text/html;charset=utf-8" />
  <meta name='ocr-system' content='tesseract 3.04.00' />
  <meta name='ocr-capabilities' content='ocr_page ocr_carea ocr_par ocr_line ocrx_word'/>
</head>
<body>
  <div class='ocr_page' id='page_1' title='image "./satirarumliberc01jahngoog_0118.png"; bbox 0 0 2764 4738; ppageno 0'>
   <div class='ocr_carea' id='block_1_1' title="bbox 880 394 2263 467">
    <p class='ocr_par' dir='ltr' id='par_1_1' title="bbox 880 394 2263 467">
     <span class='ocr_line' id='line_1_1' title="bbox 880 394 2263 467; baseline 0.004 -6"><span class='ocrx_word' id='word_1_1' title='bbox 880 394 1613 465; x_wconf 75' lang='lat' dir='ltr'><strong>PROLEGOMENA.</strong></span> <span class='ocrx_word' id='word_1_2' title='bbox 2149 425 2263 467; x_wconf 83' lang='lat' dir='ltr'><strong>em</strong></span> 
     </span>
    </p>
   </div>
   <div class='ocr_carea' id='block_1_2' title="bbox 212 570 2291 3828">
    <p class='ocr_par' dir='ltr' id='par_1_2' title="bbox 212 570 2291 3828">
     <span class='ocr_line' id='line_1_2' title="bbox 212 570 2262 658; baseline 0 -21"><span class='ocrx_word' id='word_1_3' title='bbox 212 590 400 658; x_wconf 63' lang='lat' dir='ltr'><strong>mas</strong></span> <span class='ocrx_word' id='word_1_4' title='bbox 430 570 544 635; x_wconf 83' lang='lat' dir='ltr'><strong>vix</strong></span> <span class='ocrx_word' id='word_1_5' title='bbox 588 581 800 635; x_wconf 79' lang='lat' dir='ltr'><strong>notum</strong></span> <span class='ocrx_word' id='word_1_6' title='bbox 846 571 961 635; x_wconf 80' lang='lat' dir='ltr'><strong>fnit</strong></span> <span class='ocrx_word' id='word_1_7' title='bbox 999 579 1246 656; x_wconf 84' lang='lat' dir='ltr'><strong>praeter</strong></span> <span class='ocrx_word' id='word_1_8' title='bbox 1283 571 1603 651; x_wconf 87' lang='lat' dir='ltr'><strong>scenicos,</strong></span> <span class='ocrx_word' id='word_1_9' title='bbox 1636 572 1839 656; x_wconf 84' lang='lat' dir='ltr'><strong>itaque</strong></span> <span class='ocrx_word' id='word_1_10' title='bbox 1870 592 2003 637; x_wconf 89' lang='lat' dir='ltr'><strong>cum</strong></span> <span class='ocrx_word' id='word_1_11' title='bbox 2035 572 2109 638; x_wconf 91' lang='lat' dir='ltr'><strong>de</strong></span> <span class='ocrx_word' id='word_1_12' title='bbox 2143 570 2262 639; x_wconf 90' lang='lat' dir='ltr'><strong>So-</strong></span> 
     </span>
     <span class='ocr_line' id='line_1_3' title="bbox 214 672 2259 759; baseline 0.001 -22"><span class='ocrx_word' id='word_1_13' title='bbox 214 674 458 759; x_wconf 78' lang='lat' dir='ltr'><strong>phronis</strong></span> <span class='ocrx_word' id='word_1_14' title='bbox 501 672 702 738; x_wconf 79' lang='lat' dir='ltr'><strong>mimis</strong></span> <span class='ocrx_word' id='word_1_15' title='bbox 745 674 1118 751; x_wconf 75' lang='lat' dir='ltr'><strong>audivisset,</strong></span> <span class='ocrx_word' id='word_1_16' title='bbox 1167 674 1435 740; x_wconf 86' lang='lat' dir='ltr'><strong>eiusdem</strong></span> <span class='ocrx_word' id='word_1_17' title='bbox 1478 675 1724 758; x_wconf 80' lang='lat' dir='ltr'><strong>generis</strong></span> <span class='ocrx_word' id='word_1_18' title='bbox 1775 693 1883 738; x_wconf 88' lang='lat' dir='ltr'><strong>cos</strong></span> <span class='ocrx_word' id='word_1_19' title='bbox 1914 695 2051 739; x_wconf 88' lang='lat' dir='ltr'><strong>esse</strong></span> <span class='ocrx_word' id='word_1_20' title='bbox 2082 676 2259 741; x_wconf 81' lang='lat' dir='ltr'><strong>facile</strong></span> 
     </span>
     <span class='ocr_line' id='line_1_4' title="bbox 213 774 2263 862; baseline 0 -21"><span class='ocrx_word' id='word_1_21' title='bbox 213 776 322 841; x_wconf 85' lang='lat' dir='ltr'><strong>sibi</strong></span> <span class='ocrx_word' id='word_1_22' title='bbox 365 775 698 862; x_wconf 74' lang='lat' dir='ltr'><strong>persuasit.</strong></span> <span class='ocrx_word' id='word_1_23' title='bbox 776 774 863 841; x_wconf 88' lang='lat' dir='ltr'><strong>Ut</strong></span> <span class='ocrx_word' id='word_1_24' title='bbox 910 778 985 841; x_wconf 91' lang='lat' dir='ltr'><strong>de</strong></span> <span class='ocrx_word' id='word_1_25' title='bbox 1029 775 1162 841; x_wconf 87' lang='lat' dir='ltr'><strong>eius</strong></span> <span class='ocrx_word' id='word_1_26' title='bbox 1202 776 1563 842; x_wconf 73' lang='lat' dir='ltr'><strong>assertionis</strong></span> <span class='ocrx_word' id='word_1_27' title='bbox 1606 776 1721 840; x_wconf 87' lang='lat' dir='ltr'><strong>fide</strong></span> <span class='ocrx_word' id='word_1_28' title='bbox 1753 776 2055 853; x_wconf 86' lang='lat' dir='ltr'><strong>dubitem,</strong></span> <span class='ocrx_word' id='word_1_29' title='bbox 2103 779 2263 861; x_wconf 75' lang='lat' dir='ltr'><strong>qued</strong></span> 
     </span>
     <span class='ocr_line' id='line_1_5' title="bbox 216 875 2260 965; baseline -0 -22"><span class='ocrx_word' id='word_1_30' title='bbox 216 878 359 944; x_wconf 80' lang='lat' dir='ltr'><strong>feeit</strong></span> <span class='ocrx_word' id='word_1_31' title='bbox 416 877 663 965; x_wconf 81' lang='lat' dir='ltr'><strong>Grysar</strong></span> <span class='ocrx_word' id='word_1_32' title='bbox 721 898 955 962; x_wconf 83' lang='lat' dir='ltr'><strong>quoque</strong></span> <span class='ocrx_word' id='word_1_33' title='bbox 1001 879 1107 960; x_wconf 91' lang='lat' dir='ltr'><strong>(de</strong></span> <span class='ocrx_word' id='word_1_34' title='bbox 1157 899 1311 943; x_wconf 89' lang='lat' dir='ltr'><strong>com.</strong></span> <span class='ocrx_word' id='word_1_35' title='bbox 1360 877 1517 942; x_wconf 87' lang='lat' dir='ltr'><strong>Dor.</strong></span> <span class='ocrx_word' id='word_1_36' title='bbox 1564 875 1594 940; x_wconf 86' lang='grc'>1</span> <span class='ocrx_word' id='word_1_37' title='bbox 1640 899 1704 964; x_wconf 88' lang='lat' dir='ltr'><strong>p.</strong></span> <span class='ocrx_word' id='word_1_38' title='bbox 1746 875 1830 941; x_wconf 84' lang='lat'><strong>65</strong></span> <span class='ocrx_word' id='word_1_39' title='bbox 1859 878 2028 965; x_wconf 89' lang='lat' dir='ltr'><strong>sq.),</strong></span> <span class='ocrx_word' id='word_1_40' title='bbox 2089 880 2260 956; x_wconf 75' lang='lat' dir='ltr'><strong>facit,</strong></span> 
     </span>
     <span class='ocr_line' id='line_1_6' title="bbox 213 979 2267 1065; baseline 0 -21"><span class='ocrx_word' id='word_1_41' title='bbox 213 981 367 1065; x_wconf 76' lang='lat' dir='ltr'><strong>quod</strong></span> <span class='ocrx_word' id='word_1_42' title='bbox 416 980 506 1044; x_wconf 82' lang='lat' dir='ltr'><strong>ita</strong></span> <span class='ocrx_word' id='word_1_43' title='bbox 556 983 688 1044; x_wconf 73' lang='lat' dir='ltr'><strong>fere</strong></span> <span class='ocrx_word' id='word_1_44' title='bbox 733 981 810 1045; x_wconf 88' lang='lat' dir='ltr'><strong>de</strong></span> <span class='ocrx_word' id='word_1_45' title='bbox 853 981 1049 1044; x_wconf 86' lang='lat' dir='ltr'><strong>mimis</strong></span> <span class='ocrx_word' id='word_1_46' title='bbox 1091 979 1468 1065; x_wconf 86' lang='lat' dir='ltr'><strong>Sophroneis</strong></span> <span class='ocrx_word' id='word_1_47' title='bbox 1516 980 1844 1064; x_wconf 88' lang='lat' dir='ltr'><strong>loquuntur</strong></span> <span class='ocrx_word' id='word_1_48' title='bbox 1886 981 2152 1065; x_wconf 80' lang='lat' dir='ltr'><strong>antiqui,</strong></span> <span class='ocrx_word' id='word_1_49' title='bbox 2200 992 2267 1045; x_wconf 92' lang='lat' dir='ltr'><strong>ut</strong></span> 
     </span>
     <span class='ocr_line' id='line_1_7' title="bbox 215 1081 2267 1169; baseline -0 -21"><span class='ocrx_word' id='word_1_50' title='bbox 215 1102 319 1148; x_wconf 86' lang='lat' dir='ltr'><strong>eos</strong></span> <span class='ocrx_word' id='word_1_51' title='bbox 347 1104 386 1148; x_wconf 87' lang='lat' dir='ltr'><strong>a</strong></span> <span class='ocrx_word' id='word_1_52' title='bbox 418 1082 727 1148; x_wconf 85' lang='lat' dir='ltr'><strong>seriorum</strong></span> <span class='ocrx_word' id='word_1_53' title='bbox 773 1092 1109 1169; x_wconf 89' lang='lat' dir='ltr'><strong>temporum</strong></span> <span class='ocrx_word' id='word_1_54' title='bbox 1154 1083 1351 1148; x_wconf 88' lang='lat' dir='ltr'><strong>mimis</strong></span> <span class='ocrx_word' id='word_1_55' title='bbox 1394 1081 1690 1148; x_wconf 85' lang='lat' dir='ltr'><strong>Romanis</strong></span> <span class='ocrx_word' id='word_1_56' title='bbox 1723 1094 1938 1148; x_wconf 82' lang='lat' dir='ltr'><strong>natura</strong></span> <span class='ocrx_word' id='word_1_57' title='bbox 1972 1094 2037 1149; x_wconf 92' lang='lat' dir='ltr'><strong>et</strong></span> <span class='ocrx_word' id='word_1_58' title='bbox 2062 1084 2267 1148; x_wconf 87' lang='lat' dir='ltr'><strong>indole</strong></span> 
     </span>
     <span class='ocr_line' id='line_1_8' title="bbox 215 1183 2267 1270; baseline 0 -20"><span class='ocrx_word' id='word_1_59' title='bbox 215 1186 495 1250; x_wconf 85' lang='lat' dir='ltr'><strong>diversos</strong></span> <span class='ocrx_word' id='word_1_60' title='bbox 537 1183 930 1268; x_wconf 78' lang='lat' dir='ltr'><strong>significent,</strong></span> <span class='ocrx_word' id='word_1_61' title='bbox 977 1187 1320 1270; x_wconf 84' lang='lat' dir='ltr'><strong>nullumque</strong></span> <span class='ocrx_word' id='word_1_62' title='bbox 1362 1186 1648 1251; x_wconf 83' lang='lat' dir='ltr'><strong>scenicae</strong></span> <span class='ocrx_word' id='word_1_63' title='bbox 1689 1185 2267 1270; x_wconf 80' lang='lat' dir='ltr'><strong>repraesentationis</strong></span> 
     </span>
     <span class='ocr_line' id='line_1_9' title="bbox 216 1288 2263 1374; baseline -0.001 -21"><span class='ocrx_word' id='word_1_64' title='bbox 216 1288 540 1372; x_wconf 81' lang='lat' dir='ltr'><strong>vestigium</strong></span> <span class='ocrx_word' id='word_1_65' title='bbox 572 1295 820 1366; x_wconf 82' lang='lat' dir='ltr'><strong>exstat,</strong></span> <span class='ocrx_word' id='word_1_66' title='bbox 855 1298 1013 1368; x_wconf 89' lang='lat' dir='ltr'><strong>tum,</strong></span> <span class='ocrx_word' id='word_1_67' title='bbox 1048 1289 1204 1372; x_wconf 90' lang='lat' dir='ltr'><strong>quod</strong></span> <span class='ocrx_word' id='word_1_68' title='bbox 1233 1309 1418 1374; x_wconf 85' lang='lat' dir='ltr'><strong>prosa</strong></span> <span class='ocrx_word' id='word_1_69' title='bbox 1447 1289 1725 1353; x_wconf 89' lang='lat' dir='ltr'><strong>oratione</strong></span> <span class='ocrx_word' id='word_1_70' title='bbox 1755 1288 1965 1374; x_wconf 89' lang='lat' dir='ltr'><strong>scripti</strong></span> <span class='ocrx_word' id='word_1_71' title='bbox 1999 1291 2263 1352; x_wconf 80' lang='lat' dir='ltr'><strong>suerunt.</strong></span> 
     </span>
     <span class='ocr_line' id='line_1_10' title="bbox 214 1388 2270 1475; baseline -0.001 -20"><span class='ocrx_word' id='word_1_72' title='bbox 214 1388 438 1474; x_wconf 79' lang='lat' dir='ltr'><strong>Neque</strong></span> <span class='ocrx_word' id='word_1_73' title='bbox 470 1390 633 1454; x_wconf 86' lang='lat' dir='ltr'><strong>enim</strong></span> <span class='ocrx_word' id='word_1_74' title='bbox 662 1409 960 1472; x_wconf 86' lang='lat' dir='ltr'><strong>unquam,</strong></span> <span class='ocrx_word' id='word_1_75' title='bbox 1005 1391 1163 1474; x_wconf 84' lang='lat' dir='ltr'><strong>quod</strong></span> <span class='ocrx_word' id='word_1_76' title='bbox 1192 1390 1422 1471; x_wconf 85' lang='lat' dir='ltr'><strong>sciam,</strong></span> <span class='ocrx_word' id='word_1_77' title='bbox 1468 1390 1623 1475; x_wconf 88' lang='lat' dir='ltr'><strong>apud</strong></span> <span class='ocrx_word' id='word_1_78' title='bbox 1664 1391 1945 1474; x_wconf 87' lang='lat' dir='ltr'><strong>antiquos</strong></span> <span class='ocrx_word' id='word_1_79' title='bbox 1986 1391 2048 1455; x_wconf 91' lang='lat' dir='ltr'><strong>iu</strong></span> <span class='ocrx_word' id='word_1_80' title='bbox 2081 1410 2270 1456; x_wconf 79' lang='lat' dir='ltr'><strong>scena</strong></span> 
     </span>
     <span class='ocr_line' id='line_1_11' title="bbox 215 1493 2267 1580; baseline -0 -23"><span class='ocrx_word' id='word_1_81' title='bbox 215 1502 746 1579; x_wconf 82' lang='lat' dir='ltr'><strong>repraesentatum</strong></span> <span class='ocrx_word' id='word_1_82' title='bbox 790 1503 888 1557; x_wconf 91' lang='lat' dir='ltr'><strong>est</strong></span> <span class='ocrx_word' id='word_1_83' title='bbox 928 1494 1086 1578; x_wconf 86' lang='lat' dir='ltr'><strong>qnod</strong></span> <span class='ocrx_word' id='word_1_84' title='bbox 1131 1515 1255 1558; x_wconf 88' lang='lat' dir='ltr'><strong>non</strong></span> <span class='ocrx_word' id='word_1_85' title='bbox 1293 1493 1576 1558; x_wconf 87' lang='lat' dir='ltr'><strong>versibus</strong></span> <span class='ocrx_word' id='word_1_86' title='bbox 1621 1494 2013 1580; x_wconf 90' lang='lat' dir='ltr'><strong>compositum</strong></span> <span class='ocrx_word' id='word_1_87' title='bbox 2058 1494 2267 1573; x_wconf 79' lang='lat' dir='ltr'><strong>fuerit,</strong></span> 
     </span>
     <span class='ocr_line' id='line_1_12' title="bbox 216 1594 2271 1681; baseline 0 -21"><span class='ocrx_word' id='word_1_88' title='bbox 216 1596 537 1681; x_wconf 84' lang='lat' dir='ltr'><strong>prosariae</strong></span> <span class='ocrx_word' id='word_1_89' title='bbox 578 1594 876 1659; x_wconf 89' lang='lat' dir='ltr'><strong>orationis</strong></span> <span class='ocrx_word' id='word_1_90' title='bbox 920 1594 1020 1659; x_wconf 91' lang='lat' dir='ltr'><strong>hic</strong></span> <span class='ocrx_word' id='word_1_91' title='bbox 1065 1595 1264 1660; x_wconf 90' lang='lat' dir='ltr'><strong>nullus</strong></span> <span class='ocrx_word' id='word_1_92' title='bbox 1306 1616 1493 1674; x_wconf 87' lang='lat' dir='ltr'><strong>usus,</strong></span> <span class='ocrx_word' id='word_1_93' title='bbox 1541 1595 1722 1661; x_wconf 84' lang='lat' dir='ltr'><strong>etiam</strong></span> <span class='ocrx_word' id='word_1_94' title='bbox 1768 1597 1925 1680; x_wconf 91' lang='lat' dir='ltr'><strong>apud</strong></span> <span class='ocrx_word' id='word_1_95' title='bbox 1954 1594 2271 1660; x_wconf 85' lang='lat' dir='ltr'><strong>Romanos</strong></span> 
     </span>
     <span class='ocr_line' id='line_1_13' title="bbox 216 1692 2275 1780; baseline -0.001 -18"><span class='ocrx_word' id='word_1_96' title='bbox 216 1708 461 1762; x_wconf 80' lang='lat' dir='ltr'><strong>saturae</strong></span> <span class='ocrx_word' id='word_1_97' title='bbox 506 1692 649 1760; x_wconf 90' lang='lat' dir='ltr'><strong>illae</strong></span> <span class='ocrx_word' id='word_1_98' title='bbox 695 1698 979 1780; x_wconf 85' lang='lat' dir='ltr'><strong>antiquae</strong></span> <span class='ocrx_word' id='word_1_99' title='bbox 1019 1707 1083 1761; x_wconf 89' lang='lat' dir='ltr'><strong>et</strong></span> <span class='ocrx_word' id='word_1_100' title='bbox 1120 1696 1359 1762; x_wconf 80' lang='lat' dir='ltr'><strong>fabulae</strong></span> <span class='ocrx_word' id='word_1_101' title='bbox 1406 1694 1732 1763; x_wconf 76' lang='lat' dir='ltr'><strong>Atellanae</strong></span> <span class='ocrx_word' id='word_1_102' title='bbox 1774 1697 2053 1762; x_wconf 82' lang='lat' dir='ltr'><strong>versibus</strong></span> <span class='ocrx_word' id='word_1_103' title='bbox 2095 1706 2275 1762; x_wconf 86' lang='lat' dir='ltr'><strong>erant</strong></span> 
     </span>
     <span class='ocr_line' id='line_1_14' title="bbox 219 1793 2273 1884; baseline -0.001 -22"><span class='ocrx_word' id='word_1_104' title='bbox 219 1797 625 1882; x_wconf 74' lang='lat' dir='ltr'><strong>perscriptae.</strong></span> <span class='ocrx_word' id='word_1_105' title='bbox 699 1793 923 1861; x_wconf 80' lang='lat' dir='ltr'><strong>Mirum</strong></span> <span class='ocrx_word' id='word_1_106' title='bbox 963 1797 1207 1862; x_wconf 88' lang='lat' dir='ltr'><strong>videtur</strong></span> <span class='ocrx_word' id='word_1_107' title='bbox 1246 1795 1513 1863; x_wconf 85' lang='lat' dir='ltr'><strong>Miillero</strong></span> <span class='ocrx_word' id='word_1_108' title='bbox 1558 1797 1745 1883; x_wconf 85' lang='lat' dir='ltr'><strong>(Dor.</strong></span> <span class='ocrx_word' id='word_1_109' title='bbox 1793 1794 1853 1860; x_wconf 92' lang='lat'><strong>11</strong></span> <span class='ocrx_word' id='word_1_110' title='bbox 1886 1821 1945 1884; x_wconf 90' lang='lat' dir='ltr'><strong>p.</strong></span> <span class='ocrx_word' id='word_1_111' title='bbox 1979 1794 2170 1878; x_wconf 78' lang='lat'><strong>362),</strong></span> <span class='ocrx_word' id='word_1_112' title='bbox 2217 1797 2273 1861; x_wconf 91' lang='lat' dir='ltr'><strong>si</strong></span> 
     </span>
     <span class='ocr_line' id='line_1_15' title="bbox 218 1896 2273 1983; baseline -0.001 -19"><span class='ocrx_word' id='word_1_113' title='bbox 218 1899 322 1964; x_wconf 87' lang='lat' dir='ltr'><strong>illo</strong></span> <span class='ocrx_word' id='word_1_114' title='bbox 366 1909 647 1981; x_wconf 87' lang='lat' dir='ltr'><strong>tempore</strong></span> <span class='ocrx_word' id='word_1_115' title='bbox 693 1909 873 1983; x_wconf 89' lang='lat' dir='ltr'><strong>poeta</strong></span> <span class='ocrx_word' id='word_1_116' title='bbox 919 1899 1249 1963; x_wconf 88' lang='lat' dir='ltr'><strong>lectoribus</strong></span> <span class='ocrx_word' id='word_1_117' title='bbox 1293 1910 1527 1965; x_wconf 88' lang='lat' dir='ltr'><strong>tantum</strong></span> <span class='ocrx_word' id='word_1_118' title='bbox 1576 1898 1947 1982; x_wconf 85' lang='lat' dir='ltr'><strong>scripsisset.</strong></span> <span class='ocrx_word' id='word_1_119' title='bbox 2038 1896 2273 1961; x_wconf 87' lang='lat' dir='ltr'><strong>Verum</strong></span> 
     </span>
     <span class='ocr_line' id='line_1_16' title="bbox 222 1998 2276 2085; baseline -0.002 -22"><span class='ocrx_word' id='word_1_120' title='bbox 222 2021 348 2064; x_wconf 90' lang='lat' dir='ltr'><strong>non</strong></span> <span class='ocrx_word' id='word_1_121' title='bbox 391 1999 693 2085; x_wconf 84' lang='lat' dir='ltr'><strong>legendos</strong></span> <span class='ocrx_word' id='word_1_122' title='bbox 733 2001 976 2084; x_wconf 83' lang='lat' dir='ltr'><strong>scripsit</strong></span> <span class='ocrx_word' id='word_1_123' title='bbox 1017 1998 1300 2085; x_wconf 87' lang='lat' dir='ltr'><strong>Sophron</strong></span> <span class='ocrx_word' id='word_1_124' title='bbox 1328 2002 1541 2065; x_wconf 87' lang='lat' dir='ltr'><strong>mimos</strong></span> <span class='ocrx_word' id='word_1_125' title='bbox 1572 2002 1681 2065; x_wconf 91' lang='lat' dir='ltr'><strong>sed</strong></span> <span class='ocrx_word' id='word_1_126' title='bbox 1719 2000 2088 2079; x_wconf 86' lang='lat' dir='ltr'><strong>audiendos,</strong></span> <span class='ocrx_word' id='word_1_127' title='bbox 2136 1999 2276 2061; x_wconf 74' lang='lat' dir='ltr'><strong>dunt</strong></span> 
     </span>
     <span class='ocr_line' id='line_1_17' title="bbox 219 2101 2273 2178; baseline -0.001 -11"><span class='ocrx_word' id='word_1_128' title='bbox 219 2102 362 2167; x_wconf 82' lang='lat' dir='ltr'><strong>viva</strong></span> <span class='ocrx_word' id='word_1_129' title='bbox 405 2123 564 2167; x_wconf 83' lang='lat' dir='ltr'><strong>voce</strong></span> <span class='ocrx_word' id='word_1_130' title='bbox 613 2114 675 2166; x_wconf 85' lang='lat' dir='ltr'><strong>et</strong></span> <span class='ocrx_word' id='word_1_131' title='bbox 719 2102 963 2168; x_wconf 88' lang='lat' dir='ltr'><strong>actione</strong></span> <span class='ocrx_word' id='word_1_132' title='bbox 1008 2123 1043 2166; x_wconf 92' lang='lat' dir='ltr'><strong>a</strong></span> <span class='ocrx_word' id='word_1_133' title='bbox 1086 2104 1242 2168; x_wconf 89' lang='lat' dir='ltr'><strong>scito</strong></span> <span class='ocrx_word' id='word_1_134' title='bbox 1287 2104 1625 2168; x_wconf 82' lang='lat' dir='ltr'><strong>fabulatore</strong></span> <span class='ocrx_word' id='word_1_135' title='bbox 1683 2102 2137 2178; x_wconf 83' lang='lat' dir='ltr'><strong>recitabantur,</strong></span> <span class='ocrx_word' id='word_1_136' title='bbox 2197 2101 2273 2165; x_wconf 88' lang='lat' dir='ltr'><strong>de</strong></span> 
     </span>
     <span class='ocr_line' id='line_1_18' title="bbox 219 2202 2273 2289; baseline -0 -22"><span class='ocrx_word' id='word_1_137' title='bbox 219 2226 476 2289; x_wconf 88' lang='lat' dir='ltr'><strong>qnorum</strong></span> <span class='ocrx_word' id='word_1_138' title='bbox 533 2216 668 2268; x_wconf 84' lang='lat' dir='ltr'><strong>arte</strong></span> <span class='ocrx_word' id='word_1_139' title='bbox 726 2206 906 2270; x_wconf 89' lang='lat' dir='ltr'><strong>modo</strong></span> <span class='ocrx_word' id='word_1_140' title='bbox 962 2206 1183 2271; x_wconf 88' lang='lat' dir='ltr'><strong>dictum</strong></span> <span class='ocrx_word' id='word_1_141' title='bbox 1241 2219 1361 2273; x_wconf 88' lang='lat' dir='ltr'><strong>est.</strong></span> <span class='ocrx_word' id='word_1_142' title='bbox 1439 2206 1614 2270; x_wconf 81' lang='lat' dir='ltr'><strong>Hanc</strong></span> <span class='ocrx_word' id='word_1_143' title='bbox 1654 2216 1847 2270; x_wconf 89' lang='lat' dir='ltr'><strong>artem</strong></span> <span class='ocrx_word' id='word_1_144' title='bbox 1893 2202 2273 2288; x_wconf 88' lang='lat' dir='ltr'><strong>Sophrouem</strong></span> 
     </span>
     <span class='ocr_line' id='line_1_19' title="bbox 222 2304 2273 2396; baseline -0.003 -22"><span class='ocrx_word' id='word_1_145' title='bbox 222 2308 610 2374; x_wconf 82' lang='lat' dir='ltr'><strong>exercitasse</strong></span> <span class='ocrx_word' id='word_1_146' title='bbox 663 2306 990 2374; x_wconf 84' lang='lat' dir='ltr'><strong>verisimile</strong></span> <span class='ocrx_word' id='word_1_147' title='bbox 1037 2320 1171 2389; x_wconf 88' lang='lat' dir='ltr'><strong>est,</strong></span> <span class='ocrx_word' id='word_1_148' title='bbox 1233 2320 1295 2377; x_wconf 90' lang='lat' dir='ltr'><strong>et</strong></span> <span class='ocrx_word' id='word_1_149' title='bbox 1337 2309 1530 2396; x_wconf 83' lang='lat' dir='ltr'><strong>ipsum</strong></span> <span class='ocrx_word' id='word_1_150' title='bbox 1576 2308 1788 2373; x_wconf 90' lang='lat' dir='ltr'><strong>mimos</strong></span> <span class='ocrx_word' id='word_1_151' title='bbox 1844 2326 1988 2372; x_wconf 90' lang='lat' dir='ltr'><strong>suos</strong></span> <span class='ocrx_word' id='word_1_152' title='bbox 2047 2304 2273 2390; x_wconf 85' lang='lat' dir='ltr'><strong>egisse,</strong></span> 
     </span>
     <span class='ocr_line' id='line_1_20' title="bbox 223 2409 2278 2496; baseline -0.001 -23"><span class='ocrx_word' id='word_1_153' title='bbox 223 2430 578 2496; x_wconf 81' lang='lat' dir='ltr'><strong>quamquam</strong></span> <span class='ocrx_word' id='word_1_154' title='bbox 613 2410 687 2475; x_wconf 91' lang='lat' dir='ltr'><strong>de</strong></span> <span class='ocrx_word' id='word_1_155' title='bbox 721 2430 793 2474; x_wconf 87' lang='lat' dir='ltr'><strong>ea</strong></span> <span class='ocrx_word' id='word_1_156' title='bbox 824 2432 892 2476; x_wconf 91' lang='lat' dir='ltr'><strong>re</strong></span> <span class='ocrx_word' id='word_1_157' title='bbox 927 2411 1075 2478; x_wconf 88' lang='lat' dir='ltr'><strong>nibil</strong></span> <span class='ocrx_word' id='word_1_158' title='bbox 1108 2414 1389 2477; x_wconf 88' lang='lat' dir='ltr'><strong>traditum</strong></span> <span class='ocrx_word' id='word_1_159' title='bbox 1420 2423 1536 2477; x_wconf 88' lang='lat' dir='ltr'><strong>est.</strong></span> <span class='ocrx_word' id='word_1_160' title='bbox 1619 2410 1718 2475; x_wconf 88' lang='lat' dir='ltr'><strong>Eo</strong></span> <span class='ocrx_word' id='word_1_161' title='bbox 1750 2422 1953 2475; x_wconf 86' lang='lat' dir='ltr'><strong>tamen</strong></span> <span class='ocrx_word' id='word_1_162' title='bbox 1994 2409 2278 2491; x_wconf 81' lang='lat' dir='ltr'><strong>vulgares</strong></span> 
     </span>
     <span class='ocr_line' id='line_1_21' title="bbox 225 2508 2277 2598; baseline -0.002 -19"><span class='ocrx_word' id='word_1_163' title='bbox 225 2516 498 2579; x_wconf 82' lang='lat' dir='ltr'><strong>artifices</strong></span> <span class='ocrx_word' id='word_1_164' title='bbox 541 2514 725 2596; x_wconf 82' lang='lat' dir='ltr'><strong>longe</strong></span> <span class='ocrx_word' id='word_1_165' title='bbox 766 2514 1116 2598; x_wconf 88' lang='lat' dir='ltr'><strong>superavit,</strong></span> <span class='ocrx_word' id='word_1_166' title='bbox 1163 2515 1321 2598; x_wconf 88' lang='lat' dir='ltr'><strong>quod</strong></span> <span class='ocrx_word' id='word_1_167' title='bbox 1366 2536 1488 2578; x_wconf 87' lang='lat' dir='ltr'><strong>non</strong></span> <span class='ocrx_word' id='word_1_168' title='bbox 1536 2524 1860 2579; x_wconf 84' lang='lat' dir='ltr'><strong>contentus</strong></span> <span class='ocrx_word' id='word_1_169' title='bbox 1902 2508 2277 2576; x_wconf 83' lang='lat' dir='ltr'><strong>auditoribus</strong></span> 
     </span>
     <span class='ocr_line' id='line_1_22' title="bbox 228 2615 2282 2702; baseline -0.001 -21"><span class='ocrx_word' id='word_1_170' title='bbox 228 2618 476 2682; x_wconf 84' lang='lat' dir='ltr'><strong>inanem</strong></span> <span class='ocrx_word' id='word_1_171' title='bbox 519 2615 817 2699; x_wconf 84' lang='lat' dir='ltr'><strong>quandam</strong></span> <span class='ocrx_word' id='word_1_172' title='bbox 864 2617 1228 2701; x_wconf 87' lang='lat' dir='ltr'><strong>voluptatem</strong></span> <span class='ocrx_word' id='word_1_173' title='bbox 1276 2617 1608 2702; x_wconf 85' lang='lat' dir='ltr'><strong>praebere,</strong></span> <span class='ocrx_word' id='word_1_174' title='bbox 1657 2615 1875 2678; x_wconf 87' lang='lat' dir='ltr'><strong>altiore</strong></span> <span class='ocrx_word' id='word_1_175' title='bbox 1929 2615 2175 2698; x_wconf 84' lang='lat' dir='ltr'><strong>ingenio</strong></span> <span class='ocrx_word' id='word_1_176' title='bbox 2221 2625 2282 2678; x_wconf 89' lang='lat' dir='ltr'><strong>et</strong></span> 
     </span>
     <span class='ocr_line' id='line_1_23' title="bbox 227 2715 2281 2804; baseline -0.002 -19"><span class='ocrx_word' id='word_1_177' title='bbox 227 2720 398 2785; x_wconf 87' lang='lat' dir='ltr'><strong>serio</strong></span> <span class='ocrx_word' id='word_1_178' title='bbox 430 2719 632 2783; x_wconf 85' lang='lat' dir='ltr'><strong>studio</strong></span> <span class='ocrx_word' id='word_1_179' title='bbox 664 2718 851 2782; x_wconf 89' lang='lat' dir='ltr'><strong>vitam</strong></span> <span class='ocrx_word' id='word_1_180' title='bbox 883 2719 1188 2782; x_wconf 87' lang='lat' dir='ltr'><strong>hominum</strong></span> <span class='ocrx_word' id='word_1_181' title='bbox 1232 2717 1752 2804; x_wconf 83' lang='lat' dir='ltr'><strong>contemplabatur</strong></span> <span class='ocrx_word' id='word_1_182' title='bbox 1794 2726 2078 2800; x_wconf 87' lang='lat' dir='ltr'><strong>tantaque</strong></span> <span class='ocrx_word' id='word_1_183' title='bbox 2123 2715 2281 2783; x_wconf 88' lang='lat' dir='ltr'><strong>veri·</strong></span> 
     </span>
     <span class='ocr_line' id='line_1_24' title="bbox 228 2818 2284 2908; baseline -0.002 -22"><span class='ocrx_word' id='word_1_184' title='bbox 228 2833 357 2886; x_wconf 89' lang='lat' dir='ltr'><strong>tate</strong></span> <span class='ocrx_word' id='word_1_185' title='bbox 390 2831 456 2885; x_wconf 91' lang='lat' dir='ltr'><strong>et</strong></span> <span class='ocrx_word' id='word_1_186' title='bbox 485 2821 634 2885; x_wconf 82' lang='lat' dir='ltr'><strong>artis</strong></span> <span class='ocrx_word' id='word_1_187' title='bbox 667 2821 882 2905; x_wconf 88' lang='lat' dir='ltr'><strong>peritia</strong></span> <span class='ocrx_word' id='word_1_188' title='bbox 912 2819 1456 2908; x_wconf 86' lang='lat' dir='ltr'><strong>repraesentabat,</strong></span> <span class='ocrx_word' id='word_1_189' title='bbox 1501 2831 1569 2885; x_wconf 94' lang='lat' dir='ltr'><strong>ut</strong></span> <span class='ocrx_word' id='word_1_190' title='bbox 1609 2819 1829 2885; x_wconf 86' lang='lat' dir='ltr'><strong>litteris</strong></span> <span class='ocrx_word' id='word_1_191' title='bbox 1875 2818 2143 2883; x_wconf 88' lang='lat' dir='ltr'><strong>mandari</strong></span> <span class='ocrx_word' id='word_1_192' title='bbox 2172 2839 2284 2902; x_wconf 89' lang='lat' dir='ltr'><strong>par</strong></span> 
     </span>
     <span class='ocr_line' id='line_1_25' title="bbox 230 2921 2282 3005; baseline -0.002 -17"><span class='ocrx_word' id='word_1_193' title='bbox 230 2933 402 2988; x_wconf 83' lang='lat' dir='ltr'><strong>esset</strong></span> <span class='ocrx_word' id='word_1_194' title='bbox 443 2943 594 3005; x_wconf 84' lang='lat' dir='ltr'><strong>quae</strong></span> <span class='ocrx_word' id='word_1_195' title='bbox 636 2925 975 2988; x_wconf 82' lang='lat' dir='ltr'><strong>effinxerat.</strong></span> <span class='ocrx_word' id='word_1_196' title='bbox 1040 2923 1213 2988; x_wconf 87' lang='lat' dir='ltr'><strong>Haec</strong></span> <span class='ocrx_word' id='word_1_197' title='bbox 1254 2943 1407 2987; x_wconf 88' lang='lat' dir='ltr'><strong>vero</strong></span> <span class='ocrx_word' id='word_1_198' title='bbox 1454 2921 1766 2987; x_wconf 89' lang='lat' dir='ltr'><strong>mimorum</strong></span> <span class='ocrx_word' id='word_1_199' title='bbox 1823 2922 2058 2987; x_wconf 89' lang='lat' dir='ltr'><strong>indoles</strong></span> <span class='ocrx_word' id='word_1_200' title='bbox 2120 2942 2282 2986; x_wconf 91' lang='lat' dir='ltr'><strong>com-</strong></span> 
     </span>
     <span class='ocr_line' id='line_1_26' title="bbox 227 3011 2281 3113; baseline -0.002 -25"><span class='ocrx_word' id='word_1_201' title='bbox 227 3024 462 3111; x_wconf 82' lang='lat' dir='ltr'><strong>paratis</strong></span> <span class='ocrx_word' id='word_1_202' title='bbox 495 3011 813 3090; x_wconf 78' lang='lat' dir='ltr'><strong>Theocriti</strong></span> <span class='ocrx_word' id='word_1_203' title='bbox 846 3026 1068 3113; x_wconf 77' lang='lat' dir='ltr'><strong>idylliis</strong></span> <span class='ocrx_word' id='word_1_204' title='bbox 1101 3026 1321 3109; x_wconf 88' lang='lat' dir='ltr'><strong>optime</strong></span> <span class='ocrx_word' id='word_1_205' title='bbox 1354 3025 1748 3110; x_wconf 80' lang='lat' dir='ltr'><strong>perspicitur3</strong></span> <span class='ocrx_word' id='word_1_206' title='bbox 1795 3044 1946 3108; x_wconf 88' lang='lat' dir='ltr'><strong>quae</strong></span> <span class='ocrx_word' id='word_1_207' title='bbox 1990 3025 2052 3087; x_wconf 91' lang='lat' dir='ltr'><strong>in</strong></span> <span class='ocrx_word' id='word_1_208' title='bbox 2097 3043 2281 3087; x_wconf 81' lang='lat' dir='ltr'><strong>scena</strong></span> 
     </span>
     <span class='ocr_line' id='line_1_27' title="bbox 232 3129 2281 3214; baseline -0.002 -22"><span class='ocrx_word' id='word_1_209' title='bbox 232 3140 373 3193; x_wconf 84' lang='lat' dir='ltr'><strong>aeta</strong></span> <span class='ocrx_word' id='word_1_210' title='bbox 406 3148 545 3192; x_wconf 86' lang='lat' dir='ltr'><strong>esse</strong></span> <span class='ocrx_word' id='word_1_211' title='bbox 576 3148 927 3212; x_wconf 87' lang='lat' dir='ltr'><strong>quamquam</strong></span> <span class='ocrx_word' id='word_1_212' title='bbox 960 3129 1198 3214; x_wconf 88' lang='lat' dir='ltr'><strong>quidam</strong></span> <span class='ocrx_word' id='word_1_213' title='bbox 1230 3137 1549 3211; x_wconf 82' lang='lat' dir='ltr'><strong>putarunt,</strong></span> <span class='ocrx_word' id='word_1_214' title='bbox 1597 3138 1845 3213; x_wconf 87' lang='lat' dir='ltr'><strong>apparet</strong></span> <span class='ocrx_word' id='word_1_215' title='bbox 1876 3138 2077 3192; x_wconf 88' lang='lat' dir='ltr'><strong>tamen</strong></span> <span class='ocrx_word' id='word_1_216' title='bbox 2098 3174 2116 3206; x_wconf 89' lang='lat'>‚</span> <span class='ocrx_word' id='word_1_217' title='bbox 2153 3146 2281 3190; x_wconf 82' lang='lat' dir='ltr'><strong>eam</strong></span> 
     </span>
     <span class='ocr_line' id='line_1_28' title="bbox 234 3226 2285 3316; baseline -0.003 -20"><span class='ocrx_word' id='word_1_218' title='bbox 234 3230 584 3316; x_wconf 87' lang='lat' dir='ltr'><strong>opinionem</strong></span> <span class='ocrx_word' id='word_1_219' title='bbox 632 3231 841 3295; x_wconf 79' lang='lat' dir='ltr'><strong>falsam</strong></span> <span class='ocrx_word' id='word_1_220' title='bbox 886 3251 1024 3296; x_wconf 87' lang='lat' dir='ltr'><strong>esse</strong></span> <span class='ocrx_word' id='word_1_221' title='bbox 1059 3235 1111 3293; x_wconf 82' lang='lat'><strong>¹.</strong></span> <span class='ocrx_word' id='word_1_222' title='bbox 1204 3226 1469 3295; x_wconf 87' lang='lat' dir='ltr'><strong>Omnino</strong></span> <span class='ocrx_word' id='word_1_223' title='bbox 1516 3230 1673 3295; x_wconf 90' lang='lat' dir='ltr'><strong>sicut</strong></span> <span class='ocrx_word' id='word_1_224' title='bbox 1718 3251 1802 3294; x_wconf 82' lang='lat' dir='ltr'><strong>ex</strong></span> <span class='ocrx_word' id='word_1_225' title='bbox 1848 3229 1961 3306; x_wconf 88' lang='lat' dir='ltr'><strong>iis,</strong></span> <span class='ocrx_word' id='word_1_226' title='bbox 2010 3246 2163 3312; x_wconf 84' lang='lat' dir='ltr'><strong>quae</strong></span> <span class='ocrx_word' id='word_1_227' title='bbox 2210 3229 2285 3291; x_wconf 91' lang='lat' dir='ltr'><strong>de</strong></span> 
     </span>
     <span class='ocr_line' id='line_1_29' title="bbox 238 3330 2283 3418; baseline -0.004 -19"><span class='ocrx_word' id='word_1_228' title='bbox 238 3332 568 3418; x_wconf 86' lang='lat' dir='ltr'><strong>Sophrone</strong></span> <span class='ocrx_word' id='word_1_229' title='bbox 613 3333 834 3398; x_wconf 88' lang='lat' dir='ltr'><strong>tradita</strong></span> <span class='ocrx_word' id='word_1_230' title='bbox 877 3343 1056 3412; x_wconf 87' lang='lat' dir='ltr'><strong>sunt,</strong></span> <span class='ocrx_word' id='word_1_231' title='bbox 1105 3332 1477 3398; x_wconf 86' lang='lat' dir='ltr'><strong>lineamenta</strong></span> <span class='ocrx_word' id='word_1_232' title='bbox 1522 3333 1813 3416; x_wconf 83' lang='lat' dir='ltr'><strong>quaedam</strong></span> <span class='ocrx_word' id='word_1_233' title='bbox 1855 3332 2074 3395; x_wconf 89' lang='lat' dir='ltr'><strong>ducere</strong></span> <span class='ocrx_word' id='word_1_234' title='bbox 2116 3330 2283 3407; x_wconf 88' lang='lat' dir='ltr'><strong>licet,</strong></span> 
     </span>
     <span class='ocr_line' id='line_1_30' title="bbox 232 3432 2288 3520; baseline -0.003 -20"><span class='ocrx_word' id='word_1_235' title='bbox 232 3435 315 3500; x_wconf 87' lang='lat' dir='ltr'><strong>ad</strong></span> <span class='ocrx_word' id='word_1_236' title='bbox 358 3435 935 3520; x_wconf 83' lang='lat' dir='ltr'><strong>repraesentandam</strong></span> <span class='ocrx_word' id='word_1_237' title='bbox 980 3435 1151 3518; x_wconf 89' lang='lat' dir='ltr'><strong>quasi</strong></span> <span class='ocrx_word' id='word_1_238' title='bbox 1193 3455 1705 3518; x_wconf 82' lang='lat' dir='ltr'><strong>monogrammam</strong></span> <span class='ocrx_word' id='word_1_239' title='bbox 1751 3435 2043 3519; x_wconf 85' lang='lat' dir='ltr'><strong>quandam</strong></span> <span class='ocrx_word' id='word_1_240' title='bbox 2075 3432 2288 3515; x_wconf 74' lang='lat' dir='ltr'><strong>imagi-</strong></span> 
     </span>
     <span class='ocr_line' id='line_1_31' title="bbox 235 3533 2289 3615; baseline -0.004 -11"><span class='ocrx_word' id='word_1_241' title='bbox 235 3561 419 3615; x_wconf 78' lang='lat' dir='ltr'><strong>nem,</strong></span> <span class='ocrx_word' id='word_1_242' title='bbox 468 3538 556 3600; x_wconf 90' lang='lat' dir='ltr'><strong>ita</strong></span> <span class='ocrx_word' id='word_1_243' title='bbox 613 3536 842 3601; x_wconf 89' lang='lat' dir='ltr'><strong>lloridis</strong></span> <span class='ocrx_word' id='word_1_244' title='bbox 895 3538 1197 3603; x_wconf 88' lang='lat' dir='ltr'><strong>coloribus</strong></span> <span class='ocrx_word' id='word_1_245' title='bbox 1241 3538 1549 3602; x_wconf 85' lang='lat' dir='ltr'><strong>illustrant</strong></span> <span class='ocrx_word' id='word_1_246' title='bbox 1591 3559 1723 3602; x_wconf 87' lang='lat' dir='ltr'><strong>eam</strong></span> <span class='ocrx_word' id='word_1_247' title='bbox 1771 3536 2037 3601; x_wconf 81' lang='lat' dir='ltr'><strong>carmina</strong></span> <span class='ocrx_word' id='word_1_248' title='bbox 2081 3533 2289 3598; x_wconf 86' lang='lat' dir='ltr'><strong>Theo-</strong></span> 
     </span>
     <span class='ocr_line' id='line_1_32' title="bbox 237 3629 2289 3725; baseline -0.003 -18"><span class='ocrx_word' id='word_1_249' title='bbox 237 3629 461 3708; x_wconf 85' lang='lat' dir='ltr'><strong>critea.</strong></span> <span class='ocrx_word' id='word_1_250' title='bbox 510 3637 715 3703; x_wconf 87' lang='lat' dir='ltr'><strong>Nemo</strong></span> <span class='ocrx_word' id='word_1_251' title='bbox 746 3639 944 3703; x_wconf 85' lang='lat' dir='ltr'><strong>nescit</strong></span> <span class='ocrx_word' id='word_1_252' title='bbox 974 3661 1112 3706; x_wconf 85' lang='lat' dir='ltr'><strong>esse</strong></span> <span class='ocrx_word' id='word_1_253' title='bbox 1144 3640 1307 3705; x_wconf 81' lang='lat' dir='ltr'><strong>inter</strong></span> <span class='ocrx_word' id='word_1_254' title='bbox 1336 3639 1573 3725; x_wconf 86' lang='lat' dir='ltr'><strong>egregii</strong></span> <span class='ocrx_word' id='word_1_255' title='bbox 1603 3648 1818 3724; x_wconf 90' lang='lat' dir='ltr'><strong>poetae</strong></span> <span class='ocrx_word' id='word_1_256' title='bbox 1851 3637 2055 3725; x_wconf 85' lang='lat' dir='ltr'><strong>idyllia</strong></span> <span class='ocrx_word' id='word_1_257' title='bbox 2078 3684 2096 3716; x_wconf 91' lang='lat'><strong>,</strong></span> <span class='ocrx_word' id='word_1_258' title='bbox 2136 3659 2289 3721; x_wconf 84' lang='lat' dir='ltr'><strong>quae</strong></span> 
     </span>
     <span class='ocr_line' id='line_1_33' title="bbox 238 3741 2291 3828; baseline -0.001 -19"><span class='ocrx_word' id='word_1_259' title='bbox 238 3745 463 3809; x_wconf 84' lang='lat' dir='ltr'><strong>merito</strong></span> <span class='ocrx_word' id='word_1_260' title='bbox 519 3742 759 3807; x_wconf 90' lang='lat' dir='ltr'><strong>mimica</strong></span> <span class='ocrx_word' id='word_1_261' title='bbox 816 3755 1121 3809; x_wconf 89' lang='lat' dir='ltr'><strong>vocentur</strong></span> <span class='ocrx_word' id='word_1_262' title='bbox 1150 3751 1210 3822; x_wconf 82' lang='lat'><strong>2,</strong></span> <span class='ocrx_word' id='word_1_263' title='bbox 1271 3762 1521 3828; x_wconf 83' lang='lat' dir='ltr'><strong>quorum</strong></span> <span class='ocrx_word' id='word_1_264' title='bbox 1565 3742 1683 3807; x_wconf 90' lang='lat' dir='ltr'><strong>duo</strong></span> <span class='ocrx_word' id='word_1_265' title='bbox 1726 3742 1990 3807; x_wconf 70' lang='lat' dir='ltr'><strong>maxime</strong></span> <span class='ocrx_word' id='word_1_266' title='bbox 2028 3741 2291 3807; x_wconf 86' lang='lat' dir='ltr'><strong>admira-</strong></span> 
     </span>
    </p>
   </div>
   <div class='ocr_carea' id='block_1_3' title="bbox 245 3946 2290 4086">
    <p class='ocr_par' dir='ltr' id='par_1_3' title="bbox 245 3946 2290 4086">
     <span class='ocr_line' id='line_1_34' title="bbox 245 3946 2290 4017; baseline -0.004 -11"><span class='ocrx_word' id='word_1_267' title='bbox 245 3954 268 4006; x_wconf 83' lang='grc' dir='ltr'>Ι</span> <span class='ocrx_word' id='word_1_268' title='bbox 309 3951 390 4003; x_wconf 71' lang='lat' dir='ltr'><strong>Cr.</strong></span> <span class='ocrx_word' id='word_1_269' title='bbox 427 3948 771 4009; x_wconf 77' lang='lat' dir='ltr'><strong>Eiebstaedt,</strong></span> <span class='ocrx_word' id='word_1_270' title='bbox 823 3946 1147 4001; x_wconf 78' lang='lat' dir='ltr'><strong>adumbratio</strong></span> <span class='ocrx_word' id='word_1_271' title='bbox 1191 3956 1394 4017; x_wconf 78' lang='lat' dir='ltr'><strong>quaest.</strong></span> <span class='ocrx_word' id='word_1_272' title='bbox 1451 3949 1513 4000; x_wconf 82' lang='lat' dir='ltr'><strong>da</strong></span> <span class='ocrx_word' id='word_1_273' title='bbox 1548 3948 1834 4000; x_wconf 75' lang='lat' dir='ltr'><strong>carminum</strong></span> <span class='ocrx_word' id='word_1_274' title='bbox 1868 3946 2290 3998; x_wconf 83' lang='lat' dir='ltr'><strong>Theocriteornm</strong></span> 
     </span>
     <span class='ocr_line' id='line_1_35' title="bbox 308 4017 2081 4086; baseline -0.003 -13"><span class='ocrx_word' id='word_1_275' title='bbox 308 4022 377 4073; x_wconf 81' lang='lat' dir='ltr'><strong>ad</strong></span> <span class='ocrx_word' id='word_1_276' title='bbox 411 4033 608 4086; x_wconf 64' lang='lat' dir='ltr'><strong>genera</strong></span> <span class='ocrx_word' id='word_1_277' title='bbox 644 4033 742 4070; x_wconf 79' lang='lat' dir='ltr'><strong>sna</strong></span> <span class='ocrx_word' id='word_1_278' title='bbox 778 4025 1135 4071; x_wconf 79' lang='lat' dir='ltr'><strong>revocatorum</strong></span> <span class='ocrx_word' id='word_1_279' title='bbox 1172 4018 1342 4071; x_wconf 87' lang='lat' dir='ltr'><strong>indole</strong></span> <span class='ocrx_word' id='word_1_280' title='bbox 1377 4033 1439 4069; x_wconf 86' lang='lat' dir='ltr'><strong>ac</strong></span> <span class='ocrx_word' id='word_1_281' title='bbox 1473 4017 1760 4069; x_wconf 79' lang='lat' dir='ltr'><strong>virtutibus</strong></span> <span class='ocrx_word' id='word_1_282' title='bbox 1797 4033 1848 4084; x_wconf 80' lang='lat' dir='ltr'><strong>p.</strong></span> <span class='ocrx_word' id='word_1_283' title='bbox 1885 4017 1950 4071; x_wconf 78' lang='lat'><strong>21</strong></span> <span class='ocrx_word' id='word_1_284' title='bbox 1975 4032 2081 4083; x_wconf 76' lang='lat' dir='ltr'><strong>sqq.</strong></span> 
     </span>
    </p>
   </div>
   <div class='ocr_carea' id='block_1_4' title="bbox 239 4101 2291 4172">
    <p class='ocr_par' dir='ltr' id='par_1_4' title="bbox 239 4101 2291 4172">
     <span class='ocr_line' id='line_1_36' title="bbox 239 4101 2291 4172; baseline -0.004 -12"><span class='ocrx_word' id='word_1_285' title='bbox 239 4110 277 4160; x_wconf 81' lang='lat'>2</span> <span class='ocrx_word' id='word_1_286' title='bbox 310 4108 389 4160; x_wconf 77' lang='lat' dir='ltr'><strong>Cr.</strong></span> <span class='ocrx_word' id='word_1_287' title='bbox 430 4106 771 4171; x_wconf 79' lang='lat' dir='ltr'><strong>Eicbstaedt‚</strong></span> <span class='ocrx_word' id='word_1_288' title='bbox 809 4105 845 4156; x_wconf 92' lang='lat' dir='ltr'><strong>l.</strong></span> <span class='ocrx_word' id='word_1_289' title='bbox 884 4105 924 4155; x_wconf 86' lang='lat'><strong>1.</strong></span> <span class='ocrx_word' id='word_1_290' title='bbox 962 4121 1011 4171; x_wconf 91' lang='lat' dir='ltr'><strong>p.</strong></span> <span class='ocrx_word' id='word_1_291' title='bbox 1055 4106 1119 4159; x_wconf 73' lang='grc' dir='ltr'><strong><em>Ν</em></strong></span> <span class='ocrx_word' id='word_1_292' title='bbox 1144 4120 1253 4172; x_wconf 80' lang='lat' dir='ltr'><strong>sqq.</strong></span> <span class='ocrx_word' id='word_1_293' title='bbox 1304 4103 1618 4158; x_wconf 81' lang='lat' dir='ltr'><strong>Reinholdus</strong></span> <span class='ocrx_word' id='word_1_294' title='bbox 1654 4104 1718 4156; x_wconf 85' lang='lat' dir='ltr'><strong>de</strong></span> <span class='ocrx_word' id='word_1_295' title='bbox 1754 4102 1993 4168; x_wconf 73' lang='lat' dir='ltr'><strong>genuinis</strong></span> <span class='ocrx_word' id='word_1_296' title='bbox 2029 4101 2291 4154; x_wconf 78' lang='lat' dir='ltr'><strong>Theocriti</strong></span> 
     </span>
    </p>
   </div>
  </div>
 </body>
</html>
