2764 4738
490 429 639 474 cxv!
1137 400 1880 469 PROLEGOMENA:

492 578 825 657 iuniorem,
885 597 1079 662 eoque
1124 587 1434 662 tempore,
1493 576 1652 660 quod
1695 576 1770 640 ab
1815 573 1910 639 his
1968 571 2185 638 studiis
2244 582 2311 637 et
2363 571 2540 636 simili

494 682 805 745 doctrinae
837 682 1075 744 ratione
1106 700 1227 743 non
1256 679 1586 743 abhorreat
1605 725 1624 756 ‚
1670 687 1733 740 et
1777 697 1930 762 quae
1974 677 2038 739 in
2071 676 2204 740 eius
2235 692 2544 737 commen·

495 784 665 848 tariis
730 783 921 848 insint
994 782 1231 865 antiqua
1256 826 1274 859 ,
1351 780 1745 866 probabiliter
1815 780 1892 843 ad
1950 789 2224 843 veterem
2283 776 2542 858 aliquem

494 886 732 950 doctum
763 885 1213 968 grammaticum
1246 882 1460 967 partim
1492 882 1729 966 quidem
1760 879 1982 946 referri
2010 898 2215 965 posse.
2295 874 2544 942 Utrum-

493 1008 608 1071 que
637 988 915 1071 sequenti
947 986 1353 1070 disputatione
1386 994 1798 1049 assecuturum
1831 1002 1926 1047 me
1958 1003 2096 1047 esse
2129 999 2337 1067 spero.

667 1120 885 1186 Fuisse
925 1121 1380 1208 grammaticum
1425 1122 1721 1204 quendam
1764 1119 2063 1183 iuniorem
2111 1114 2546 1181 Cornutum

495 1224 674 1289 didici
720 1225 971 1309 primum
1016 1243 1098 1286 ex
1144 1220 1409 1287 Sinnero
1457 1218 1601 1296 (cat.
1648 1222 1824 1286 codd.
1870 1241 2018 1284 mss.
2068 1218 2222 1282 bibl.
2274 1215 2468 1281 Bern.
2516 1211 2550 1276 1

497 1348 558 1412 p.
593 1322 717 1389 502
741 1324 860 1409 sq.)
884 1372 903 1403 ,
950 1325 1049 1408 qui
1080 1327 1307 1401 refert,
1343 1337 1595 1389 exstare
1626 1325 1686 1388 in
1719 1324 1929 1388 codice
1959 1321 2362 1386 bibliothecae
2394 1315 2549 1381 Ber-

497 1429 706 1492 nensis
737 1427 964 1492 scholia
1005 1427 1068 1490 in
1111 1412 1565 1491 Iuvenalem
1593 1471 1613 1504 ‚
1659 1426 1723 1489 in
1755 1424 1968 1509 quibus
2001 1419 2551 1487 Cornutissadnota-

498 1529 725 1592 tionum
759 1529 983 1592 mentio
1016 1531 1159 1602 fiat,
1207 1550 1455 1612 quorum
1488 1519 1606 1592 duo
1637 1528 1966 1612 specimina
1997 1526 2251 1590 addidit.
2301 1523 2551 1589 Bernae

496 1631 683 1713 igitur
724 1630 992 1696 codicem
1039 1631 1202 1695 hunc
1250 1632 1347 1711 (n.
1381 1629 1508 1695 223
1540 1633 1692 1712 cat.)
1736 1627 2077 1693 accuratius
2124 1626 2387 1692 tractavi
2437 1627 2548 1707 (cf.

502 1728 697 1796 Orell.
733 1753 830 1817 ep.
867 1735 1004 1799 crit.
1039 1733 1116 1798 ad
1147 1728 1362 1797 Madv.
1398 1752 1456 1816 p.
1494 1728 1702 1812 LIX).
1790 1729 1910 1793 Est
1949 1729 2309 1793 chartaceus
2355 1730 2556 1792 forma

498 1836 758 1897 maxima
804 1836 1097 1919 scriptus,
1145 1854 1276 1898 sec.
1320 1828 1473 1912 XV,
1521 1844 1585 1898 et
1626 1835 1774 1899 haec
1817 1831 2132 1897 continet·
2181 1830 2444 1894 Scholia
2489 1831 2557 1892 in

495 1933 758 1999 Horatii
804 1944 1002 1999 artem
1052 1936 1360 2021 poeltcom
1419 1944 1606 2021 atque
1646 1934 1886 2021 epodon
1931 1932 2199 2011 librum3
2289 1928 2557 1996 Athen·-

500 2057 673 2110 eum,
720 2039 782 2100 in
816 2038 985 2100 cuius
1015 2036 1132 2101 fine
1164 2036 1450 2121 scriptum
1483 2047 1619 2102 est.
1665 2035 1968 2121 Expliezt
1996 2033 2346 2100 Alberieus
2385 2032 2560 2099 Lon-

499 2137 701 2201 donea
731 2137 807 2201 dc
852 2140 1119 2201 ueritate
1149 2136 1541 2222 fabularum.
1587 2137 1780 2203 Anno
1805 2126 1930 2200 dm·
1954 2136 2158 2200 18h8⁰
2198 2135 2280 2200 19
2310 2135 2554 2198 martii.

500 2238 635 2301 Deo
674 2241 967 2323 gratim
1069 2239 1275 2325 Caput
1313 2240 1397 2303 21
1445 2238 1603 2303 libri
1623 2239 1808 2304 XIX
1825 2237 2087 2323 Agellii
2120 2239 2396 2303 noctium
2434 2234 2561 2301 At-

502 2340 765 2403 ttcarum
781 2368 806 2419 ,-
894 2339 1069 2405 Haec
1123 2350 1270 2404 sunt
1326 2344 1575 2406 nomina
1617 2342 2098 2426 magistratuum
2147 2339 2562 2425 dignitatum-

500 2461 616 2528 que
678 2452 949 2503 veterum
1015 2442 1432 2507 Romanorum
1503 2445 1778 2506 ciuitatis·
1793 2470 1818 2521 ,-
1917 2441 2419 2505 Commentarius
2495 2442 2561 2503 in

498 2541 884 2616 Iuvenalem,
945 2543 1087 2607 inde
1134 2563 1167 2605 a
1208 2555 1327 2607 sat.
1376 2541 1461 2622 II,
1512 2542 1639 2607 152
1682 2565 1869 2629 usque
1917 2545 1993 2608 ad
2028 2545 2247 2622 finem3
2337 2542 2573 2606 Annei

503 2641 778 2707 Cornuti
830 2653 1225 2707 commentum
1280 2647 1345 2708 in
1402 2644 1600 2711 Aulis
1660 2644 1861 2730 Flagz·
1922 2645 2139 2732 Persii
2189 2653 2564 2729 satyrarum

500 2744 749 2809 librum.
841 2743 1328 2810 Commentarius
1370 2748 1433 2811 in
1477 2744 1830 2812 Iuvenalem
1892 2749 2042 2810 satis
2098 2745 2379 2832 prolixus
2438 2755 2566 2824 est,

496 2845 582 2911 69
628 2845 787 2912 foliis
835 2847 1094 2933 scriptus
1150 2858 1214 2911 et
1272 2849 1448 2932 nugis
1495 2850 1756 2912 refertus
1803 2847 1994 2930 (haud
2040 2847 2251 2931 paucis
2296 2848 2362 2912 in
2409 2848 2570 2912 locis

493 2932 754 3013 lacunae
800 2959 942 3013 sunt
984 2949 1300 3013 breviores
1345 2949 1730 3027 maioresve,
1779 2959 1843 3013 et
1884 2968 2070 3033 saepe
2114 2950 2190 3012 ad
2233 2949 2569 3014 clariorem

498 3049 867 3114 intellectum
918 3070 1161 3128 rerum,
1236 3069 1388 3132 quac
1448 3051 1871 3136 explicantur,
1935 3060 1998 3113 et
2064 3050 2434 3128 scribentis,
2501 3062 2576 3116 ut

501 3152 777 3230 videtur,
842 3152 1304 3216 delectationem
1347 3152 1644 3236 imagines
1688 3152 1823 3215 rudi
1871 3151 2104 3215 calamo
2165 3151 2231 3215 iu
2284 3153 2574 3238 margine

503 3253 841 3317 delineatae
886 3253 1096 3333 sunt),
1144 3253 1241 3335 qui
1288 3274 1404 3317 nec
1447 3275 1484 3316 a
1524 3274 1640 3337 quo
1690 3273 1805 3317 nec
1838 3274 1955 3336 quo
1987 3263 2264 3338 tempore
2296 3254 2573 3338 scriptus

502 3355 618 3433 sit,
664 3355 781 3419 dici
825 3365 1064 3441 potest,
1114 3375 1466 3439 quamquam
1510 3354 1566 3418 id
1612 3353 1846 3437 quidem
1892 3364 2182 3439 apparet,
2245 3366 2574 3420 auctorem

499 3457 983 3520 recentissimum
1017 3477 1178 3521 esse.
1240 3454 1301 3518 Is
1333 3457 1556 3538 igitur,
1605 3456 1871 3539 quisquis
1903 3456 2049 3535 ruit,
2088 3453 2354 3521 Cornuti
2385 3458 2576 3522 scho-

500 3554 594 3618 liis
639 3578 783 3622 usus
829 3570 941 3623 est.
1001 3557 1137 3644 Ego
1185 3578 1334 3623 vcro
1382 3576 1593 3621 omnes
1637 3558 1805 3622 locos
1839 3555 1978 3620 mihi
2012 3560 2457 3646 transscripsi,
2504 3559 2575 3623 in

499 3655 711 3737 quibus
745 3656 1003 3723 Cornuti
1035 3661 1262 3726 mentio
1292 3661 1357 3723 fit
1377 3707 1396 3738 ,
1445 3659 1496 3721 si
1529 3659 1687 3722 forte
1720 3658 1793 3721 de
1828 3659 1960 3723 eius
1991 3660 2242 3724 scholiis
2275 3660 2574 3724 iudicium

500 3756 650 3819 ferri
690 3762 900 3841 possit.
976 3760 1135 3825 Mox
1180 3762 1479 3846 cognovi,
1529 3756 1789 3824 Cornuti
1831 3759 2137 3844 integrum
2187 3773 2577 3826 commenta-

496 3856 652 3921 rium
695 3859 813 3924 iam
858 3875 1103 3928 exstare
1151 3863 1307 3947 typis
1353 3881 1735 3949 expressum.
1798 3857 1867 3922 In
1900 3862 2115 3925 eadem
2149 3864 2314 3927 enim
2345 3862 2576 3928 biblio·-

497 3958 677 4024 theca
722 3976 927 4029 exstat
981 3963 1258 4029 collectio
1313 3965 1698 4050 epistolarum
1759 3963 2273 4047 autographarum
2327 3984 2364 4027 a
2411 3964 2577 4031 viris

95 4111 275 4457 ·
356 4115 365 4126 .
497 4060 848 4142 quibusdam
883 4067 1078 4135 doctis
1109 4063 1184 4129 ad
1212 4061 1536 4131 Petrum
1566 4084 1811 4130 maxmc
1843 4063 2271 4132 Danielem
2300 4066 2578 4142 scripta-
