2764 4738
888 413 1612 479 PROLEGOMENA.
1988 438 2277 486 cmxxxtx

216 586 503 672 Denique
550 587 625 653 de
666 584 1094 650 omissionibus
1138 583 1462 651 videndum
1513 593 1648 662 est,
1707 604 1861 669 quae
1919 587 2274 672 frequentes

214 691 283 754 in
312 702 572 773 utruque
604 688 741 753 eod.
772 686 1189 753 inveniuntur.
1258 684 1698 768 Praeterquam
1728 688 1884 768 quod
1917 685 2032 768 111,
2065 689 2148 755 75
2178 693 2276 756 in-

217 804 457 877 tegrum
490 791 715 855 omittit
743 789 885 874 Mp.
908 835 931 865 ,
962 788 1023 852 in
1054 808 1247 871 marg.
1282 787 1466 851 habet
1492 787 1670 852 Rom.
1690 835 1712 866 ,
1749 788 1845 871 qui
1877 791 2055 854 etiam
2087 790 2171 873 V,
2195 795 2276 860 18

216 894 280 957 iu
312 914 511 978 marg.
546 892 910 974 adscriptum
942 888 1147 968 habet,
1186 890 1464 972 singulae
1494 909 1684 954 voees
1713 911 1786 954 ae
1817 890 2082 977 syllabae
2115 896 2274 963 haud

216 1017 360 1059 raro
393 995 776 1058 omittuntur.
842 990 977 1057 Hoc
1008 992 1257 1076 primum
1289 992 1375 1055 ita
1405 992 1507 1071 fit,
1555 1002 1625 1055 ut
1654 994 1845 1056 semel
1874 996 2133 1078 positum
2164 1000 2270 1079 sit,

218 1098 377 1178 quod
411 1096 506 1160 bis
537 1095 923 1159 scribendum
958 1094 1104 1157 fuit:

287 1199 329 1261 1,
368 1199 438 1251 87
478 1198 669 1249 bellum
706 1199 829 1248 hoe!
870 1197 964 1248 hoe
999 1196 1188 1247 bellum
1221 1223 1294 1233 —
1328 1194 1520 1246 bellum
1558 1196 1652 1248 hue
1686 1194 1876 1248 benum
1914 1197 2023 1264 ΜΡ.
2048 1199 2200 1252 Rom.

287 1284 330 1349 Ι,
373 1285 468 1336 111
512 1299 641 1348 euge
677 1298 850 1334 omnes
885 1295 1057 1333 omnes
1095 1282 1224 1332 bene
1255 1307 1327 1318 —
1362 1297 1490 1345 euge
1525 1296 1700 1332 omues
1737 1280 1865 1333 bene
1902 1283 2013 1349 ΜΡ.
2037 1283 2191 1338 Rom.

284 1367 353 1431 11,
396 1369 460 1421 19
500 1369 633 1419 huuc
669 1370 910 1419 cuinam?
945 1368 1148 1419 cuinam
1181 1366 1265 1417 vis
1300 1393 1371 1403 -
1406 1366 1545 1416 hune
1578 1367 1779 1419 cuinam
1817 1368 1897 1419 vie
1931 1368 2045 1435 ΜΡ.
2068 1369 2220 1423 Rom.

285 1452 354 1518 11,
392 1454 461 1509 29
500 1454 733 1505 mercede
768 1455 978 1505 deorum
1013 1479 1083 1491 -
1116 1452 1502 1503 mercedeorum
1536 1450 1690 1505 Rom.

215 1566 323 1619 aut
353 1553 459 1617 ubi
490 1553 720 1618 similes
748 1553 991 1620 litterae
1021 1553 1392 1637 repetendae
1424 1564 1638 1617 erantz

283 1655 327 1722 1,
360 1656 429 1709 47
465 1657 603 1707 euim
639 1657 763 1709 mihi
799 1672 944 1708 eoru.
979 1683 1053 1694 —
1086 1657 1220 1707 euim
1257 1668 1401 1706 eoru.
1440 1654 1553 1721 ΜΡ.
1590 1652 1744 1707 Rom.

282 1740 352 1802 11,
394 1743 426 1794 ⁹
462 1742 641 1807 lingua
676 1742 994 1794 immurmur.
1030 1769 1102 1780 —
1134 1743 1316 1806 lingua
1350 1755 1538 1792 murm.
1575 1737 1728 1791 lium.

286 1826 360 1889 11,
400 1828 468 1880 36
507 1826 672 1878 Licini
708 1856 780 1866 —
815 1827 933 1879 Liui
970 1827 1083 1896 ΜΡ.
1121 1826 1275 1879 Rom.

285 1911 357 1975 V,
401 1912 499 1965 167
536 1913 616 1964 di·
651 1913 931 1980 depellent.
969 1938 1040 1951 —
1076 1913 1156 1964 dis
1193 1912 1318 1980 pell.
1356 1910 1473 1977 ΜΡ.
1508 1910 1662 1964 Rom.

282 1995 377 2061 vt,
414 1996 487 2050 74
519 2005 721 2050 omento
756 2013 885 2067 popa
918 2027 985 2038 —
1019 2006 1286 2066 omentupu
1320 1996 1435 2063 ΜΡ.
1471 1995 1628 2049 Rom.

212 2096 532 2164 Interdum
580 2122 763 2166 causa
809 2100 1156 2167 omissionis
1197 2099 1387 2163 fuisse
1417 2097 1695 2177 videtur,
1742 2100 1896 2183 quud
1929 2123 2116 2168 voees
2146 2125 2269 2168 nun

213 2202 400 2287 plene
431 2203 779 2287 exscriptae
810 2203 1093 2266 fueruntt

286 2303 357 2369 n,
399 2305 467 2357 18
501 2311 648 2356 estne
685 2311 746 2355 nt
777 2331 847 2342 —
881 2310 967 2356 est
999 2311 1058 2356 ut
1091 2303 1207 2371 ΜΡ.
1245 2301 1399 2356 Rom.

283 2389 377 2454 111,
418 2391 516 2443 1⁰⁰
554 2392 691 2442 inter
723 2390 848 2442 vina
881 2417 951 2429 —
986 2391 1037 2442 iu
1076 2398 1219 2442 terra
1254 2389 1365 2457 ΜΡ.
1408 2386 1561 2442 Rom.

286 2476 380 2540 lv,
416 2477 485 2528 3⁹
521 2476 858 2544 pubenti-itae
890 2503 961 2514 —
995 2476 1213 2543 palentri
1253 2475 1363 2542 ΜΡ.
1399 2473 1557 2527 Rom.

286 2562 359 2627 V,
397 2562 464 2614 70
499 2560 732 2630 quamvis
766 2588 837 2601 —
881 2546 982 2628 q—ua
1025 2561 1139 2628 ΜΡ.
1177 2560 1330 2613 Rom.

216 2675 319 2730 est
350 2663 449 2728 ubi
481 2663 653 2727 elisio
685 2683 820 2727 eam
851 2663 1240 2749 procreavitz

288 2767 337 2829 1,
377 2765 472 2818 131
511 2772 653 2816 seete
689 2766 740 2816 iu
776 2766 923 2834 pulv.
961 2792 1029 2805 —
1064 2774 1205 2818 necto
1241 2765 1389 2834 pulv·
1424 2765 1579 2819 Rom.

288 2851 379 2914 m,
418 2851 477 2903 71
520 2857 761 2917 quantum
799 2851 962 2916 εἰπε.
1000 2879 1065 2890 -
1103 2858 1345 2918 quantum
1380 2852 1516 2917 larg.
1554 2850 1669 2919 ΜΡ.
1704 2851 1856 2904 Rom.

284 2936 357 2999 V,
394 2938 464 2989 33
497 2936 754 3004 sparsisse
790 2937 927 2987 ocul.
968 2964 1027 2975 —
1068 2938 1264 3004 sparsi·
1302 2939 1434 2988 oeul.
1475 2936 1626 2989 Rom.

285 3022 379 3085 vl,
419 3023 486 3074 43
524 3039 553 3073 ο
589 3022 719 3073 bene
755 3037 872 3073 num
908 3051 975 3061 —
1011 3038 1041 3074 ο
1076 3022 1261 3073 bouum
1300 3023 1413 3090 ΜΡ.
1451 3040 1481 3074 ο
1518 3022 1701 3075 benum
1736 3022 1886 3075 Rom.

283 3106 380 3170 Vi,
421 3109 483 3160 57
520 3122 707 3174 quaere
743 3123 809 3159 ex
841 3135 910 3146 -
946 3124 1079 3175 quae
1115 3124 1179 3159 ex
1215 3108 1327 3176 ΜΡ.
1367 3109 1522 3161 Rom.

283 3192 376 3257 Vl,
419 3193 485 3245 6⁶
520 3193 661 3245 dieta
696 3209 888 3260 repone
924 3221 989 3232 —
1025 3193 1161 3245 dicta
1198 3209 1326 3261 pune
1362 3195 1473 3260 ΙΙΡ.
1512 3194 1668 3248 Rum-

284 3279 419 3347 μοι
456 3280 490 3330 4
527 3278 984 3345 flelieuniadnque
1020 3279 1145 3347 pall.
1182 3307 1250 3317 —
1285 3279 1650 3331 Heliconiadu
1684 3279 1810 3346 pall.
1848 3278 1960 3348 ΜΡ.
1995 3278 2150 3333 Rom.

283 3363 329 3427 Ι,
370 3366 435 3418 15
470 3379 732 3432 pexunque
767 3370 874 3429 tog.
909 3390 982 3402 —
1016 3365 1166 3431 pixua
1201 3371 1320 3429 tuga
1353 3364 1510 3417 Hom.

283 3448 351 3513 11,
389 3452 423 3502 G
458 3465 789 3516 murmurque
824 3451 964 3501 hum.
1004 3479 1071 3489 —
1107 3465 1341 3502 murmur
1374 3452 1514 3502 hum.
1555 3450 1707 3503 Rom.

283 3535 351 3601 11,
390 3536 458 3588 58
493 3537 664 3603 sitque
696 3535 807 3586 illie
841 3563 905 3573 -
943 3535 1013 3586 sit
1052 3535 1158 3587 iuis
1192 3536 1305 3603 ΜΡ.
1343 3535 1498 3589 Rom.

284 3620 374 3686 vl,
414 3622 481 3674 47
516 3622 854 3688 ingentesque
888 3621 1028 3672 locat
1059 3648 1132 3660 —-
1165 3623 1404 3685 ingentes
1441 3623 1579 3673 locat
1612 3621 1764 3673 Rom.

212 3722 595 3807 Quibusdam
627 3722 779 3787 lucis
810 3709 884 3787 ea
916 3721 1134 3787 omissa
1166 3734 1330 3802 suut,
1357 3744 1511 3808 quae
1543 3722 1784 3806 integro
1815 3741 2025 3805 seusu,
2060 3743 2267 3807 quam·

211 3847 390 3911 quam
425 3846 546 3889 nou
576 3825 820 3909 integro
851 3844 1037 3889 versu
1057 3872 1075 3903 ‚
1121 3825 1339 3889 abesse
1369 3835 1692 3911 poterantx

282 3929 324 3993 1,
367 3930 466 3982 1⁰5
502 3928 665 3979 labris
700 3935 753 3978 et
787 3929 839 3978 iu
878 3928 977 3978 udo
1014 3954 1079 3966 —
1114 3927 1279 3979 labris
1315 3929 1367 3979 in
1406 3929 1507 3978 udo
1542 3926 1693 3980 Rom.

282 4015 349 4080 11,
386 4016 455 4068 40
492 4014 723 4081 luppiter
758 4012 886 4063 haee
922 4011 1004 4063 illi
1038 4040 1108 4052 —
1144 4011 1369 4080 luppiter
1404 4014 1482 4064 ini
1516 4012 1629 4079 ΜΡ.
1670 4012 1821 4066 Rom.

284 4099 372 4165 111,
412 4102 480 4154 94
516 4100 646 4152 bone
682 4106 742 4151 tu
776 4098 938 4168 pallea
972 4126 1042 4137 -
1075 4097 1205 4150 bone
1239 4098 1401 4168 palles
1435 4097 1549 4165 ΜΡ.
1582 4097 1736 4151 Rom.
