<?xml version="1.0" encoding="UTF-8"?>
<!DOCTYPE html PUBLIC "-//W3C//DTD XHTML 1.0 Transitional//EN"
    "http://www.w3.org/TR/xhtml1/DTD/xhtml1-transitional.dtd">
<html xmlns="http://www.w3.org/1999/xhtml" xml:lang="en" lang="en">
 <head>
  <title>
</title>
<meta http-equiv="Content-Type" content="text/html;charset=utf-8" />
  <meta name='ocr-system' content='tesseract 3.04.00' />
  <meta name='ocr-capabilities' content='ocr_page ocr_carea ocr_par ocr_line ocrx_word'/>
</head>
<body>
  <div class='ocr_page' id='page_1' title='image "./satirarumliberc01jahngoog_0453.png"; bbox 0 0 2764 4738; ppageno 0'>
   <div class='ocr_carea' id='block_1_1' title="bbox 498 397 1870 470">
    <p class='ocr_par' dir='ltr' id='par_1_1' title="bbox 498 397 1870 470">
     <span class='ocr_line' id='line_1_1' title="bbox 498 397 1870 470; baseline -0.002 -7"><span class='ocrx_word' id='word_1_1' title='bbox 498 397 628 463; x_wconf 78' lang='grc'><strong>222</strong></span> <span class='ocrx_word' id='word_1_2' title='bbox 1237 399 1406 460; x_wconf 83' lang='lat' dir='ltr'><strong>SA&#39;r.</strong></span> <span class='ocrx_word' id='word_1_3' title='bbox 1437 400 1537 470; x_wconf 86' lang='lat' dir='ltr'><strong>Vl,</strong></span> <span class='ocrx_word' id='word_1_4' title='bbox 1569 404 1870 464; x_wconf 73' lang='lat'><strong>43—46.</strong></span> 
     </span>
    </p>
   </div>
   <div class='ocr_carea' id='block_1_2' title="bbox 503 563 2632 4141">
    <p class='ocr_par' dir='ltr' id='par_1_2' title="bbox 503 563 2632 4141">
     <span class='ocr_line' id='line_1_2' title="bbox 505 563 2554 652; baseline -0.001 -22"><span class='ocrx_word' id='word_1_5' title='bbox 505 572 723 631; x_wconf 91' lang='lat' dir='ltr'><strong>mimum</strong></span> <span class='ocrx_word' id='word_1_6' title='bbox 769 572 892 648; x_wconf 86' lang='lat' dir='ltr'><strong>egit</strong></span> <span class='ocrx_word' id='word_1_7' title='bbox 937 563 1292 644; x_wconf 57' lang='lat' dir='ltr'><strong>(Sueh&#39;Cal.</strong></span> <span class='ocrx_word' id='word_1_8' title='bbox 1334 577 1417 634; x_wconf 83' lang='lat'><strong>45</strong></span> <span class='ocrx_word' id='word_1_9' title='bbox 1450 591 1574 652; x_wconf 86' lang='lat' dir='ltr'><strong>sqq.</strong></span> <span class='ocrx_word' id='word_1_10' title='bbox 1619 571 1759 631; x_wconf 80' lang='lat' dir='ltr'><strong>Tac.</strong></span> <span class='ocrx_word' id='word_1_11' title='bbox 1806 570 1995 629; x_wconf 90' lang='lat' dir='ltr'><strong>Germ.</strong></span> <span class='ocrx_word' id='word_1_12' title='bbox 2044 574 2189 642; x_wconf 87' lang='grc'><strong>37),</strong></span> <span class='ocrx_word' id='word_1_13' title='bbox 2244 582 2304 630; x_wconf 90' lang='lat' dir='ltr'><strong>et</strong></span> <span class='ocrx_word' id='word_1_14' title='bbox 2347 582 2554 649; x_wconf 85' lang='lat' dir='ltr'><strong>postea</strong></span> 
     </span>
     <span class='ocr_line' id='line_1_3' title="bbox 505 654 2552 738; baseline -0.001 -22"><span class='ocrx_word' id='word_1_15' title='bbox 505 662 663 738; x_wconf 85' lang='lat' dir='ltr'><strong>quasi</strong></span> <span class='ocrx_word' id='word_1_16' title='bbox 708 658 871 715; x_wconf 86' lang='lat' dir='ltr'><strong>victis</strong></span> <span class='ocrx_word' id='word_1_17' title='bbox 916 657 1171 715; x_wconf 73' lang='lat' dir='ltr'><strong>hostibus</strong></span> <span class='ocrx_word' id='word_1_18' title='bbox 1218 656 1552 736; x_wconf 88' lang='lat' dir='ltr'><strong>triumphum</strong></span> <span class='ocrx_word' id='word_1_19' title='bbox 1598 658 1841 735; x_wconf 82' lang='lat' dir='ltr'><strong>paravit.</strong></span> <span class='ocrx_word' id='word_1_20' title='bbox 1905 654 2211 715; x_wconf 82' lang='lat' dir='ltr'>Suetonius</span> <span class='ocrx_word' id='word_1_21' title='bbox 2244 654 2315 715; x_wconf 88' lang='lat' dir='ltr'><strong>de</strong></span> <span class='ocrx_word' id='word_1_22' title='bbox 2349 658 2456 714; x_wconf 82' lang='lat' dir='ltr'><strong>hac</strong></span> <span class='ocrx_word' id='word_1_23' title='bbox 2486 675 2552 714; x_wconf 86' lang='lat' dir='ltr'><strong>re</strong></span> 
     </span>
     <span class='ocr_line' id='line_1_4' title="bbox 503 739 2554 821; baseline -0.002 -19"><span class='ocrx_word' id='word_1_24' title='bbox 503 749 582 802; x_wconf 89' lang='lat' dir='ltr'><strong>ita</strong></span> <span class='ocrx_word' id='word_1_25' title='bbox 625 744 852 821; x_wconf 77' lang='lat' dir='ltr'><strong>scripsit</strong></span> <span class='ocrx_word' id='word_1_26' title='bbox 900 743 961 814; x_wconf 93' lang='grc' dir='ltr'><strong>(Ι.</strong></span> <span class='ocrx_word' id='word_1_27' title='bbox 995 742 1030 799; x_wconf 91' lang='grc' dir='ltr'><strong>Ι.</strong></span> <span class='ocrx_word' id='word_1_28' title='bbox 1063 762 1115 801; x_wconf 95' lang='lat' dir='ltr'><strong>c.</strong></span> <span class='ocrx_word' id='word_1_29' title='bbox 1142 747 1281 813; x_wconf 82' lang='lat'><strong>47):</strong></span> <span class='ocrx_word' id='word_1_30' title='bbox 1341 744 1709 813; x_wconf 83' lang='lat' dir='ltr'><strong>„Conversus</strong></span> <span class='ocrx_word' id='word_1_31' title='bbox 1753 741 1881 800; x_wconf 89' lang='lat' dir='ltr'><strong>hine</strong></span> <span class='ocrx_word' id='word_1_32' title='bbox 1927 739 1998 800; x_wconf 89' lang='lat' dir='ltr'><strong>ad</strong></span> <span class='ocrx_word' id='word_1_33' title='bbox 2042 760 2234 800; x_wconf 87' lang='lat' dir='ltr'><strong>curam</strong></span> <span class='ocrx_word' id='word_1_34' title='bbox 2268 742 2554 820; x_wconf 86' lang='lat' dir='ltr'><strong>triumphi,</strong></span> 
     </span>
     <span class='ocr_line' id='line_1_5' title="bbox 506 825 2557 909; baseline -0.001 -22"><span class='ocrx_word' id='word_1_35' title='bbox 506 838 738 909; x_wconf 84' lang='lat' dir='ltr'><strong>praeter</strong></span> <span class='ocrx_word' id='word_1_36' title='bbox 768 830 1019 905; x_wconf 81' lang='lat' dir='ltr'><strong>captivos</strong></span> <span class='ocrx_word' id='word_1_37' title='bbox 1050 848 1118 886; x_wconf 91' lang='lat' dir='ltr'><strong>ac</strong></span> <span class='ocrx_word' id='word_1_38' title='bbox 1150 829 1476 905; x_wconf 76' lang='lat' dir='ltr'><strong>transfugas</strong></span> <span class='ocrx_word' id='word_1_39' title='bbox 1496 828 1770 885; x_wconf 88' lang='lat' dir='ltr'><strong>barbaros</strong></span> <span class='ocrx_word' id='word_1_40' title='bbox 1803 825 2105 885; x_wconf 87' lang='lat' dir='ltr'><strong>Galliarum</strong></span> <span class='ocrx_word' id='word_1_41' title='bbox 2151 846 2375 906; x_wconf 86' lang='lat' dir='ltr'><strong>quoque</strong></span> <span class='ocrx_word' id='word_1_42' title='bbox 2421 847 2557 905; x_wconf 87' lang='lat' dir='ltr'><strong>pro·</strong></span> 
     </span>
     <span class='ocr_line' id='line_1_6' title="bbox 504 907 2556 993; baseline -0.002 -19"><span class='ocrx_word' id='word_1_43' title='bbox 504 915 851 974; x_wconf 87' lang='lat' dir='ltr'><strong>cerissimum</strong></span> <span class='ocrx_word' id='word_1_44' title='bbox 884 932 1159 993; x_wconf 86' lang='lat' dir='ltr'><strong>quemque</strong></span> <span class='ocrx_word' id='word_1_45' title='bbox 1191 924 1280 983; x_wconf 86' lang='lat' dir='ltr'><strong>et,</strong></span> <span class='ocrx_word' id='word_1_46' title='bbox 1311 925 1372 972; x_wconf 89' lang='lat' dir='ltr'><strong>nt</strong></span> <span class='ocrx_word' id='word_1_47' title='bbox 1400 917 1525 991; x_wconf 90' lang='lat' dir='ltr'><strong>ipse</strong></span> <span class='ocrx_word' id='word_1_48' title='bbox 1557 911 1817 982; x_wconf 84' lang='lat' dir='ltr'><strong>dicebat,</strong></span> <span class='ocrx_word' id='word_1_49' title='bbox 1863 907 2448 993; x_wconf 66' lang='grc' dir='ltr'><strong>ἀξιοθριάμβειντον,</strong></span> <span class='ocrx_word' id='word_1_50' title='bbox 2482 931 2556 969; x_wconf 85' lang='lat' dir='ltr'><strong>ac</strong></span> 
     </span>
     <span class='ocr_line' id='line_1_7' title="bbox 506 996 2558 1077; baseline -0.002 -20"><span class='ocrx_word' id='word_1_51' title='bbox 506 1000 799 1058; x_wconf 86' lang='lat' dir='ltr'><strong>nonnullos</strong></span> <span class='ocrx_word' id='word_1_52' title='bbox 847 1018 923 1057; x_wconf 80' lang='lat' dir='ltr'><strong>ex</strong></span> <span class='ocrx_word' id='word_1_53' title='bbox 952 999 1295 1077; x_wconf 78' lang='lat' dir='ltr'><strong>principibus</strong></span> <span class='ocrx_word' id='word_1_54' title='bbox 1327 1000 1467 1075; x_wconf 89' lang='lat' dir='ltr'><strong>legit</strong></span> <span class='ocrx_word' id='word_1_55' title='bbox 1496 1017 1563 1056; x_wconf 85' lang='lat' dir='ltr'><strong>ac</strong></span> <span class='ocrx_word' id='word_1_56' title='bbox 1597 998 1854 1076; x_wconf 81' lang='lat' dir='ltr'><strong>seposuit</strong></span> <span class='ocrx_word' id='word_1_57' title='bbox 1881 996 1953 1055; x_wconf 90' lang='lat' dir='ltr'><strong>ad</strong></span> <span class='ocrx_word' id='word_1_58' title='bbox 1993 1017 2285 1075; x_wconf 86' lang='lat' dir='ltr'><strong>pompam,</strong></span> <span class='ocrx_word' id='word_1_59' title='bbox 2328 998 2558 1074; x_wconf 84' lang='lat' dir='ltr'><strong>coegit·</strong></span> 
     </span>
     <span class='ocr_line' id='line_1_8' title="bbox 508 1080 2557 1165; baseline -0.001 -23"><span class='ocrx_word' id='word_1_60' title='bbox 508 1104 616 1165; x_wconf 89' lang='lat' dir='ltr'><strong>que</strong></span> <span class='ocrx_word' id='word_1_61' title='bbox 649 1105 757 1142; x_wconf 90' lang='lat' dir='ltr'><strong>non</strong></span> <span class='ocrx_word' id='word_1_62' title='bbox 805 1095 1015 1142; x_wconf 88' lang='lat' dir='ltr'><strong>tantum</strong></span> <span class='ocrx_word' id='word_1_63' title='bbox 1063 1085 1297 1142; x_wconf 87' lang='lat' dir='ltr'><strong>rutilare</strong></span> <span class='ocrx_word' id='word_1_64' title='bbox 1328 1095 1388 1142; x_wconf 93' lang='lat' dir='ltr'><strong>et</strong></span> <span class='ocrx_word' id='word_1_65' title='bbox 1418 1085 1768 1142; x_wconf 78' lang='lat' dir='ltr'><strong>summittere</strong></span> <span class='ocrx_word' id='word_1_66' title='bbox 1810 1102 2059 1154; x_wconf 88' lang='lat' dir='ltr'><strong>comam,</strong></span> <span class='ocrx_word' id='word_1_67' title='bbox 2104 1080 2210 1142; x_wconf 88' lang='lat' dir='ltr'><strong>sed</strong></span> <span class='ocrx_word' id='word_1_68' title='bbox 2241 1093 2301 1141; x_wconf 87' lang='lat' dir='ltr'><strong>et</strong></span> <span class='ocrx_word' id='word_1_69' title='bbox 2329 1102 2557 1140; x_wconf 86' lang='lat' dir='ltr'><strong>sermo·</strong></span> 
     </span>
     <span class='ocr_line' id='line_1_9' title="bbox 509 1166 2561 1228; baseline -0.002 0"><span class='ocrx_word' id='word_1_70' title='bbox 509 1189 635 1228; x_wconf 88' lang='lat' dir='ltr'><strong>nem</strong></span> <span class='ocrx_word' id='word_1_71' title='bbox 692 1168 1084 1227; x_wconf 88' lang='lat' dir='ltr'><strong>Germanicum</strong></span> <span class='ocrx_word' id='word_1_72' title='bbox 1144 1167 1443 1228; x_wconf 76' lang='lat' dir='ltr'><strong>addiscere</strong></span> <span class='ocrx_word' id='word_1_73' title='bbox 1503 1179 1564 1226; x_wconf 89' lang='lat' dir='ltr'><strong>et</strong></span> <span class='ocrx_word' id='word_1_74' title='bbox 1616 1169 1839 1226; x_wconf 88' lang='lat' dir='ltr'><strong>nomina</strong></span> <span class='ocrx_word' id='word_1_75' title='bbox 1896 1166 2193 1226; x_wconf 83' lang='lat' dir='ltr'><strong>barbarica</strong></span> <span class='ocrx_word' id='word_1_76' title='bbox 2241 1168 2421 1226; x_wconf 78' lang='lat' dir='ltr'><strong>serre.</strong></span> <span class='ocrx_word' id='word_1_77' title='bbox 2469 1200 2561 1213; x_wconf 93' lang='lat'>—</span> 
     </span>
     <span class='ocr_line' id='line_1_10' title="bbox 513 1253 2562 1333; baseline -0.002 -19"><span class='ocrx_word' id='word_1_78' title='bbox 513 1255 750 1332; x_wconf 85' lang='lat' dir='ltr'><strong>Scripsit</strong></span> <span class='ocrx_word' id='word_1_79' title='bbox 779 1266 840 1313; x_wconf 90' lang='lat' dir='ltr'><strong>et</strong></span> <span class='ocrx_word' id='word_1_80' title='bbox 870 1254 1364 1333; x_wconf 76' lang='lat' dir='ltr'><strong>procuratoribus,</strong></span> <span class='ocrx_word' id='word_1_81' title='bbox 1396 1253 1727 1331; x_wconf 90' lang='lat' dir='ltr'><strong>triumphum</strong></span> <span class='ocrx_word' id='word_1_82' title='bbox 1759 1262 2106 1331; x_wconf 76' lang='lat' dir='ltr'><strong>appararent</strong></span> <span class='ocrx_word' id='word_1_83' title='bbox 2133 1273 2297 1331; x_wconf 87' lang='lat' dir='ltr'><strong>quam</strong></span> <span class='ocrx_word' id='word_1_84' title='bbox 2328 1254 2562 1310; x_wconf 82' lang='lat' dir='ltr'><strong>minima</strong></span> 
     </span>
     <span class='ocr_line' id='line_1_11' title="bbox 512 1337 2560 1418; baseline -0.002 -19"><span class='ocrx_word' id='word_1_85' title='bbox 512 1360 759 1410; x_wconf 90' lang='lat' dir='ltr'><strong>summa,</strong></span> <span class='ocrx_word' id='word_1_86' title='bbox 806 1338 909 1398; x_wconf 88' lang='lat' dir='ltr'><strong>sed</strong></span> <span class='ocrx_word' id='word_1_87' title='bbox 937 1350 1176 1418; x_wconf 87' lang='lat' dir='ltr'><strong>quantus</strong></span> <span class='ocrx_word' id='word_1_88' title='bbox 1207 1360 1484 1418; x_wconf 88' lang='lat' dir='ltr'><strong>nunquam</strong></span> <span class='ocrx_word' id='word_1_89' title='bbox 1516 1340 1657 1398; x_wconf 83' lang='lat' dir='ltr'><strong>alius</strong></span> <span class='ocrx_word' id='word_1_90' title='bbox 1690 1340 1929 1408; x_wconf 81' lang='lat' dir='ltr'><strong>fuisset,</strong></span> <span class='ocrx_word' id='word_1_91' title='bbox 1970 1337 2192 1417; x_wconf 83' lang='lat' dir='ltr'><strong>quando</strong></span> <span class='ocrx_word' id='word_1_92' title='bbox 2221 1339 2279 1396; x_wconf 93' lang='lat' dir='ltr'><strong>in</strong></span> <span class='ocrx_word' id='word_1_93' title='bbox 2310 1340 2560 1395; x_wconf 85' lang='lat' dir='ltr'><strong>omnium</strong></span> 
     </span>
     <span class='ocr_line' id='line_1_12' title="bbox 509 1423 2563 1496; baseline -0.002 -12"><span class='ocrx_word' id='word_1_94' title='bbox 509 1427 787 1484; x_wconf 90' lang='lat' dir='ltr'><strong>hominum</strong></span> <span class='ocrx_word' id='word_1_95' title='bbox 819 1425 966 1482; x_wconf 89' lang='lat' dir='ltr'><strong>hona</strong></span> <span class='ocrx_word' id='word_1_96' title='bbox 998 1427 1083 1482; x_wconf 89' lang='lat' dir='ltr'><strong>ius</strong></span> <span class='ocrx_word' id='word_1_97' title='bbox 1115 1424 1457 1483; x_wconf 83' lang='lat' dir='ltr'><strong>haberent.“</strong></span> <span class='ocrx_word' id='word_1_98' title='bbox 1503 1424 1663 1496; x_wconf 86' lang='lat' dir='ltr'><strong>Quae</strong></span> <span class='ocrx_word' id='word_1_99' title='bbox 1694 1423 1946 1482; x_wconf 85' lang='lat' dir='ltr'><strong>Persium</strong></span> <span class='ocrx_word' id='word_1_100' title='bbox 1977 1423 2278 1482; x_wconf 74' lang='lat' dir='ltr'><strong>illustrant.</strong></span> <span class='ocrx_word' id='word_1_101' title='bbox 2327 1425 2377 1481; x_wconf 88' lang='grc'><em>0</em></span> <span class='ocrx_word' id='word_1_102' title='bbox 2411 1424 2563 1481; x_wconf 75' lang='lat' dir='ltr'><strong>bone</strong></span> 
     </span>
     <span class='ocr_line' id='line_1_13' title="bbox 512 1507 2562 1589; baseline -0.001 -20"><span class='ocrx_word' id='word_1_103' title='bbox 512 1511 635 1582; x_wconf 79' lang='lat' dir='ltr'><strong>(lv,</strong></span> <span class='ocrx_word' id='word_1_104' title='bbox 666 1514 805 1583; x_wconf 78' lang='lat'><strong>94),</strong></span> <span class='ocrx_word' id='word_1_105' title='bbox 863 1529 1000 1568; x_wconf 83' lang='lat' dir='ltr'><strong>num</strong></span> <span class='ocrx_word' id='word_1_106' title='bbox 1045 1511 1325 1587; x_wconf 78' lang='lat' dir='ltr'><strong>ignoras,</strong></span> <span class='ocrx_word' id='word_1_107' title='bbox 1368 1507 1439 1569; x_wconf 89' lang='lat' dir='ltr'><strong>de</strong></span> <span class='ocrx_word' id='word_1_108' title='bbox 1485 1529 1596 1589; x_wconf 85' lang='lat' dir='ltr'><strong>qua</strong></span> <span class='ocrx_word' id='word_1_109' title='bbox 1634 1529 1698 1567; x_wconf 89' lang='lat' dir='ltr'><strong>re</strong></span> <span class='ocrx_word' id='word_1_110' title='bbox 1743 1528 1941 1568; x_wconf 87' lang='lat' dir='ltr'><strong>omnes</strong></span> <span class='ocrx_word' id='word_1_111' title='bbox 1987 1509 2323 1588; x_wconf 81' lang='lat' dir='ltr'><strong>loquuntur3</strong></span> <span class='ocrx_word' id='word_1_112' title='bbox 2375 1511 2562 1567; x_wconf 62' lang='lat' dir='ltr'><strong>missa</strong></span> 
     </span>
     <span class='ocr_line' id='line_1_14' title="bbox 513 1594 2556 1672; baseline -0.001 -19"><span class='ocrx_word' id='word_1_113' title='bbox 513 1606 607 1655; x_wconf 85' lang='lat' dir='ltr'><strong>est</strong></span> <span class='ocrx_word' id='word_1_114' title='bbox 646 1615 682 1654; x_wconf 90' lang='lat' dir='ltr'><strong>a</strong></span> <span class='ocrx_word' id='word_1_115' title='bbox 738 1596 999 1653; x_wconf 82' lang='lat' dir='ltr'><strong>Caesare</strong></span> <span class='ocrx_word' id='word_1_116' title='bbox 1043 1596 1251 1653; x_wconf 80' lang='lat' dir='ltr'><strong>laurus</strong></span> <span class='ocrx_word' id='word_1_117' title='bbox 1294 1596 1581 1672; x_wconf 80' lang='lat' dir='ltr'><strong>insignem</strong></span> <span class='ocrx_word' id='word_1_118' title='bbox 1623 1595 1693 1652; x_wconf 86' lang='lat' dir='ltr'><strong>ob</strong></span> <span class='ocrx_word' id='word_1_119' title='bbox 1733 1595 1957 1652; x_wconf 82' lang='lat' dir='ltr'><strong>cladem</strong></span> <span class='ocrx_word' id='word_1_120' title='bbox 1994 1596 2322 1652; x_wconf 77' lang='lat' dir='ltr'><strong>Ger-manae</strong></span> <span class='ocrx_word' id='word_1_121' title='bbox 2343 1594 2556 1672; x_wconf 78' lang='lat' dir='ltr'><strong>pubis,</strong></span> 
     </span>
     <span class='ocr_line' id='line_1_15' title="bbox 512 1679 2560 1759; baseline -0.002 -18"><span class='ocrx_word' id='word_1_122' title='bbox 512 1702 588 1741; x_wconf 80' lang='lat' dir='ltr'><strong>ex</strong></span> <span class='ocrx_word' id='word_1_123' title='bbox 631 1682 859 1758; x_wconf 88' lang='lat' dir='ltr'><strong>antiquo</strong></span> <span class='ocrx_word' id='word_1_124' title='bbox 905 1699 1094 1750; x_wconf 89' lang='lat' dir='ltr'><strong>more,</strong></span> <span class='ocrx_word' id='word_1_125' title='bbox 1140 1700 1249 1759; x_wconf 91' lang='lat' dir='ltr'><strong>quo</strong></span> <span class='ocrx_word' id='word_1_126' title='bbox 1293 1682 1665 1758; x_wconf 86' lang='lat' dir='ltr'><strong>imperatores</strong></span> <span class='ocrx_word' id='word_1_127' title='bbox 1696 1681 1983 1737; x_wconf 82' lang='lat' dir='ltr'><strong>victoriam</strong></span> <span class='ocrx_word' id='word_1_128' title='bbox 2030 1679 2236 1738; x_wconf 85' lang='lat' dir='ltr'><strong>litteris</strong></span> <span class='ocrx_word' id='word_1_129' title='bbox 2282 1679 2560 1737; x_wconf 83' lang='lat' dir='ltr'><strong>laureatis</strong></span> 
     </span>
     <span class='ocr_line' id='line_1_16' title="bbox 513 1762 2632 1843; baseline -0.001 -19"><span class='ocrx_word' id='word_1_130' title='bbox 513 1764 879 1835; x_wconf 75' lang='lat' dir='ltr'><strong>nunciabant,</strong></span> <span class='ocrx_word' id='word_1_131' title='bbox 938 1763 1008 1822; x_wconf 93' lang='lat' dir='ltr'><strong>de</strong></span> <span class='ocrx_word' id='word_1_132' title='bbox 1054 1766 1253 1843; x_wconf 82' lang='lat' dir='ltr'><strong>quihus</strong></span> <span class='ocrx_word' id='word_1_133' title='bbox 1301 1766 1621 1841; x_wconf 79' lang='lat' dir='ltr'><strong>elegantem</strong></span> <span class='ocrx_word' id='word_1_134' title='bbox 1670 1765 1711 1823; x_wconf 89' lang='lat'><strong>1.</strong></span> <span class='ocrx_word' id='word_1_135' title='bbox 1763 1764 1828 1822; x_wconf 88' lang='lat' dir='ltr'><strong>G.</strong></span> <span class='ocrx_word' id='word_1_136' title='bbox 1873 1765 2113 1841; x_wconf 84' lang='lat' dir='ltr'><strong>Bergeri</strong></span> <span class='ocrx_word' id='word_1_137' title='bbox 2153 1762 2294 1822; x_wconf 86' lang='lat' dir='ltr'><strong>diss.</strong></span> <span class='ocrx_word' id='word_1_138' title='bbox 2334 1763 2557 1836; x_wconf 83' lang='lat' dir='ltr'><strong>(Viteb.</strong></span> <span class='ocrx_word' id='word_1_139' title='bbox 2617 1821 2632 1834; x_wconf 74' lang='grc'>,</span> 
     </span>
     <span class='ocr_line' id='line_1_17' title="bbox 512 1848 2557 1929; baseline -0.001 -20"><span class='ocrx_word' id='word_1_140' title='bbox 512 1872 568 1910; x_wconf 89' lang='lat' dir='ltr'><strong>a.</strong></span> <span class='ocrx_word' id='word_1_141' title='bbox 606 1854 790 1922; x_wconf 84' lang='lat'>1719)</span> <span class='ocrx_word' id='word_1_142' title='bbox 826 1848 1014 1908; x_wconf 87' lang='lat' dir='ltr'><strong>laudat</strong></span> <span class='ocrx_word' id='word_1_143' title='bbox 1045 1849 1222 1909; x_wconf 90' lang='lat' dir='ltr'><strong>Gesn.</strong></span> <span class='ocrx_word' id='word_1_144' title='bbox 1258 1851 1329 1908; x_wconf 87' lang='lat' dir='ltr'><strong>ad</strong></span> <span class='ocrx_word' id='word_1_145' title='bbox 1359 1851 1501 1909; x_wconf 85' lang='lat' dir='ltr'><strong>Plio.</strong></span> <span class='ocrx_word' id='word_1_146' title='bbox 1541 1869 1745 1929; x_wconf 81' lang='lat' dir='ltr'><strong>paneg.</strong></span> <span class='ocrx_word' id='word_1_147' title='bbox 1777 1854 1835 1920; x_wconf 89' lang='lat'><strong>8,</strong></span> <span class='ocrx_word' id='word_1_148' title='bbox 1867 1850 1945 1908; x_wconf 87' lang='lat' dir='ltr'><strong>cf.</strong></span> <span class='ocrx_word' id='word_1_149' title='bbox 1976 1850 2117 1908; x_wconf 84' lang='lat' dir='ltr'><strong>Plio.</strong></span> <span class='ocrx_word' id='word_1_150' title='bbox 2150 1849 2282 1921; x_wconf 86' lang='lat' dir='ltr'><strong>XV,</strong></span> <span class='ocrx_word' id='word_1_151' title='bbox 2314 1854 2420 1918; x_wconf 88' lang='grc'><strong>30,</strong></span> <span class='ocrx_word' id='word_1_152' title='bbox 2447 1854 2557 1910; x_wconf 74' lang='grc'><strong>40.</strong></span> 
     </span>
     <span class='ocr_line' id='line_1_18' title="bbox 515 1934 2554 2012; baseline 0 -18"><span class='ocrx_word' id='word_1_153' title='bbox 515 1936 705 1995; x_wconf 85' lang='lat' dir='ltr'><strong>Schol.</strong></span> <span class='ocrx_word' id='word_1_154' title='bbox 738 1935 854 1993; x_wconf 85' lang='lat' dir='ltr'><strong>Iuv.</strong></span> <span class='ocrx_word' id='word_1_155' title='bbox 889 1936 986 2005; x_wconf 79' lang='lat' dir='ltr'><strong>lv,</strong></span> <span class='ocrx_word' id='word_1_156' title='bbox 1031 1940 1168 1998; x_wconf 81' lang='lat'><strong>149.</strong></span> <span class='ocrx_word' id='word_1_157' title='bbox 1201 1935 1326 1994; x_wconf 82' lang='lat' dir='ltr'><strong>Liv.</strong></span> <span class='ocrx_word' id='word_1_158' title='bbox 1353 1936 1427 2006; x_wconf 85' lang='lat' dir='ltr'><strong>V,</strong></span> <span class='ocrx_word' id='word_1_159' title='bbox 1461 1940 1564 2006; x_wconf 80' lang='lat'><strong>28,</strong></span> <span class='ocrx_word' id='word_1_160' title='bbox 1599 1940 1673 1997; x_wconf 84' lang='grc'><strong>13</strong></span> <span class='ocrx_word' id='word_1_161' title='bbox 1715 1936 1788 1993; x_wconf 90' lang='lat' dir='ltr'><strong>ib.</strong></span> <span class='ocrx_word' id='word_1_162' title='bbox 1823 1937 2001 2012; x_wconf 86' lang='lat' dir='ltr'><strong>intpp.</strong></span> <span class='ocrx_word' id='word_1_163' title='bbox 2037 1934 2177 1993; x_wconf 84' lang='lat' dir='ltr'><strong>Tac.</strong></span> <span class='ocrx_word' id='word_1_164' title='bbox 2210 1936 2410 2011; x_wconf 81' lang='lat' dir='ltr'><strong>Agrie.</strong></span> <span class='ocrx_word' id='word_1_165' title='bbox 2445 1939 2554 1996; x_wconf 87' lang='lat'><strong>18.</strong></span> 
     </span>
     <span class='ocr_line' id='line_1_19' title="bbox 510 2018 2555 2098; baseline -0.001 -18"><span class='ocrx_word' id='word_1_166' title='bbox 510 2022 678 2080; x_wconf 85' lang='lat' dir='ltr'><strong>Mart.</strong></span> <span class='ocrx_word' id='word_1_167' title='bbox 706 2021 923 2091; x_wconf 85' lang='grc' dir='ltr'>ῙΧ,35,</span> <span class='ocrx_word' id='word_1_168' title='bbox 939 2025 998 2082; x_wconf 86' lang='grc'><strong>6.</strong></span> <span class='ocrx_word' id='word_1_169' title='bbox 1031 2020 1138 2079; x_wconf 91' lang='lat' dir='ltr'><strong>Dio</strong></span> <span class='ocrx_word' id='word_1_170' title='bbox 1158 2020 1224 2078; x_wconf 92' lang='lat' dir='ltr'><strong>C.</strong></span> <span class='ocrx_word' id='word_1_171' title='bbox 1248 2021 1426 2092; x_wconf 83' lang='lat' dir='ltr'><strong>an,</strong></span> <span class='ocrx_word' id='word_1_172' title='bbox 1444 2025 1541 2083; x_wconf 81' lang='lat'><strong>19.</strong></span> <span class='ocrx_word' id='word_1_173' title='bbox 1573 2022 1724 2080; x_wconf 78' lang='lat' dir='ltr'><strong>Aris</strong></span> <span class='ocrx_word' id='word_1_174' title='bbox 1739 2018 2016 2098; x_wconf 62' lang='lat' dir='ltr'><strong>fregidus</strong></span> <span class='ocrx_word' id='word_1_175' title='bbox 2043 2022 2346 2078; x_wconf 72' lang='lat' dir='ltr'><strong>excutitur</strong></span> <span class='ocrx_word' id='word_1_176' title='bbox 2376 2021 2555 2089; x_wconf 61' lang='grc' dir='ltr'><strong>εἰπεῖν,</strong></span> 
     </span>
     <span class='ocr_line' id='line_1_20' title="bbox 513 2103 2563 2183; baseline -0.001 -19"><span class='ocrx_word' id='word_1_177' title='bbox 513 2117 575 2164; x_wconf 86' lang='lat' dir='ltr'><strong>nt</strong></span> <span class='ocrx_word' id='word_1_178' title='bbox 619 2127 764 2164; x_wconf 85' lang='lat' dir='ltr'><strong>nova</strong></span> <span class='ocrx_word' id='word_1_179' title='bbox 806 2107 1083 2164; x_wconf 81' lang='lat' dir='ltr'><strong>sacrificia</strong></span> <span class='ocrx_word' id='word_1_180' title='bbox 1128 2106 1321 2164; x_wconf 81' lang='lat' dir='ltr'><strong>offerri</strong></span> <span class='ocrx_word' id='word_1_181' title='bbox 1374 2107 1609 2183; x_wconf 87' lang='lat' dir='ltr'><strong>possint.</strong></span> <span class='ocrx_word' id='word_1_182' title='bbox 1687 2106 1844 2178; x_wconf 84' lang='lat' dir='ltr'><strong>Quae</strong></span> <span class='ocrx_word' id='word_1_183' title='bbox 1885 2104 2031 2183; x_wconf 85' lang='lat' dir='ltr'><strong>apud</strong></span> <span class='ocrx_word' id='word_1_184' title='bbox 2075 2103 2404 2164; x_wconf 84' lang='lat' dir='ltr'><strong>Suetonium</strong></span> <span class='ocrx_word' id='word_1_185' title='bbox 2452 2124 2563 2182; x_wconf 85' lang='lat' dir='ltr'><strong>per</strong></span> 
     </span>
     <span class='ocr_line' id='line_1_21' title="bbox 515 2188 2560 2270; baseline -0.001 -21"><span class='ocrx_word' id='word_1_186' title='bbox 515 2204 914 2270; x_wconf 82' lang='lat' dir='ltr'><strong>procuratores</strong></span> <span class='ocrx_word' id='word_1_187' title='bbox 957 2192 1074 2268; x_wconf 89' lang='lat' dir='ltr'><strong>agit</strong></span> <span class='ocrx_word' id='word_1_188' title='bbox 1118 2190 1408 2269; x_wconf 72' lang='lat' dir='ltr'><strong>Caligula,</strong></span> <span class='ocrx_word' id='word_1_189' title='bbox 1453 2210 1524 2250; x_wconf 85' lang='lat' dir='ltr'><strong>ea</strong></span> <span class='ocrx_word' id='word_1_190' title='bbox 1570 2191 1660 2249; x_wconf 90' lang='lat' dir='ltr'><strong>hie</strong></span> <span class='ocrx_word' id='word_1_191' title='bbox 1708 2189 2127 2249; x_wconf 76' lang='lat' dir='ltr'><strong>administrasse</strong></span> <span class='ocrx_word' id='word_1_192' title='bbox 2159 2188 2366 2249; x_wconf 86' lang='lat' dir='ltr'><strong>dieitur</strong></span> <span class='ocrx_word' id='word_1_193' title='bbox 2404 2192 2560 2248; x_wconf 83' lang='lat' dir='ltr'><strong>Cae-</strong></span> 
     </span>
     <span class='ocr_line' id='line_1_22' title="bbox 510 2274 2558 2354; baseline -0.001 -18"><span class='ocrx_word' id='word_1_194' title='bbox 510 2280 716 2348; x_wconf 81' lang='lat' dir='ltr'><strong>sonia,</strong></span> <span class='ocrx_word' id='word_1_195' title='bbox 752 2277 1041 2354; x_wconf 83' lang='lat' dir='ltr'><strong>Caligulae</strong></span> <span class='ocrx_word' id='word_1_196' title='bbox 1075 2277 1203 2334; x_wconf 92' lang='lat' dir='ltr'><strong>olim</strong></span> <span class='ocrx_word' id='word_1_197' title='bbox 1236 2278 1449 2347; x_wconf 86' lang='lat' dir='ltr'><strong>amica,</strong></span> <span class='ocrx_word' id='word_1_198' title='bbox 1494 2286 1620 2354; x_wconf 90' lang='lat' dir='ltr'><strong>post</strong></span> <span class='ocrx_word' id='word_1_199' title='bbox 1660 2274 1893 2334; x_wconf 87' lang='lat' dir='ltr'><strong>Lolliam</strong></span> <span class='ocrx_word' id='word_1_200' title='bbox 1939 2275 2228 2334; x_wconf 83' lang='lat' dir='ltr'><strong>Paulinam</strong></span> <span class='ocrx_word' id='word_1_201' title='bbox 2274 2277 2558 2334; x_wconf 84' lang='lat' dir='ltr'><strong>reiectam</strong></span> 
     </span>
     <span class='ocr_line' id='line_1_23' title="bbox 514 2360 2558 2439; baseline -0.001 -18"><span class='ocrx_word' id='word_1_202' title='bbox 514 2383 691 2434; x_wconf 79' lang='lat' dir='ltr'><strong>uxor,</strong></span> <span class='ocrx_word' id='word_1_203' title='bbox 724 2362 802 2421; x_wconf 82' lang='lat' dir='ltr'><strong>cf.</strong></span> <span class='ocrx_word' id='word_1_204' title='bbox 843 2360 1001 2422; x_wconf 89' lang='lat' dir='ltr'><strong>Suet.</strong></span> <span class='ocrx_word' id='word_1_205' title='bbox 1036 2361 1153 2420; x_wconf 89' lang='lat' dir='ltr'><strong>Cal.</strong></span> <span class='ocrx_word' id='word_1_206' title='bbox 1184 2367 1286 2424; x_wconf 86' lang='lat'><strong>25.</strong></span> <span class='ocrx_word' id='word_1_207' title='bbox 1320 2362 1427 2421; x_wconf 90' lang='lat' dir='ltr'><strong>Dio</strong></span> <span class='ocrx_word' id='word_1_208' title='bbox 1456 2361 1519 2420; x_wconf 93' lang='lat' dir='ltr'><strong>C.</strong></span> <span class='ocrx_word' id='word_1_209' title='bbox 1537 2360 1806 2432; x_wconf 85' lang='lat' dir='ltr'><strong>L1X‚23.</strong></span> <span class='ocrx_word' id='word_1_210' title='bbox 1853 2360 2007 2420; x_wconf 86' lang='lat' dir='ltr'><strong>Haec</strong></span> <span class='ocrx_word' id='word_1_211' title='bbox 2038 2362 2211 2439; x_wconf 86' lang='lat' dir='ltr'><strong>igitur</strong></span> <span class='ocrx_word' id='word_1_212' title='bbox 2241 2381 2315 2420; x_wconf 87' lang='lat' dir='ltr'><strong>ea</strong></span> <span class='ocrx_word' id='word_1_213' title='bbox 2344 2362 2558 2431; x_wconf 78' lang='lat' dir='ltr'><strong>omnia,</strong></span> 
     </span>
     <span class='ocr_line' id='line_1_24' title="bbox 512 2446 2558 2529; baseline -0.001 -22"><span class='ocrx_word' id='word_1_214' title='bbox 512 2467 657 2529; x_wconf 88' lang='lat' dir='ltr'><strong>quae</strong></span> <span class='ocrx_word' id='word_1_215' title='bbox 690 2447 759 2505; x_wconf 91' lang='lat' dir='ltr'><strong>ad</strong></span> <span class='ocrx_word' id='word_1_216' title='bbox 791 2468 1044 2527; x_wconf 84' lang='lat' dir='ltr'><strong>pompam</strong></span> <span class='ocrx_word' id='word_1_217' title='bbox 1078 2446 1458 2506; x_wconf 87' lang='lat' dir='ltr'><strong>illustrandam</strong></span> <span class='ocrx_word' id='word_1_218' title='bbox 1491 2447 1562 2507; x_wconf 90' lang='lat' dir='ltr'><strong>de</strong></span> <span class='ocrx_word' id='word_1_219' title='bbox 1594 2446 1848 2505; x_wconf 86' lang='lat' dir='ltr'><strong>hostibus</strong></span> <span class='ocrx_word' id='word_1_220' title='bbox 1890 2447 2054 2505; x_wconf 86' lang='lat' dir='ltr'><strong>vietis</strong></span> <span class='ocrx_word' id='word_1_221' title='bbox 2086 2446 2321 2505; x_wconf 86' lang='lat' dir='ltr'><strong>Romam</strong></span> <span class='ocrx_word' id='word_1_222' title='bbox 2350 2467 2558 2526; x_wconf 79' lang='lat' dir='ltr'><strong>aspor-</strong></span> 
     </span>
     <span class='ocr_line' id='line_1_25' title="bbox 512 2531 2556 2611; baseline -0 -20"><span class='ocrx_word' id='word_1_223' title='bbox 512 2534 709 2593; x_wconf 88' lang='lat' dir='ltr'><strong>tabant</strong></span> <span class='ocrx_word' id='word_1_224' title='bbox 751 2535 1173 2611; x_wconf 86' lang='lat' dir='ltr'><strong>triumphaturi,</strong></span> <span class='ocrx_word' id='word_1_225' title='bbox 1229 2532 1301 2592; x_wconf 86' lang='lat' dir='ltr'><strong>ad</strong></span> <span class='ocrx_word' id='word_1_226' title='bbox 1345 2533 1493 2592; x_wconf 87' lang='lat' dir='ltr'><strong>hunc</strong></span> <span class='ocrx_word' id='word_1_227' title='bbox 1540 2533 1737 2591; x_wconf 86' lang='lat' dir='ltr'><strong>falsum</strong></span> <span class='ocrx_word' id='word_1_228' title='bbox 1787 2532 2115 2610; x_wconf 88' lang='lat' dir='ltr'><strong>triumphum</strong></span> <span class='ocrx_word' id='word_1_229' title='bbox 2163 2531 2556 2591; x_wconf 75' lang='lat' dir='ltr'><strong>exornandum</strong></span> 
     </span>
     <span class='ocr_line' id='line_1_26' title="bbox 514 2617 2555 2697; baseline -0.001 -20"><span class='ocrx_word' id='word_1_230' title='bbox 514 2620 723 2678; x_wconf 88' lang='lat' dir='ltr'><strong>Romae</strong></span> <span class='ocrx_word' id='word_1_231' title='bbox 757 2617 1017 2677; x_wconf 79' lang='lat' dir='ltr'><strong>facienda</strong></span> <span class='ocrx_word' id='word_1_232' title='bbox 1048 2621 1233 2690; x_wconf 85' lang='lat' dir='ltr'><strong>locat,</strong></span> <span class='ocrx_word' id='word_1_233' title='bbox 1267 2618 1611 2697; x_wconf 86' lang='lat' dir='ltr'><strong>redemptori</strong></span> <span class='ocrx_word' id='word_1_234' title='bbox 1647 2619 1922 2676; x_wconf 88' lang='lat' dir='ltr'><strong>minimum</strong></span> <span class='ocrx_word' id='word_1_235' title='bbox 1952 2619 2211 2696; x_wconf 88' lang='lat' dir='ltr'><strong>poscenti</strong></span> <span class='ocrx_word' id='word_1_236' title='bbox 2242 2617 2422 2677; x_wconf 84' lang='lat' dir='ltr'><strong>tradit</strong></span> <span class='ocrx_word' id='word_1_237' title='bbox 2451 2619 2555 2691; x_wconf 77' lang='lat' dir='ltr'><strong>(cs.</strong></span> 
     </span>
     <span class='ocr_line' id='line_1_27' title="bbox 514 2701 2554 2782; baseline -0.002 -17"><span class='ocrx_word' id='word_1_238' title='bbox 514 2703 822 2766; x_wconf 89' lang='lat' dir='ltr'><strong>Brummer.</strong></span> <span class='ocrx_word' id='word_1_239' title='bbox 870 2724 1066 2763; x_wconf 78' lang='lat' dir='ltr'><strong>exere.</strong></span> <span class='ocrx_word' id='word_1_240' title='bbox 1098 2702 1168 2763; x_wconf 86' lang='lat' dir='ltr'><strong>de</strong></span> <span class='ocrx_word' id='word_1_241' title='bbox 1201 2706 1484 2764; x_wconf 86' lang='lat' dir='ltr'><strong>locatione</strong></span> <span class='ocrx_word' id='word_1_242' title='bbox 1517 2716 1576 2762; x_wconf 89' lang='lat' dir='ltr'><strong>et</strong></span> <span class='ocrx_word' id='word_1_243' title='bbox 1607 2701 1998 2774; x_wconf 89' lang='lat' dir='ltr'><strong>conductione,</strong></span> <span class='ocrx_word' id='word_1_244' title='bbox 2030 2723 2161 2781; x_wconf 91' lang='lat' dir='ltr'><strong>opp.</strong></span> <span class='ocrx_word' id='word_1_245' title='bbox 2193 2724 2250 2782; x_wconf 92' lang='lat' dir='ltr'><strong>p.</strong></span> <span class='ocrx_word' id='word_1_246' title='bbox 2283 2707 2414 2764; x_wconf 87' lang='grc'><strong>378</strong></span> <span class='ocrx_word' id='word_1_247' title='bbox 2430 2723 2554 2782; x_wconf 84' lang='lat' dir='ltr'><strong>sqq.</strong></span> 
     </span>
     <span class='ocr_line' id='line_1_28' title="bbox 514 2786 2554 2867; baseline -0.001 -19"><span class='ocrx_word' id='word_1_248' title='bbox 514 2789 673 2848; x_wconf 84' lang='lat' dir='ltr'><strong>Rost.</strong></span> <span class='ocrx_word' id='word_1_249' title='bbox 744 2786 813 2848; x_wconf 93' lang='lat' dir='ltr'><strong>de</strong></span> <span class='ocrx_word' id='word_1_250' title='bbox 869 2790 1148 2848; x_wconf 86' lang='lat' dir='ltr'><strong>locatione</strong></span> <span class='ocrx_word' id='word_1_251' title='bbox 1207 2800 1268 2849; x_wconf 92' lang='lat' dir='ltr'><strong>et</strong></span> <span class='ocrx_word' id='word_1_252' title='bbox 1317 2789 1690 2849; x_wconf 88' lang='lat' dir='ltr'><strong>conductione</strong></span> <span class='ocrx_word' id='word_1_253' title='bbox 1733 2809 1823 2867; x_wconf 89' lang='lat' dir='ltr'><strong>ap.</strong></span> <span class='ocrx_word' id='word_1_254' title='bbox 1855 2787 2126 2847; x_wconf 88' lang='lat' dir='ltr'><strong>Plautum.</strong></span> <span class='ocrx_word' id='word_1_255' title='bbox 2164 2788 2329 2867; x_wconf 86' lang='lat' dir='ltr'><strong>Lips.</strong></span> <span class='ocrx_word' id='word_1_256' title='bbox 2368 2793 2554 2850; x_wconf 83' lang='lat'><strong>1810.</strong></span> 
     </span>
     <span class='ocr_line' id='line_1_29' title="bbox 514 2872 2556 2953; baseline -0.001 -20"><span class='ocrx_word' id='word_1_257' title='bbox 514 2875 768 2934; x_wconf 86' lang='lat' dir='ltr'><strong>Cramer.</strong></span> <span class='ocrx_word' id='word_1_258' title='bbox 815 2872 884 2933; x_wconf 90' lang='lat' dir='ltr'><strong>ad</strong></span> <span class='ocrx_word' id='word_1_259' title='bbox 928 2874 1105 2933; x_wconf 87' lang='lat' dir='ltr'><strong>schol.</strong></span> <span class='ocrx_word' id='word_1_260' title='bbox 1154 2874 1269 2934; x_wconf 85' lang='lat' dir='ltr'><strong>Iuv.</strong></span> <span class='ocrx_word' id='word_1_261' title='bbox 1313 2895 1367 2953; x_wconf 95' lang='lat' dir='ltr'><strong>p.</strong></span> <span class='ocrx_word' id='word_1_262' title='bbox 1401 2878 1545 2936; x_wconf 87' lang='grc'><strong>375.</strong></span> <span class='ocrx_word' id='word_1_263' title='bbox 1602 2873 1779 2945; x_wconf 84' lang='lat' dir='ltr'><strong>Rein,</strong></span> <span class='ocrx_word' id='word_1_264' title='bbox 1809 2872 1969 2933; x_wconf 67' lang='lat' dir='ltr'><strong>Rom.</strong></span> <span class='ocrx_word' id='word_1_265' title='bbox 2005 2872 2244 2932; x_wconf 83' lang='lat' dir='ltr'><strong>Privatr.</strong></span> <span class='ocrx_word' id='word_1_266' title='bbox 2292 2894 2347 2952; x_wconf 91' lang='lat' dir='ltr'><strong>p.</strong></span> <span class='ocrx_word' id='word_1_267' title='bbox 2382 2877 2556 2943; x_wconf 77' lang='lat'><strong>334).</strong></span> 
     </span>
     <span class='ocr_line' id='line_1_30' title="bbox 510 2958 2555 3038; baseline -0.001 -18"><span class='ocrx_word' id='word_1_268' title='bbox 510 2965 703 3020; x_wconf 78' lang='lat' dir='ltr'><strong>Arma</strong></span> <span class='ocrx_word' id='word_1_269' title='bbox 724 3005 743 3030; x_wconf 90' lang='lat'><em>‚</em></span> <span class='ocrx_word' id='word_1_270' title='bbox 777 2959 1016 3018; x_wconf 86' lang='lat' dir='ltr'><strong>hostium</strong></span> <span class='ocrx_word' id='word_1_271' title='bbox 1047 2959 1255 3038; x_wconf 87' lang='lat' dir='ltr'><strong>spolia,</strong></span> <span class='ocrx_word' id='word_1_272' title='bbox 1291 2961 1561 3038; x_wconf 80' lang='lat' dir='ltr'><strong>postibus</strong></span> <span class='ocrx_word' id='word_1_273' title='bbox 1590 2958 2048 3036; x_wconf 87' lang='lat' dir='ltr'><strong>triumphatorum</strong></span> <span class='ocrx_word' id='word_1_274' title='bbox 2081 2960 2470 3037; x_wconf 83' lang='lat' dir='ltr'><strong>affigebantur</strong></span> <span class='ocrx_word' id='word_1_275' title='bbox 2496 2961 2555 3017; x_wconf 88' lang='lat' dir='ltr'><strong>in</strong></span> 
     </span>
     <span class='ocr_line' id='line_1_31' title="bbox 512 3044 2557 3125; baseline 0 -22"><span class='ocrx_word' id='word_1_276' title='bbox 512 3047 783 3104; x_wconf 86' lang='lat' dir='ltr'><strong>honorem</strong></span> <span class='ocrx_word' id='word_1_277' title='bbox 802 3044 1016 3116; x_wconf 86' lang='lat' dir='ltr'><strong>domus,</strong></span> <span class='ocrx_word' id='word_1_278' title='bbox 1048 3065 1191 3125; x_wconf 87' lang='lat' dir='ltr'><strong>quae</strong></span> <span class='ocrx_word' id='word_1_279' title='bbox 1212 3065 1397 3124; x_wconf 86' lang='lat' dir='ltr'><strong>neque</strong></span> <span class='ocrx_word' id='word_1_280' title='bbox 1429 3044 1772 3124; x_wconf 83' lang='lat' dir='ltr'><strong>emptorihus</strong></span> <span class='ocrx_word' id='word_1_281' title='bbox 1817 3045 2062 3121; x_wconf 82' lang='lat' dir='ltr'><strong>refigere</strong></span> <span class='ocrx_word' id='word_1_282' title='bbox 2107 3044 2356 3114; x_wconf 85' lang='lat' dir='ltr'><strong>licebat,</strong></span> <span class='ocrx_word' id='word_1_283' title='bbox 2413 3044 2557 3103; x_wconf 84' lang='lat' dir='ltr'><strong>Plin.</strong></span> 
     </span>
     <span class='ocr_line' id='line_1_32' title="bbox 511 3127 2555 3208; baseline -0.001 -19"><span class='ocrx_word' id='word_1_284' title='bbox 511 3130 754 3201; x_wconf 85' lang='lat' dir='ltr'>XXXV,</span> <span class='ocrx_word' id='word_1_285' title='bbox 779 3135 911 3201; x_wconf 84' lang='lat'><strong>2‚2.</strong></span> <span class='ocrx_word' id='word_1_286' title='bbox 947 3129 1075 3188; x_wconf 88' lang='lat' dir='ltr'><strong>Val.</strong></span> <span class='ocrx_word' id='word_1_287' title='bbox 1093 3130 1245 3189; x_wconf 77' lang='lat' dir='ltr'><strong>Max.</strong></span> <span class='ocrx_word' id='word_1_288' title='bbox 1264 3131 1387 3202; x_wconf 86' lang='lat' dir='ltr'><strong>Vll,</strong></span> <span class='ocrx_word' id='word_1_289' title='bbox 1406 3135 1464 3202; x_wconf 84' lang='grc'><strong>6,</strong></span> <span class='ocrx_word' id='word_1_290' title='bbox 1486 3136 1543 3192; x_wconf 96' lang='grc'><strong>1.</strong></span> <span class='ocrx_word' id='word_1_291' title='bbox 1575 3130 1763 3190; x_wconf 88' lang='lat' dir='ltr'><strong>Burm.</strong></span> <span class='ocrx_word' id='word_1_292' title='bbox 1781 3127 1853 3187; x_wconf 86' lang='lat' dir='ltr'><strong>ad</strong></span> <span class='ocrx_word' id='word_1_293' title='bbox 1867 3129 2102 3189; x_wconf 87' lang='lat' dir='ltr'><strong>Anthol.</strong></span> <span class='ocrx_word' id='word_1_294' title='bbox 2125 3128 2305 3208; x_wconf 90' lang='lat' dir='ltr'><strong>L.1p.</strong></span> <span class='ocrx_word' id='word_1_295' title='bbox 2323 3133 2452 3191; x_wconf 81' lang='lat'><strong>206</strong></span> <span class='ocrx_word' id='word_1_296' title='bbox 2468 3150 2555 3208; x_wconf 86' lang='lat' dir='ltr'><strong>sq.</strong></span> 
     </span>
     <span class='ocr_line' id='line_1_33' title="bbox 511 3213 2557 3295; baseline -0.001 -20"><span class='ocrx_word' id='word_1_297' title='bbox 511 3217 724 3275; x_wconf 88' lang='lat' dir='ltr'><strong>Verum</strong></span> <span class='ocrx_word' id='word_1_298' title='bbox 769 3218 874 3274; x_wconf 87' lang='lat' dir='ltr'><strong>iam</strong></span> <span class='ocrx_word' id='word_1_299' title='bbox 924 3217 1053 3274; x_wconf 90' lang='lat' dir='ltr'><strong>olim</strong></span> <span class='ocrx_word' id='word_1_300' title='bbox 1094 3237 1239 3274; x_wconf 83' lang='lat' dir='ltr'><strong>vana</strong></span> <span class='ocrx_word' id='word_1_301' title='bbox 1283 3217 1500 3293; x_wconf 87' lang='lat' dir='ltr'><strong>gloriae</strong></span> <span class='ocrx_word' id='word_1_302' title='bbox 1550 3214 1853 3294; x_wconf 86' lang='lat' dir='ltr'><strong>cupiditate</strong></span> <span class='ocrx_word' id='word_1_303' title='bbox 1887 3213 2157 3295; x_wconf 89' lang='lat' dir='ltr'><strong>quosdam</strong></span> <span class='ocrx_word' id='word_1_304' title='bbox 2190 3216 2340 3274; x_wconf 85' lang='lat' dir='ltr'><strong>falsa</strong></span> <span class='ocrx_word' id='word_1_305' title='bbox 2371 3216 2557 3292; x_wconf 82' lang='lat' dir='ltr'><strong>spolia</strong></span> 
     </span>
     <span class='ocr_line' id='line_1_34' title="bbox 514 3300 2556 3380; baseline -0 -20"><span class='ocrx_word' id='word_1_306' title='bbox 514 3303 704 3361; x_wconf 80' lang='lat' dir='ltr'><strong>fixisse</strong></span> <span class='ocrx_word' id='word_1_307' title='bbox 738 3301 906 3360; x_wconf 89' lang='lat' dir='ltr'><strong>docet</strong></span> <span class='ocrx_word' id='word_1_308' title='bbox 937 3302 1167 3360; x_wconf 85' lang='lat' dir='ltr'><strong>Catonis</strong></span> <span class='ocrx_word' id='word_1_309' title='bbox 1198 3303 1411 3373; x_wconf 90' lang='lat' dir='ltr'><strong>oratio,</strong></span> <span class='ocrx_word' id='word_1_310' title='bbox 1456 3320 1528 3362; x_wconf 91' lang='lat' dir='ltr'><strong>ne</strong></span> <span class='ocrx_word' id='word_1_311' title='bbox 1574 3300 1758 3380; x_wconf 90' lang='lat' dir='ltr'><strong>spolia</strong></span> <span class='ocrx_word' id='word_1_312' title='bbox 1801 3300 2111 3379; x_wconf 76' lang='lat' dir='ltr'><strong>figerentur</strong></span> <span class='ocrx_word' id='word_1_313' title='bbox 2140 3302 2249 3358; x_wconf 87' lang='lat' dir='ltr'><strong>nisi</strong></span> <span class='ocrx_word' id='word_1_314' title='bbox 2281 3300 2355 3360; x_wconf 84' lang='lat' dir='ltr'><strong>de</strong></span> <span class='ocrx_word' id='word_1_315' title='bbox 2388 3300 2556 3359; x_wconf 84' lang='lat' dir='ltr'><strong>hoste</strong></span> 
     </span>
     <span class='ocr_line' id='line_1_35' title="bbox 515 3384 2552 3466; baseline -0.001 -21"><span class='ocrx_word' id='word_1_316' title='bbox 515 3399 680 3466; x_wconf 84' lang='lat' dir='ltr'><strong>capta</strong></span> <span class='ocrx_word' id='word_1_317' title='bbox 727 3395 841 3466; x_wconf 88' lang='lat' dir='ltr'><strong>(ap.</strong></span> <span class='ocrx_word' id='word_1_318' title='bbox 867 3386 1023 3445; x_wconf 84' lang='lat' dir='ltr'><strong>Fest.</strong></span> <span class='ocrx_word' id='word_1_319' title='bbox 1055 3408 1102 3446; x_wconf 90' lang='lat' dir='ltr'><strong>s.</strong></span> <span class='ocrx_word' id='word_1_320' title='bbox 1132 3408 1185 3446; x_wconf 87' lang='lat' dir='ltr'><strong>v.</strong></span> <span class='ocrx_word' id='word_1_321' title='bbox 1219 3389 1556 3464; x_wconf 81' lang='lat' dir='ltr'><strong>resignare.</strong></span> <span class='ocrx_word' id='word_1_322' title='bbox 1606 3384 1770 3445; x_wconf 87' lang='lat' dir='ltr'><strong>Serv.</strong></span> <span class='ocrx_word' id='word_1_323' title='bbox 1803 3385 1873 3443; x_wconf 87' lang='lat' dir='ltr'><strong>ad</strong></span> <span class='ocrx_word' id='word_1_324' title='bbox 1902 3386 2065 3463; x_wconf 88' lang='lat' dir='ltr'><strong>Virg.</strong></span> <span class='ocrx_word' id='word_1_325' title='bbox 2092 3385 2242 3445; x_wconf 85' lang='lat' dir='ltr'><strong>Aen.</strong></span> <span class='ocrx_word' id='word_1_326' title='bbox 2275 3385 2377 3458; x_wconf 80' lang='lat' dir='ltr'><strong>IV,</strong></span> <span class='ocrx_word' id='word_1_327' title='bbox 2405 3390 2552 3447; x_wconf 69' lang='lat'><strong>244.</strong></span> 
     </span>
     <span class='ocr_line' id='line_1_36' title="bbox 516 3471 2556 3553; baseline -0.001 -22"><span class='ocrx_word' id='word_1_328' title='bbox 516 3472 720 3552; x_wconf 78' lang='lat' dir='ltr'><strong>Meyer</strong></span> <span class='ocrx_word' id='word_1_329' title='bbox 747 3492 800 3550; x_wconf 91' lang='lat' dir='ltr'><strong>p.</strong></span> <span class='ocrx_word' id='word_1_330' title='bbox 832 3476 915 3534; x_wconf 89' lang='grc'><strong>80</strong></span> <span class='ocrx_word' id='word_1_331' title='bbox 940 3492 1024 3553; x_wconf 89' lang='lat' dir='ltr'><strong>sq.</strong></span> <span class='ocrx_word' id='word_1_332' title='bbox 1059 3471 1149 3532; x_wconf 86' lang='lat' dir='ltr'><strong>ed.</strong></span> <span class='ocrx_word' id='word_1_333' title='bbox 1181 3477 1265 3545; x_wconf 83' lang='lat'><strong>2).</strong></span> <span class='ocrx_word' id='word_1_334' title='bbox 1333 3472 1686 3548; x_wconf 76' lang='lat' dir='ltr'><strong>Chlamydes</strong></span> <span class='ocrx_word' id='word_1_335' title='bbox 1711 3491 1915 3548; x_wconf 80' lang='lat' dir='ltr'><strong>regum</strong></span> <span class='ocrx_word' id='word_1_336' title='bbox 1935 3514 1953 3543; x_wconf 90' lang='lat'><strong>,</strong></span> <span class='ocrx_word' id='word_1_337' title='bbox 1987 3492 2113 3529; x_wconf 88' lang='lat' dir='ltr'><strong>nam</strong></span> <span class='ocrx_word' id='word_1_338' title='bbox 2145 3491 2323 3550; x_wconf 88' lang='lat' dir='ltr'><strong>reges</strong></span> <span class='ocrx_word' id='word_1_339' title='bbox 2355 3482 2556 3550; x_wconf 85' lang='lat' dir='ltr'><strong>captos</strong></span> 
     </span>
     <span class='ocr_line' id='line_1_37' title="bbox 517 3556 2555 3636; baseline 0.001 -20"><span class='ocrx_word' id='word_1_340' title='bbox 517 3561 572 3616; x_wconf 89' lang='lat' dir='ltr'><strong>in</strong></span> <span class='ocrx_word' id='word_1_341' title='bbox 602 3558 879 3635; x_wconf 89' lang='lat' dir='ltr'><strong>triumpho</strong></span> <span class='ocrx_word' id='word_1_342' title='bbox 912 3557 1230 3636; x_wconf 88' lang='lat' dir='ltr'><strong>producere</strong></span> <span class='ocrx_word' id='word_1_343' title='bbox 1263 3576 1509 3636; x_wconf 84' lang='lat' dir='ltr'><strong>summae</strong></span> <span class='ocrx_word' id='word_1_344' title='bbox 1541 3557 1758 3634; x_wconf 85' lang='lat' dir='ltr'><strong>gloriae</strong></span> <span class='ocrx_word' id='word_1_345' title='bbox 1791 3567 1917 3615; x_wconf 85' lang='lat' dir='ltr'><strong>erat</strong></span> <span class='ocrx_word' id='word_1_346' title='bbox 1946 3556 2108 3635; x_wconf 76' lang='lat' dir='ltr'><strong>(flor.</strong></span> <span class='ocrx_word' id='word_1_347' title='bbox 2136 3577 2320 3615; x_wconf 85' lang='lat' dir='ltr'><strong>earm.</strong></span> <span class='ocrx_word' id='word_1_348' title='bbox 2356 3556 2426 3627; x_wconf 81' lang='lat'><strong>11,</strong></span> <span class='ocrx_word' id='word_1_349' title='bbox 2456 3560 2555 3627; x_wconf 85' lang='grc'><strong>12,</strong></span> 
     </span>
     <span class='ocr_line' id='line_1_38' title="bbox 524 3640 2556 3723; baseline -0.003 -17"><span class='ocrx_word' id='word_1_350' title='bbox 524 3650 588 3706; x_wconf 85' lang='grc'><strong>11</strong></span> <span class='ocrx_word' id='word_1_351' title='bbox 615 3664 698 3723; x_wconf 90' lang='lat' dir='ltr'><strong>sq.</strong></span> <span class='ocrx_word' id='word_1_352' title='bbox 735 3643 905 3721; x_wconf 84' lang='lat' dir='ltr'><strong>Prop.</strong></span> <span class='ocrx_word' id='word_1_353' title='bbox 937 3644 1005 3714; x_wconf 87' lang='grc' dir='ltr'><strong>ΙΙ,</strong></span> <span class='ocrx_word' id='word_1_354' title='bbox 1037 3650 1093 3716; x_wconf 90' lang='grc'><strong>1,</strong></span> <span class='ocrx_word' id='word_1_355' title='bbox 1125 3648 1225 3705; x_wconf 88' lang='grc'><strong>33.</strong></span> <span class='ocrx_word' id='word_1_356' title='bbox 1256 3643 1486 3713; x_wconf 90' lang='lat' dir='ltr'><strong>Iuv.1V,</strong></span> <span class='ocrx_word' id='word_1_357' title='bbox 1520 3644 1699 3720; x_wconf 81' lang='lat'>126);</span> <span class='ocrx_word' id='word_1_358' title='bbox 1746 3643 1815 3699; x_wconf 89' lang='lat' dir='ltr'><strong>iis</strong></span> <span class='ocrx_word' id='word_1_359' title='bbox 1845 3642 2017 3718; x_wconf 88' lang='lat' dir='ltr'><strong>igitur</strong></span> <span class='ocrx_word' id='word_1_360' title='bbox 2045 3640 2137 3720; x_wconf 86' lang='lat' dir='ltr'><strong>qni</strong></span> <span class='ocrx_word' id='word_1_361' title='bbox 2168 3662 2344 3720; x_wconf 88' lang='lat' dir='ltr'><strong>reges</strong></span> <span class='ocrx_word' id='word_1_362' title='bbox 2375 3661 2556 3721; x_wconf 86' lang='lat' dir='ltr'><strong>agere</strong></span> 
     </span>
     <span class='ocr_line' id='line_1_39' title="bbox 518 3724 2557 3807; baseline 0 -22"><span class='ocrx_word' id='word_1_363' title='bbox 518 3729 834 3798; x_wconf 77' lang='lat' dir='ltr'><strong>dehebant,</strong></span> <span class='ocrx_word' id='word_1_364' title='bbox 893 3731 1214 3807; x_wconf 87' lang='lat' dir='ltr'><strong>pretiosas,</strong></span> <span class='ocrx_word' id='word_1_365' title='bbox 1266 3730 1478 3805; x_wconf 84' lang='lat' dir='ltr'><strong>regias,</strong></span> <span class='ocrx_word' id='word_1_366' title='bbox 1539 3724 1871 3806; x_wconf 80' lang='lat' dir='ltr'><strong>chlamydes</strong></span> <span class='ocrx_word' id='word_1_367' title='bbox 1903 3724 2196 3785; x_wconf 79' lang='lat' dir='ltr'><strong>faciendas</strong></span> <span class='ocrx_word' id='word_1_368' title='bbox 2243 3738 2448 3797; x_wconf 83' lang='lat' dir='ltr'><strong>curat;</strong></span> <span class='ocrx_word' id='word_1_369' title='bbox 2494 3738 2557 3786; x_wconf 87' lang='lat' dir='ltr'><strong>et</strong></span> 
     </span>
     <span class='ocr_line' id='line_1_40' title="bbox 517 3812 2554 3891; baseline -0.001 -19"><span class='ocrx_word' id='word_1_370' title='bbox 517 3834 641 3872; x_wconf 88' lang='lat' dir='ltr'><strong>eum</strong></span> <span class='ocrx_word' id='word_1_371' title='bbox 704 3812 1015 3873; x_wconf 85' lang='lat' dir='ltr'><strong>Germanos</strong></span> <span class='ocrx_word' id='word_1_372' title='bbox 1071 3814 1399 3872; x_wconf 87' lang='lat' dir='ltr'><strong>simularent</strong></span> <span class='ocrx_word' id='word_1_373' title='bbox 1455 3814 1644 3891; x_wconf 70' lang='lat' dir='ltr'><strong>captis</strong></span> <span class='ocrx_word' id='word_1_374' title='bbox 1692 3830 1967 3889; x_wconf 77' lang='lat' dir='ltr'><strong>gausapa</strong></span> <span class='ocrx_word' id='word_1_375' title='bbox 2010 3814 2191 3871; x_wconf 78' lang='lat' dir='ltr'><strong>lutea.</strong></span> <span class='ocrx_word' id='word_1_376' title='bbox 2269 3815 2554 3891; x_wconf 78' lang='lat' dir='ltr'><strong>Gausapa</strong></span> 
     </span>
     <span class='ocr_line' id='line_1_41' title="bbox 517 3894 2558 3978; baseline 0 -22"><span class='ocrx_word' id='word_1_377' title='bbox 517 3900 663 3957; x_wconf 90' lang='lat' dir='ltr'><strong>enim</strong></span> <span class='ocrx_word' id='word_1_378' title='bbox 695 3896 764 3957; x_wconf 88' lang='lat' dir='ltr'><strong>de</strong></span> <span class='ocrx_word' id='word_1_379' title='bbox 798 3899 1074 3958; x_wconf 86' lang='lat' dir='ltr'><strong>submisso</strong></span> <span class='ocrx_word' id='word_1_380' title='bbox 1107 3899 1409 3978; x_wconf 86' lang='lat' dir='ltr'><strong>capillitio,</strong></span> <span class='ocrx_word' id='word_1_381' title='bbox 1454 3909 1515 3956; x_wconf 94' lang='lat' dir='ltr'><strong>ut</strong></span> <span class='ocrx_word' id='word_1_382' title='bbox 1539 3898 1637 3969; x_wconf 84' lang='lat' dir='ltr'><strong>IV,</strong></span> <span class='ocrx_word' id='word_1_383' title='bbox 1664 3901 1766 3967; x_wconf 84' lang='grc'><strong>37,</strong></span> <span class='ocrx_word' id='word_1_384' title='bbox 1799 3908 1859 3956; x_wconf 91' lang='lat' dir='ltr'><strong>et</strong></span> <span class='ocrx_word' id='word_1_385' title='bbox 1887 3896 1977 3963; x_wconf 86' lang='lat' dir='ltr'><strong>hie</strong></span> <span class='ocrx_word' id='word_1_386' title='bbox 2007 3894 2231 3976; x_wconf 87' lang='lat' dir='ltr'><strong>quidem</strong></span> <span class='ocrx_word' id='word_1_387' title='bbox 2261 3896 2336 3956; x_wconf 83' lang='lat' dir='ltr'><strong>de</strong></span> <span class='ocrx_word' id='word_1_388' title='bbox 2368 3895 2558 3957; x_wconf 80' lang='lat' dir='ltr'><strong>adsci-</strong></span> 
     </span>
     <span class='ocr_line' id='line_1_42' title="bbox 517 3982 2560 4061; baseline -0 -19"><span class='ocrx_word' id='word_1_389' title='bbox 517 3986 639 4042; x_wconf 88' lang='lat' dir='ltr'><strong>titio</strong></span> <span class='ocrx_word' id='word_1_390' title='bbox 671 3982 1029 4061; x_wconf 86' lang='lat' dir='ltr'><strong>intelligenda</strong></span> <span class='ocrx_word' id='word_1_391' title='bbox 1061 3995 1209 4056; x_wconf 88' lang='lat' dir='ltr'><strong>suut,</strong></span> <span class='ocrx_word' id='word_1_392' title='bbox 1240 3986 1425 4054; x_wconf 84' lang='lat' dir='ltr'><strong>lutea,</strong></span> <span class='ocrx_word' id='word_1_393' title='bbox 1455 3993 1518 4042; x_wconf 89' lang='lat' dir='ltr'><strong>ut</strong></span> <span class='ocrx_word' id='word_1_394' title='bbox 1548 3982 1950 4042; x_wconf 86' lang='lat' dir='ltr'><strong>Germanorum</strong></span> <span class='ocrx_word' id='word_1_395' title='bbox 1983 4001 2199 4041; x_wconf 83' lang='lat' dir='ltr'><strong>comam</strong></span> <span class='ocrx_word' id='word_1_396' title='bbox 2230 3983 2560 4041; x_wconf 86' lang='lat' dir='ltr'><strong>rutilantem</strong></span> 
     </span>
     <span class='ocr_line' id='line_1_43' title="bbox 516 4066 2556 4141; baseline -0.001 -12"><span class='ocrx_word' id='word_1_397' title='bbox 516 4072 901 4140; x_wconf 86' lang='lat' dir='ltr'><strong>imitarentur,</strong></span> <span class='ocrx_word' id='word_1_398' title='bbox 948 4089 1072 4129; x_wconf 90' lang='lat' dir='ltr'><strong>nam</strong></span> <span class='ocrx_word' id='word_1_399' title='bbox 1117 4071 1300 4130; x_wconf 85' lang='lat' dir='ltr'><strong>luteus</strong></span> <span class='ocrx_word' id='word_1_400' title='bbox 1343 4069 1504 4129; x_wconf 91' lang='lat' dir='ltr'><strong>color</strong></span> <span class='ocrx_word' id='word_1_401' title='bbox 1545 4070 1704 4129; x_wconf 83' lang='lat' dir='ltr'><strong>rufus</strong></span> <span class='ocrx_word' id='word_1_402' title='bbox 1736 4080 1829 4129; x_wconf 88' lang='lat' dir='ltr'><strong>est</strong></span> <span class='ocrx_word' id='word_1_403' title='bbox 1856 4066 2083 4127; x_wconf 88' lang='lat' dir='ltr'><strong>dilutior</strong></span> <span class='ocrx_word' id='word_1_404' title='bbox 2111 4066 2287 4140; x_wconf 84' lang='lat' dir='ltr'><strong>(Gell.</strong></span> <span class='ocrx_word' id='word_1_405' title='bbox 2321 4067 2393 4139; x_wconf 84' lang='lat'><strong>11,</strong></span> <span class='ocrx_word' id='word_1_406' title='bbox 2420 4071 2556 4141; x_wconf 80' lang='lat'><strong>26).</strong></span> 
     </span>
    </p>
   </div>
   <div class='ocr_carea' id='block_1_3' title="bbox 270 4434 665 4637">
    <p class='ocr_par' dir='ltr' id='par_1_3' title="bbox 270 4434 665 4637">
     <span class='ocr_line' id='line_1_44' title="bbox 270 4434 665 4637; baseline 0 -15"><span class='ocrx_word' id='word_1_407' title='bbox 270 4434 665 4637; x_wconf 46' lang='grc' dir='ltr'>Ἠ</span> 
     </span>
    </p>
   </div>
  </div>
 </body>
</html>
