<?xml version="1.0" encoding="UTF-8"?>
<!DOCTYPE html PUBLIC "-//W3C//DTD XHTML 1.0 Transitional//EN"
    "http://www.w3.org/TR/xhtml1/DTD/xhtml1-transitional.dtd">
<html xmlns="http://www.w3.org/1999/xhtml" xml:lang="en" lang="en">
 <head>
  <title>
</title>
<meta http-equiv="Content-Type" content="text/html;charset=utf-8" />
  <meta name='ocr-system' content='tesseract 3.04.00' />
  <meta name='ocr-capabilities' content='ocr_page ocr_carea ocr_par ocr_line ocrx_word'/>
</head>
<body>
  <div class='ocr_page' id='page_1' title='image "./satirarumliberc01jahngoog_0052.png"; bbox 0 0 2764 4738; ppageno 0'>
   <div class='ocr_carea' id='block_1_1' title="bbox 810 470 2196 541">
    <p class='ocr_par' dir='ltr' id='par_1_1' title="bbox 810 470 2196 541">
     <span class='ocr_line' id='line_1_1' title="bbox 810 470 2196 541; baseline 0.005 -9"><span class='ocrx_word' id='word_1_1' title='bbox 810 470 1549 536; x_wconf 70' lang='lat' dir='ltr'><strong>PROLEGOMENA.</strong></span> <span class='ocrx_word' id='word_1_2' title='bbox 1971 496 2196 541; x_wconf 77' lang='lat' dir='ltr'><strong>xxxvu</strong></span> 
     </span>
    </p>
   </div>
   <div class='ocr_carea' id='block_1_2' title="bbox 110 640 2227 3700">
    <p class='ocr_par' dir='ltr' id='par_1_2' title="bbox 110 640 2227 3700">
     <span class='ocr_line' id='line_1_2' title="bbox 142 640 2196 728; baseline 0.002 -23"><span class='ocrx_word' id='word_1_3' title='bbox 142 640 505 726; x_wconf 72' lang='lat' dir='ltr'><strong>disciplina,</strong></span> <span class='ocrx_word' id='word_1_4' title='bbox 554 641 796 724; x_wconf 84' lang='lat' dir='ltr'><strong>utrique</strong></span> <span class='ocrx_word' id='word_1_5' title='bbox 844 643 1214 723; x_wconf 90' lang='lat' dir='ltr'><strong>communis,</strong></span> <span class='ocrx_word' id='word_1_6' title='bbox 1276 643 1482 708; x_wconf 83' lang='lat' dir='ltr'><strong>effecit</strong></span> <span class='ocrx_word' id='word_1_7' title='bbox 1520 654 1585 707; x_wconf 90' lang='lat' dir='ltr'><strong>ut</strong></span> <span class='ocrx_word' id='word_1_8' title='bbox 1631 645 1961 727; x_wconf 73' lang='lat' dir='ltr'><strong>permulta,</strong></span> <span class='ocrx_word' id='word_1_9' title='bbox 2009 667 2196 728; x_wconf 80' lang='lat' dir='ltr'><strong>quan-</strong></span> 
     </span>
     <span class='ocr_line' id='line_1_3' title="bbox 141 744 2197 828; baseline 0.002 -21"><span class='ocrx_word' id='word_1_10' title='bbox 141 744 368 807; x_wconf 81' lang='lat' dir='ltr'><strong>tumvis</strong></span> <span class='ocrx_word' id='word_1_11' title='bbox 418 744 664 806; x_wconf 79' lang='lat' dir='ltr'><strong>diversa</strong></span> <span class='ocrx_word' id='word_1_12' title='bbox 709 746 950 828; x_wconf 89' lang='lat' dir='ltr'><strong>specie,</strong></span> <span class='ocrx_word' id='word_1_13' title='bbox 1024 764 1106 808; x_wconf 83' lang='lat' dir='ltr'><strong>ex</strong></span> <span class='ocrx_word' id='word_1_14' title='bbox 1161 746 1373 810; x_wconf 90' lang='lat' dir='ltr'><strong>eodem</strong></span> <span class='ocrx_word' id='word_1_15' title='bbox 1436 747 1607 810; x_wconf 82' lang='lat' dir='ltr'><strong>sonte</strong></span> <span class='ocrx_word' id='word_1_16' title='bbox 1665 757 1847 826; x_wconf 81' lang='lat' dir='ltr'><strong>nata,</strong></span> <span class='ocrx_word' id='word_1_17' title='bbox 1905 768 2197 812; x_wconf 82' lang='lat' dir='ltr'><strong>summam</strong></span> 
     </span>
     <span class='ocr_line' id='line_1_4' title="bbox 140 846 2197 932; baseline 0.003 -25"><span class='ocrx_word' id='word_1_18' title='bbox 140 847 305 909; x_wconf 84' lang='lat' dir='ltr'><strong>inter</strong></span> <span class='ocrx_word' id='word_1_19' title='bbox 360 856 684 928; x_wconf 83' lang='lat' dir='ltr'><strong>utrumque</strong></span> <span class='ocrx_word' id='word_1_20' title='bbox 741 846 1192 911; x_wconf 86' lang='lat' dir='ltr'><strong>similitudinem</strong></span> <span class='ocrx_word' id='word_1_21' title='bbox 1253 859 1675 932; x_wconf 77' lang='lat' dir='ltr'><strong>procrearent.</strong></span> <span class='ocrx_word' id='word_1_22' title='bbox 1765 846 1985 932; x_wconf 80' lang='lat' dir='ltr'>Neque</span> <span class='ocrx_word' id='word_1_23' title='bbox 2046 870 2197 914; x_wconf 86' lang='lat' dir='ltr'><strong>vero</strong></span> 
     </span>
     <span class='ocr_line' id='line_1_5' title="bbox 142 947 2198 1034; baseline 0.003 -23"><span class='ocrx_word' id='word_1_24' title='bbox 142 947 291 1011; x_wconf 86' lang='lat' dir='ltr'><strong>illud</strong></span> <span class='ocrx_word' id='word_1_25' title='bbox 341 949 559 1030; x_wconf 80' lang='lat' dir='ltr'><strong>negari</strong></span> <span class='ocrx_word' id='word_1_26' title='bbox 606 959 845 1032; x_wconf 86' lang='lat' dir='ltr'><strong>potest,</strong></span> <span class='ocrx_word' id='word_1_27' title='bbox 908 969 1019 1013; x_wconf 90' lang='lat' dir='ltr'><strong>eos</strong></span> <span class='ocrx_word' id='word_1_28' title='bbox 1075 949 1138 1012; x_wconf 94' lang='lat' dir='ltr'><strong>in</strong></span> <span class='ocrx_word' id='word_1_29' title='bbox 1195 950 1396 1014; x_wconf 86' lang='lat' dir='ltr'><strong>multis</strong></span> <span class='ocrx_word' id='word_1_30' title='bbox 1457 950 1642 1015; x_wconf 87' lang='lat' dir='ltr'><strong>rebus</strong></span> <span class='ocrx_word' id='word_1_31' title='bbox 1696 972 1818 1014; x_wconf 91' lang='lat' dir='ltr'><strong>uno</strong></span> <span class='ocrx_word' id='word_1_32' title='bbox 1867 951 2198 1034; x_wconf 91' lang='lat' dir='ltr'><strong>eodemque</strong></span> 
     </span>
     <span class='ocr_line' id='line_1_6' title="bbox 144 1049 2203 1137; baseline 0.001 -24"><span class='ocrx_word' id='word_1_33' title='bbox 144 1050 320 1133; x_wconf 78' lang='lat' dir='ltr'><strong>qnasi</strong></span> <span class='ocrx_word' id='word_1_34' title='bbox 383 1049 602 1133; x_wconf 86' lang='lat' dir='ltr'><strong>spiritu</strong></span> <span class='ocrx_word' id='word_1_35' title='bbox 657 1050 896 1114; x_wconf 75' lang='lat' dir='ltr'><strong>afflatos</strong></span> <span class='ocrx_word' id='word_1_36' title='bbox 952 1050 1178 1129; x_wconf 85' lang='lat' dir='ltr'><strong>fuisse,</strong></span> <span class='ocrx_word' id='word_1_37' title='bbox 1257 1063 1322 1117; x_wconf 90' lang='lat' dir='ltr'><strong>et</strong></span> <span class='ocrx_word' id='word_1_38' title='bbox 1377 1053 1667 1137; x_wconf 90' lang='lat' dir='ltr'><strong>temporis</strong></span> <span class='ocrx_word' id='word_1_39' title='bbox 1726 1052 1818 1115; x_wconf 92' lang='lat' dir='ltr'><strong>sui</strong></span> <span class='ocrx_word' id='word_1_40' title='bbox 1877 1074 2079 1118; x_wconf 88' lang='lat' dir='ltr'><strong>mores</strong></span> <span class='ocrx_word' id='word_1_41' title='bbox 2141 1063 2203 1116; x_wconf 88' lang='lat' dir='ltr'><strong>et</strong></span> 
     </span>
     <span class='ocr_line' id='line_1_7' title="bbox 145 1152 2203 1230; baseline 0.001 -15"><span class='ocrx_word' id='word_1_42' title='bbox 145 1153 298 1215; x_wconf 75' lang='lat' dir='ltr'><strong>vitia</strong></span> <span class='ocrx_word' id='word_1_43' title='bbox 340 1152 573 1216; x_wconf 85' lang='lat' dir='ltr'><strong>invitos</strong></span> <span class='ocrx_word' id='word_1_44' title='bbox 625 1152 999 1230; x_wconf 80' lang='lat' dir='ltr'><strong>reddidisse,</strong></span> <span class='ocrx_word' id='word_1_45' title='bbox 1041 1164 1104 1215; x_wconf 87' lang='lat' dir='ltr'><strong>ut</strong></span> <span class='ocrx_word' id='word_1_46' title='bbox 1149 1154 1227 1218; x_wconf 78' lang='lat' dir='ltr'><strong>ad</strong></span> <span class='ocrx_word' id='word_1_47' title='bbox 1268 1165 1439 1219; x_wconf 87' lang='lat' dir='ltr'><strong>recte</strong></span> <span class='ocrx_word' id='word_1_48' title='bbox 1486 1155 1561 1220; x_wconf 89' lang='lat' dir='ltr'><strong>de</strong></span> <span class='ocrx_word' id='word_1_49' title='bbox 1600 1156 1896 1219; x_wconf 79' lang='lat' dir='ltr'><strong>alterutro</strong></span> <span class='ocrx_word' id='word_1_50' title='bbox 1928 1155 2203 1220; x_wconf 82' lang='lat' dir='ltr'><strong>iudican-</strong></span> 
     </span>
     <span class='ocr_line' id='line_1_8' title="bbox 148 1253 2156 1341; baseline 0 -22"><span class='ocrx_word' id='word_1_51' title='bbox 148 1256 289 1319; x_wconf 89' lang='lat' dir='ltr'><strong>dum</strong></span> <span class='ocrx_word' id='word_1_52' title='bbox 335 1253 595 1321; x_wconf 77' lang='lat' dir='ltr'><strong>alterius</strong></span> <span class='ocrx_word' id='word_1_53' title='bbox 639 1265 927 1318; x_wconf 78' lang='lat' dir='ltr'><strong>accurata</strong></span> <span class='ocrx_word' id='word_1_54' title='bbox 973 1255 1240 1338; x_wconf 86' lang='lat' dir='ltr'><strong>cognitio</strong></span> <span class='ocrx_word' id='word_1_55' title='bbox 1286 1278 1459 1341; x_wconf 81' lang='lat' dir='ltr'><strong>quam</strong></span> <span class='ocrx_word' id='word_1_56' title='bbox 1493 1257 1808 1340; x_wconf 90' lang='lat' dir='ltr'><strong>plurimum</strong></span> <span class='ocrx_word' id='word_1_57' title='bbox 1854 1259 2156 1321; x_wconf 78' lang='lat' dir='ltr'><strong>conferat.</strong></span> 
     </span>
     <span class='ocr_line' id='line_1_9' title="bbox 324 1357 2202 1445; baseline 0.003 -24"><span class='ocrx_word' id='word_1_58' title='bbox 324 1357 512 1440; x_wconf 84' lang='lat' dir='ltr'><strong>Quod</strong></span> <span class='ocrx_word' id='word_1_59' title='bbox 543 1358 721 1420; x_wconf 91' lang='lat' dir='ltr'><strong>modo</strong></span> <span class='ocrx_word' id='word_1_60' title='bbox 752 1357 1059 1442; x_wconf 79' lang='lat' dir='ltr'><strong>explicare</strong></span> <span class='ocrx_word' id='word_1_61' title='bbox 1090 1359 1293 1423; x_wconf 80' lang='lat' dir='ltr'><strong>conati</strong></span> <span class='ocrx_word' id='word_1_62' title='bbox 1323 1379 1531 1423; x_wconf 88' lang='lat' dir='ltr'><strong>sumus</strong></span> <span class='ocrx_word' id='word_1_63' title='bbox 1551 1404 1570 1436; x_wconf 96' lang='lat'><strong>,</strong></span> <span class='ocrx_word' id='word_1_64' title='bbox 1616 1380 1739 1422; x_wconf 92' lang='lat' dir='ltr'><strong>non</strong></span> <span class='ocrx_word' id='word_1_65' title='bbox 1772 1359 1902 1444; x_wconf 81' lang='lat' dir='ltr'><strong>capi</strong></span> <span class='ocrx_word' id='word_1_66' title='bbox 1934 1361 2202 1445; x_wconf 88' lang='lat' dir='ltr'><strong>potuisse</strong></span> 
     </span>
     <span class='ocr_line' id='line_1_10' title="bbox 150 1456 2206 1546; baseline 0.001 -23"><span class='ocrx_word' id='word_1_67' title='bbox 150 1458 438 1524; x_wconf 80' lang='lat' dir='ltr'><strong>Persium</strong></span> <span class='ocrx_word' id='word_1_68' title='bbox 488 1456 767 1525; x_wconf 76' lang='lat' dir='ltr'><strong>Senecae</strong></span> <span class='ocrx_word' id='word_1_69' title='bbox 813 1460 1060 1543; x_wconf 82' lang='lat' dir='ltr'><strong>ingenio</strong></span> <span class='ocrx_word' id='word_1_70' title='bbox 1105 1471 1286 1546; x_wconf 75' lang='lat' dir='ltr'><strong>atque</strong></span> <span class='ocrx_word' id='word_1_71' title='bbox 1331 1461 1812 1541; x_wconf 84' lang='lat' dir='ltr'><strong>consuetudine,</strong></span> <span class='ocrx_word' id='word_1_72' title='bbox 1871 1461 1934 1526; x_wconf 91' lang='lat' dir='ltr'><strong>id</strong></span> <span class='ocrx_word' id='word_1_73' title='bbox 1978 1463 2206 1528; x_wconf 82' lang='lat' dir='ltr'><strong>clarius</strong></span> 
     </span>
     <span class='ocr_line' id='line_1_11' title="bbox 149 1562 2206 1647; baseline 0.002 -22"><span class='ocrx_word' id='word_1_74' title='bbox 149 1563 337 1626; x_wconf 78' lang='lat' dir='ltr'><strong>etiam</strong></span> <span class='ocrx_word' id='word_1_75' title='bbox 385 1562 741 1646; x_wconf 78' lang='lat' dir='ltr'><strong>apparebit,</strong></span> <span class='ocrx_word' id='word_1_76' title='bbox 790 1562 842 1625; x_wconf 91' lang='lat' dir='ltr'><strong>si</strong></span> <span class='ocrx_word' id='word_1_77' title='bbox 886 1562 1153 1625; x_wconf 86' lang='lat' dir='ltr'><strong>virorum</strong></span> <span class='ocrx_word' id='word_1_78' title='bbox 1202 1562 1555 1647; x_wconf 85' lang='lat' dir='ltr'><strong>quibuscum</strong></span> <span class='ocrx_word' id='word_1_79' title='bbox 1598 1563 1898 1629; x_wconf 77' lang='lat' dir='ltr'><strong>amicitiae</strong></span> <span class='ocrx_word' id='word_1_80' title='bbox 1945 1566 2206 1631; x_wconf 86' lang='lat' dir='ltr'><strong>vinculis</strong></span> 
     </span>
     <span class='ocr_line' id='line_1_12' title="bbox 152 1665 2203 1749; baseline 0 -16"><span class='ocrx_word' id='word_1_81' title='bbox 152 1670 522 1733; x_wconf 88' lang='lat' dir='ltr'><strong>coniunctus</strong></span> <span class='ocrx_word' id='word_1_82' title='bbox 588 1665 735 1740; x_wconf 80' lang='lat' dir='ltr'><strong>suit,</strong></span> <span class='ocrx_word' id='word_1_83' title='bbox 813 1675 1057 1749; x_wconf 79' lang='lat' dir='ltr'><strong>praeter</strong></span> <span class='ocrx_word' id='word_1_84' title='bbox 1128 1684 1273 1743; x_wconf 90' lang='lat' dir='ltr'><strong>eos,</strong></span> <span class='ocrx_word' id='word_1_85' title='bbox 1349 1686 1499 1748; x_wconf 80' lang='lat' dir='ltr'><strong>quos</strong></span> <span class='ocrx_word' id='word_1_86' title='bbox 1566 1666 1684 1730; x_wconf 78' lang='lat' dir='ltr'><strong>iam</strong></span> <span class='ocrx_word' id='word_1_87' title='bbox 1759 1669 2203 1748; x_wconf 81' lang='lat' dir='ltr'><strong>recensuimuS,</strong></span> 
     </span>
     <span class='ocr_line' id='line_1_13' title="bbox 152 1764 2206 1856; baseline -0.001 -22"><span class='ocrx_word' id='word_1_88' title='bbox 152 1772 486 1856; x_wconf 76' lang='lat' dir='ltr'><strong>imaginem</strong></span> <span class='ocrx_word' id='word_1_89' title='bbox 544 1767 719 1831; x_wconf 89' lang='lat' dir='ltr'><strong>nobis</strong></span> <span class='ocrx_word' id='word_1_90' title='bbox 779 1767 1474 1850; x_wconf 77' lang='lat' dir='ltr'><strong>repraesentaverimus.</strong></span> <span class='ocrx_word' id='word_1_91' title='bbox 1564 1764 1738 1831; x_wconf 90' lang='lat' dir='ltr'><strong>Inter</strong></span> <span class='ocrx_word' id='word_1_92' title='bbox 1800 1791 1950 1853; x_wconf 89' lang='lat' dir='ltr'><strong>quos</strong></span> <span class='ocrx_word' id='word_1_93' title='bbox 2015 1771 2206 1854; x_wconf 90' lang='lat' dir='ltr'><strong>primo</strong></span> 
     </span>
     <span class='ocr_line' id='line_1_14' title="bbox 152 1869 2208 1956; baseline -0.001 -18"><span class='ocrx_word' id='word_1_94' title='bbox 152 1872 293 1938; x_wconf 88' lang='lat' dir='ltr'><strong>loeo</strong></span> <span class='ocrx_word' id='word_1_95' title='bbox 339 1870 783 1945; x_wconf 78' lang='lat' dir='ltr'><strong>nominandus,</strong></span> <span class='ocrx_word' id='word_1_96' title='bbox 842 1889 1017 1953; x_wconf 88' lang='lat' dir='ltr'><strong>quem</strong></span> <span class='ocrx_word' id='word_1_97' title='bbox 1060 1878 1219 1932; x_wconf 86' lang='lat' dir='ltr'><strong>teste</strong></span> <span class='ocrx_word' id='word_1_98' title='bbox 1277 1870 1442 1933; x_wconf 78' lang='lat' dir='ltr'><strong>vitae</strong></span> <span class='ocrx_word' id='word_1_99' title='bbox 1496 1869 1795 1955; x_wconf 85' lang='lat' dir='ltr'><strong>scriptore</strong></span> <span class='ocrx_word' id='word_1_100' title='bbox 1854 1882 1920 1934; x_wconf 87' lang='lat' dir='ltr'><strong>ut</strong></span> <span class='ocrx_word' id='word_1_101' title='bbox 1976 1883 2208 1956; x_wconf 77' lang='lat' dir='ltr'><strong>patrem</strong></span> 
     </span>
     <span class='ocr_line' id='line_1_15' title="bbox 156 1968 2211 2056; baseline 0 -17"><span class='ocrx_word' id='word_1_102' title='bbox 156 1976 387 2053; x_wconf 86' lang='lat' dir='ltr'><strong>coluit,</strong></span> <span class='ocrx_word' id='word_1_103' title='bbox 466 1972 561 2038; x_wconf 82' lang='lat' dir='ltr'><strong>M.</strong></span> <span class='ocrx_word' id='word_1_104' title='bbox 625 1971 1038 2038; x_wconf 83' lang='lat' dir='ltr'><strong>Servilius</strong></span> <span class='ocrx_word' id='word_1_105' title='bbox 1096 1968 1545 2036; x_wconf 83' lang='lat' dir='ltr'><strong>Nonianus.</strong></span> <span class='ocrx_word' id='word_1_106' title='bbox 1646 1971 1766 2037; x_wconf 85' lang='lat' dir='ltr'><strong>Hic</strong></span> <span class='ocrx_word' id='word_1_107' title='bbox 1822 1973 1960 2054; x_wconf 80' lang='lat' dir='ltr'><strong>vir,</strong></span> <span class='ocrx_word' id='word_1_108' title='bbox 2035 1996 2211 2056; x_wconf 88' lang='lat' dir='ltr'><strong>quem</strong></span> 
     </span>
     <span class='ocr_line' id='line_1_16' title="bbox 110 2070 2213 2161; baseline -0 -20"><span class='ocrx_word' id='word_1_109' title='bbox 110 2076 397 2142; x_wconf 86' lang='lat' dir='ltr'><strong>·Plinins</strong></span> <span class='ocrx_word' id='word_1_110' title='bbox 443 2075 554 2157; x_wconf 81' lang='lat' dir='ltr'><strong>(fl.</strong></span> <span class='ocrx_word' id='word_1_111' title='bbox 590 2073 679 2139; x_wconf 87' lang='grc' dir='ltr'><strong>Ν.</strong></span> <span class='ocrx_word' id='word_1_112' title='bbox 712 2070 1025 2150; x_wconf 86' lang='lat' dir='ltr'><strong>XXVIII,</strong></span> <span class='ocrx_word' id='word_1_113' title='bbox 1059 2072 1125 2149; x_wconf 83' lang='lat'><strong>2,</strong></span> <span class='ocrx_word' id='word_1_114' title='bbox 1160 2072 1232 2155; x_wconf 85' lang='lat'><strong>5)</strong></span> <span class='ocrx_word' id='word_1_115' title='bbox 1276 2075 1609 2161; x_wconf 86' lang='lat' dir='ltr'><strong>principem</strong></span> <span class='ocrx_word' id='word_1_116' title='bbox 1657 2075 1956 2155; x_wconf 77' lang='lat' dir='ltr'><strong>civitatis,</strong></span> <span class='ocrx_word' id='word_1_117' title='bbox 2026 2075 2213 2141; x_wconf 80' lang='lat' dir='ltr'><strong>Taci-</strong></span> 
     </span>
     <span class='ocr_line' id='line_1_17' title="bbox 158 2175 2209 2259; baseline -0.001 -14"><span class='ocrx_word' id='word_1_118' title='bbox 158 2193 256 2245; x_wconf 83' lang='lat' dir='ltr'><strong>tus</strong></span> <span class='ocrx_word' id='word_1_119' title='bbox 302 2180 509 2259; x_wconf 84' lang='lat' dir='ltr'><strong>(Anu.</strong></span> <span class='ocrx_word' id='word_1_120' title='bbox 555 2175 742 2258; x_wconf 88' lang='lat' dir='ltr'><strong>XIV,</strong></span> <span class='ocrx_word' id='word_1_121' title='bbox 791 2175 901 2259; x_wconf 83' lang='lat'><strong>19)</strong></span> <span class='ocrx_word' id='word_1_122' title='bbox 955 2176 1202 2241; x_wconf 88' lang='lat' dir='ltr'><strong>summis</strong></span> <span class='ocrx_word' id='word_1_123' title='bbox 1261 2176 1593 2241; x_wconf 87' lang='lat' dir='ltr'><strong>bonoribus</strong></span> <span class='ocrx_word' id='word_1_124' title='bbox 1649 2177 1942 2242; x_wconf 85' lang='lat' dir='ltr'><strong>illustrem</strong></span> <span class='ocrx_word' id='word_1_125' title='bbox 2000 2190 2209 2258; x_wconf 79' lang='lat' dir='ltr'><strong>vocat,</strong></span> 
     </span>
     <span class='ocr_line' id='line_1_18' title="bbox 159 2278 2214 2366; baseline -0.001 -19"><span class='ocrx_word' id='word_1_126' title='bbox 159 2306 219 2347; x_wconf 80' lang='lat' dir='ltr'><strong>a.</strong></span> <span class='ocrx_word' id='word_1_127' title='bbox 271 2305 337 2347; x_wconf 87' lang='lat' dir='ltr'><strong>u.</strong></span> <span class='ocrx_word' id='word_1_128' title='bbox 384 2278 513 2345; x_wconf 82' lang='lat'><strong>813</strong></span> <span class='ocrx_word' id='word_1_129' title='bbox 561 2291 833 2344; x_wconf 90' lang='lat' dir='ltr'><strong>mortuus</strong></span> <span class='ocrx_word' id='word_1_130' title='bbox 878 2291 974 2344; x_wconf 89' lang='lat' dir='ltr'><strong>est</strong></span> <span class='ocrx_word' id='word_1_131' title='bbox 1015 2290 1216 2344; x_wconf 79' lang='lat' dir='ltr'><strong>aetate</strong></span> <span class='ocrx_word' id='word_1_132' title='bbox 1262 2281 1379 2344; x_wconf 78' lang='lat' dir='ltr'><strong>iam</strong></span> <span class='ocrx_word' id='word_1_133' title='bbox 1427 2281 1798 2366; x_wconf 82' lang='lat' dir='ltr'><strong>provectior.</strong></span> <span class='ocrx_word' id='word_1_134' title='bbox 1872 2279 2020 2345; x_wconf 88' lang='lat' dir='ltr'><strong>Fuit</strong></span> <span class='ocrx_word' id='word_1_135' title='bbox 2061 2303 2214 2348; x_wconf 83' lang='lat' dir='ltr'><strong>vero</strong></span> 
     </span>
     <span class='ocr_line' id='line_1_19' title="bbox 160 2381 2214 2470; baseline -0 -19"><span class='ocrx_word' id='word_1_136' title='bbox 160 2397 366 2451; x_wconf 80' lang='lat' dir='ltr'><strong>aetate</strong></span> <span class='ocrx_word' id='word_1_137' title='bbox 426 2386 614 2448; x_wconf 89' lang='lat' dir='ltr'><strong>multo</strong></span> <span class='ocrx_word' id='word_1_138' title='bbox 673 2382 1002 2468; x_wconf 77' lang='lat' dir='ltr'><strong>grandior,</strong></span> <span class='ocrx_word' id='word_1_139' title='bbox 1078 2403 1254 2466; x_wconf 82' lang='lat' dir='ltr'><strong>qnam</strong></span> <span class='ocrx_word' id='word_1_140' title='bbox 1296 2381 1590 2461; x_wconf 89' lang='lat' dir='ltr'><strong>Persius,</strong></span> <span class='ocrx_word' id='word_1_141' title='bbox 1652 2385 1866 2469; x_wconf 89' lang='lat' dir='ltr'><strong>quippe</strong></span> <span class='ocrx_word' id='word_1_142' title='bbox 1928 2390 2027 2470; x_wconf 90' lang='lat' dir='ltr'><strong>qui</strong></span> <span class='ocrx_word' id='word_1_143' title='bbox 2091 2408 2214 2450; x_wconf 89' lang='lat' dir='ltr'><strong>non</strong></span> 
     </span>
     <span class='ocr_line' id='line_1_20' title="bbox 163 2482 2212 2569; baseline 0.001 -18"><span class='ocrx_word' id='word_1_144' title='bbox 163 2489 347 2552; x_wconf 87' lang='lat' dir='ltr'><strong>modo</strong></span> <span class='ocrx_word' id='word_1_145' title='bbox 402 2509 466 2552; x_wconf 74' lang='lat' dir='ltr'><strong>a.</strong></span> <span class='ocrx_word' id='word_1_146' title='bbox 523 2484 653 2551; x_wconf 87' lang='lat'><strong>788</strong></span> <span class='ocrx_word' id='word_1_147' title='bbox 712 2486 925 2550; x_wconf 90' lang='lat' dir='ltr'><strong>consul</strong></span> <span class='ocrx_word' id='word_1_148' title='bbox 981 2496 1117 2548; x_wconf 78' lang='lat' dir='ltr'><strong>erat</strong></span> <span class='ocrx_word' id='word_1_149' title='bbox 1175 2484 1367 2568; x_wconf 79' lang='lat' dir='ltr'><strong>(Tac.</strong></span> <span class='ocrx_word' id='word_1_150' title='bbox 1420 2486 1590 2550; x_wconf 79' lang='lat' dir='ltr'><strong>Anu.</strong></span> <span class='ocrx_word' id='word_1_151' title='bbox 1629 2482 1735 2564; x_wconf 92' lang='lat' dir='ltr'><strong>VI,</strong></span> <span class='ocrx_word' id='word_1_152' title='bbox 1770 2485 1876 2550; x_wconf 83' lang='lat'><strong>31.</strong></span> <span class='ocrx_word' id='word_1_153' title='bbox 1924 2486 2087 2552; x_wconf 91' lang='lat' dir='ltr'><strong>Plin.</strong></span> <span class='ocrx_word' id='word_1_154' title='bbox 2121 2488 2212 2569; x_wconf 88' lang='lat' dir='ltr'><strong>X,</strong></span> 
     </span>
     <span class='ocr_line' id='line_1_21' title="bbox 162 2583 2220 2670; baseline -0 -15"><span class='ocrx_word' id='word_1_155' title='bbox 162 2591 273 2670; x_wconf 77' lang='lat'><strong>43,</strong></span> <span class='ocrx_word' id='word_1_156' title='bbox 305 2587 418 2669; x_wconf 77' lang='lat'><strong>6⁰,</strong></span> <span class='ocrx_word' id='word_1_157' title='bbox 477 2591 558 2654; x_wconf 79' lang='lat' dir='ltr'><strong>cf.</strong></span> <span class='ocrx_word' id='word_1_158' title='bbox 590 2583 940 2665; x_wconf 83' lang='lat' dir='ltr'><strong>XXXVII,</strong></span> <span class='ocrx_word' id='word_1_159' title='bbox 974 2583 1040 2665; x_wconf 84' lang='lat'><strong>6,</strong></span> <span class='ocrx_word' id='word_1_160' title='bbox 1073 2586 1229 2668; x_wconf 86' lang='grc'><strong>21),</strong></span> <span class='ocrx_word' id='word_1_161' title='bbox 1283 2589 1393 2653; x_wconf 86' lang='lat' dir='ltr'><strong>sed</strong></span> <span class='ocrx_word' id='word_1_162' title='bbox 1438 2589 1553 2652; x_wconf 80' lang='lat' dir='ltr'><strong>iam</strong></span> <span class='ocrx_word' id='word_1_163' title='bbox 1598 2610 1658 2652; x_wconf 82' lang='lat' dir='ltr'><strong>a.</strong></span> <span class='ocrx_word' id='word_1_164' title='bbox 1706 2588 1835 2654; x_wconf 83' lang='lat'><strong>773</strong></span> <span class='ocrx_word' id='word_1_165' title='bbox 1876 2590 2039 2655; x_wconf 88' lang='lat' dir='ltr'><strong>inter</strong></span> <span class='ocrx_word' id='word_1_166' title='bbox 2072 2613 2220 2657; x_wconf 90' lang='lat' dir='ltr'><strong>con-</strong></span> 
     </span>
     <span class='ocr_line' id='line_1_22' title="bbox 165 2687 2221 2775; baseline -0 -17"><span class='ocrx_word' id='word_1_167' title='bbox 165 2695 407 2759; x_wconf 79' lang='lat' dir='ltr'><strong>sulares</strong></span> <span class='ocrx_word' id='word_1_168' title='bbox 456 2692 802 2756; x_wconf 79' lang='lat' dir='ltr'><strong>nominatur</strong></span> <span class='ocrx_word' id='word_1_169' title='bbox 846 2690 1036 2775; x_wconf 82' lang='lat' dir='ltr'><strong>(Tac.</strong></span> <span class='ocrx_word' id='word_1_170' title='bbox 1071 2691 1241 2752; x_wconf 85' lang='lat' dir='ltr'><strong>Ann.</strong></span> <span class='ocrx_word' id='word_1_171' title='bbox 1276 2687 1393 2767; x_wconf 89' lang='grc' dir='ltr'><strong>ΙΙΙ,</strong></span> <span class='ocrx_word' id='word_1_172' title='bbox 1428 2689 1541 2772; x_wconf 89' lang='grc'><strong>22)</strong></span> <span class='ocrx_word' id='word_1_173' title='bbox 1581 2700 1626 2753; x_wconf 90' lang='lat'><strong>¹.</strong></span> <span class='ocrx_word' id='word_1_174' title='bbox 1672 2689 1821 2756; x_wconf 90' lang='lat' dir='ltr'><strong>Non</strong></span> <span class='ocrx_word' id='word_1_175' title='bbox 1853 2694 2041 2758; x_wconf 80' lang='lat' dir='ltr'><strong>fuisse</strong></span> <span class='ocrx_word' id='word_1_176' title='bbox 2072 2694 2221 2759; x_wconf 86' lang='lat' dir='ltr'><strong>divi-</strong></span> 
     </span>
     <span class='ocr_line' id='line_1_23' title="bbox 168 2792 2215 2878; baseline -0.001 -18"><span class='ocrx_word' id='word_1_177' title='bbox 168 2809 332 2876; x_wconf 85' lang='lat' dir='ltr'><strong>tem,</strong></span> <span class='ocrx_word' id='word_1_178' title='bbox 388 2795 497 2857; x_wconf 84' lang='lat' dir='ltr'><strong>sed</strong></span> <span class='ocrx_word' id='word_1_179' title='bbox 558 2795 674 2858; x_wconf 83' lang='lat' dir='ltr'><strong>iam</strong></span> <span class='ocrx_word' id='word_1_180' title='bbox 736 2792 977 2858; x_wconf 84' lang='lat' dir='ltr'><strong>Tiberii</strong></span> <span class='ocrx_word' id='word_1_181' title='bbox 1035 2792 1408 2877; x_wconf 88' lang='lat' dir='ltr'><strong>temporibus</strong></span> <span class='ocrx_word' id='word_1_182' title='bbox 1447 2815 1664 2878; x_wconf 79' lang='lat' dir='ltr'><strong>magna</strong></span> <span class='ocrx_word' id='word_1_183' title='bbox 1712 2796 1869 2859; x_wconf 83' lang='lat' dir='ltr'><strong>fama</strong></span> <span class='ocrx_word' id='word_1_184' title='bbox 1916 2796 2215 2876; x_wconf 85' lang='lat' dir='ltr'><strong>floruisse,</strong></span> 
     </span>
     <span class='ocr_line' id='line_1_24' title="bbox 167 2892 2219 2982; baseline -0 -20"><span class='ocrx_word' id='word_1_185' title='bbox 167 2899 350 2963; x_wconf 81' lang='lat' dir='ltr'><strong>docet</strong></span> <span class='ocrx_word' id='word_1_186' title='bbox 421 2897 583 2982; x_wconf 84' lang='lat' dir='ltr'><strong>quod</strong></span> <span class='ocrx_word' id='word_1_187' title='bbox 653 2893 910 2960; x_wconf 80' lang='lat' dir='ltr'><strong>Tacitus</strong></span> <span class='ocrx_word' id='word_1_188' title='bbox 981 2904 1193 2958; x_wconf 81' lang='lat' dir='ltr'><strong>narrat</strong></span> <span class='ocrx_word' id='word_1_189' title='bbox 1247 2894 1452 2978; x_wconf 87' lang='lat' dir='ltr'><strong>(Anu.</strong></span> <span class='ocrx_word' id='word_1_190' title='bbox 1496 2892 1582 2973; x_wconf 90' lang='lat' dir='ltr'><strong>II,</strong></span> <span class='ocrx_word' id='word_1_191' title='bbox 1626 2895 1779 2978; x_wconf 87' lang='grc'><strong>48),</strong></span> <span class='ocrx_word' id='word_1_192' title='bbox 1887 2896 2219 2963; x_wconf 80' lang='lat' dir='ltr'><strong>Caesarem</strong></span> 
     </span>
     <span class='ocr_line' id='line_1_25' title="bbox 169 2995 2222 3081; baseline -0.002 -16"><span class='ocrx_word' id='word_1_193' title='bbox 169 2999 475 3075; x_wconf 78' lang='lat' dir='ltr'><strong>Patuleii,</strong></span> <span class='ocrx_word' id='word_1_194' title='bbox 522 2998 723 3062; x_wconf 83' lang='lat' dir='ltr'><strong>divitis</strong></span> <span class='ocrx_word' id='word_1_195' title='bbox 765 2996 982 3081; x_wconf 87' lang='lat' dir='ltr'><strong>equitis</strong></span> <span class='ocrx_word' id='word_1_196' title='bbox 1027 2995 1313 3076; x_wconf 82' lang='lat' dir='ltr'><strong>Romani,</strong></span> <span class='ocrx_word' id='word_1_197' title='bbox 1365 2998 1763 3063; x_wconf 80' lang='lat' dir='ltr'><strong>hereditatem</strong></span> <span class='ocrx_word' id='word_1_198' title='bbox 1809 2998 1901 3063; x_wconf 90' lang='lat' dir='ltr'><strong>M.</strong></span> <span class='ocrx_word' id='word_1_199' title='bbox 1956 2998 2222 3066; x_wconf 84' lang='lat' dir='ltr'><strong>Servilio</strong></span> 
     </span>
     <span class='ocr_line' id='line_1_26' title="bbox 170 3099 2226 3186; baseline -0.002 -18"><span class='ocrx_word' id='word_1_200' title='bbox 170 3103 502 3168; x_wconf 78' lang='lat' dir='ltr'><strong>tradidisse</strong></span> <span class='ocrx_word' id='word_1_201' title='bbox 525 3147 545 3179; x_wconf 95' lang='lat'><strong>,</strong></span> <span class='ocrx_word' id='word_1_202' title='bbox 591 3121 766 3185; x_wconf 89' lang='lat' dir='ltr'><strong>quem</strong></span> <span class='ocrx_word' id='word_1_203' title='bbox 799 3099 1100 3186; x_wconf 89' lang='lat' dir='ltr'><strong>prioribus</strong></span> <span class='ocrx_word' id='word_1_204' title='bbox 1132 3119 1325 3185; x_wconf 88' lang='lat' dir='ltr'><strong>neque</strong></span> <span class='ocrx_word' id='word_1_205' title='bbox 1354 3100 1654 3185; x_wconf 86' lang='lat' dir='ltr'><strong>suspectis</strong></span> <span class='ocrx_word' id='word_1_206' title='bbox 1684 3102 1904 3166; x_wconf 78' lang='lat' dir='ltr'><strong>tabulis</strong></span> <span class='ocrx_word' id='word_1_207' title='bbox 1935 3103 2226 3185; x_wconf 88' lang='lat' dir='ltr'><strong>scriptum</strong></span> 
     </span>
     <span class='ocr_line' id='line_1_27' title="bbox 171 3201 2226 3290; baseline -0.001 -20"><span class='ocrx_word' id='word_1_208' title='bbox 171 3214 597 3290; x_wconf 82' lang='lat' dir='ltr'><strong>compererat,</strong></span> <span class='ocrx_word' id='word_1_209' title='bbox 669 3213 736 3267; x_wconf 86' lang='lat' dir='ltr'><strong>ut</strong></span> <span class='ocrx_word' id='word_1_210' title='bbox 792 3201 1166 3265; x_wconf 76' lang='lat' dir='ltr'><strong>nobilitatem</strong></span> <span class='ocrx_word' id='word_1_211' title='bbox 1229 3203 1361 3269; x_wconf 90' lang='lat' dir='ltr'><strong>eius</strong></span> <span class='ocrx_word' id='word_1_212' title='bbox 1422 3202 1677 3288; x_wconf 82' lang='lat' dir='ltr'><strong>pecunia</strong></span> <span class='ocrx_word' id='word_1_213' title='bbox 1735 3204 2074 3269; x_wconf 79' lang='lat' dir='ltr'><strong>adiuvaret.</strong></span> <span class='ocrx_word' id='word_1_214' title='bbox 2163 3204 2226 3268; x_wconf 92' lang='lat' dir='ltr'>A</span> 
     </span>
     <span class='ocr_line' id='line_1_28' title="bbox 170 3304 2227 3395; baseline -0.001 -22"><span class='ocrx_word' id='word_1_215' title='bbox 170 3306 475 3395; x_wconf 87' lang='lat' dir='ltr'><strong>principio</strong></span> <span class='ocrx_word' id='word_1_216' title='bbox 518 3306 655 3369; x_wconf 78' lang='lat' dir='ltr'><strong>foro</strong></span> <span class='ocrx_word' id='word_1_217' title='bbox 687 3325 931 3389; x_wconf 81' lang='lat' dir='ltr'><strong>operam</strong></span> <span class='ocrx_word' id='word_1_218' title='bbox 963 3304 1165 3383; x_wconf 86' lang='lat' dir='ltr'><strong>dedit,</strong></span> <span class='ocrx_word' id='word_1_219' title='bbox 1213 3317 1276 3370; x_wconf 89' lang='lat' dir='ltr'><strong>et</strong></span> <span class='ocrx_word' id='word_1_220' title='bbox 1317 3316 1546 3370; x_wconf 78' lang='lat' dir='ltr'><strong>tantam</strong></span> <span class='ocrx_word' id='word_1_221' title='bbox 1593 3306 1972 3389; x_wconf 78' lang='lat' dir='ltr'><strong>eloquentiae</strong></span> <span class='ocrx_word' id='word_1_222' title='bbox 2009 3309 2227 3371; x_wconf 75' lang='lat' dir='ltr'><strong>samam</strong></span> 
     </span>
     <span class='ocr_line' id='line_1_29' title="bbox 172 3404 2227 3495; baseline -0.001 -20"><span class='ocrx_word' id='word_1_223' title='bbox 172 3422 395 3475; x_wconf 78' lang='lat' dir='ltr'><strong>nactus</strong></span> <span class='ocrx_word' id='word_1_224' title='bbox 442 3419 575 3487; x_wconf 86' lang='lat' dir='ltr'><strong>cst,</strong></span> <span class='ocrx_word' id='word_1_225' title='bbox 636 3418 703 3470; x_wconf 87' lang='lat' dir='ltr'><strong>nt</strong></span> <span class='ocrx_word' id='word_1_226' title='bbox 746 3404 1037 3471; x_wconf 70' lang='lat' dir='ltr'><strong>Claudius</strong></span> <span class='ocrx_word' id='word_1_227' title='bbox 1083 3426 1214 3470; x_wconf 89' lang='lat' dir='ltr'><strong>cnm</strong></span> <span class='ocrx_word' id='word_1_228' title='bbox 1263 3408 1584 3493; x_wconf 80' lang='lat' dir='ltr'><strong>aliquando</strong></span> <span class='ocrx_word' id='word_1_229' title='bbox 1638 3410 1695 3471; x_wconf 88' lang='lat' dir='ltr'><strong>in</strong></span> <span class='ocrx_word' id='word_1_230' title='bbox 1743 3409 1962 3495; x_wconf 79' lang='lat' dir='ltr'><strong>palatio</strong></span> <span class='ocrx_word' id='word_1_231' title='bbox 2008 3407 2227 3492; x_wconf 79' lang='lat' dir='ltr'><strong>spatia-</strong></span> 
     </span>
     <span class='ocr_line' id='line_1_30' title="bbox 171 3509 2227 3593; baseline -0.001 -15"><span class='ocrx_word' id='word_1_232' title='bbox 171 3525 349 3579; x_wconf 80' lang='lat' dir='ltr'><strong>retur</strong></span> <span class='ocrx_word' id='word_1_233' title='bbox 408 3510 736 3593; x_wconf 79' lang='lat' dir='ltr'><strong>auditoque</strong></span> <span class='ocrx_word' id='word_1_234' title='bbox 791 3509 1055 3573; x_wconf 85' lang='lat' dir='ltr'><strong>clamore</strong></span> <span class='ocrx_word' id='word_1_235' title='bbox 1117 3510 1347 3575; x_wconf 88' lang='lat' dir='ltr'><strong>certior</strong></span> <span class='ocrx_word' id='word_1_236' title='bbox 1415 3514 1614 3578; x_wconf 81' lang='lat' dir='ltr'><strong>sactus</strong></span> <span class='ocrx_word' id='word_1_237' title='bbox 1684 3522 1891 3589; x_wconf 88' lang='lat' dir='ltr'><strong>esset,</strong></span> <span class='ocrx_word' id='word_1_238' title='bbox 1962 3510 2227 3576; x_wconf 83' lang='lat' dir='ltr'><strong>recitare</strong></span> 
     </span>
     <span class='ocr_line' id='line_1_31' title="bbox 172 3610 2225 3700; baseline -0.002 -19"><span class='ocrx_word' id='word_1_239' title='bbox 172 3615 574 3691; x_wconf 75' lang='lat' dir='ltr'><strong>Nonianum,</strong></span> <span class='ocrx_word' id='word_1_240' title='bbox 637 3631 705 3675; x_wconf 86' lang='lat' dir='ltr'><strong>se</strong></span> <span class='ocrx_word' id='word_1_241' title='bbox 748 3610 1087 3675; x_wconf 81' lang='lat' dir='ltr'><strong>auditorum</strong></span> <span class='ocrx_word' id='word_1_242' title='bbox 1134 3634 1390 3678; x_wconf 85' lang='lat' dir='ltr'><strong>numero</strong></span> <span class='ocrx_word' id='word_1_243' title='bbox 1434 3615 1805 3679; x_wconf 86' lang='lat' dir='ltr'><strong>immisceret</strong></span> <span class='ocrx_word' id='word_1_244' title='bbox 1847 3611 2037 3698; x_wconf 87' lang='lat' dir='ltr'><strong>(Pliu.</strong></span> <span class='ocrx_word' id='word_1_245' title='bbox 2088 3636 2225 3700; x_wconf 88' lang='lat' dir='ltr'><strong>epp.</strong></span> 
     </span>
    </p>
   </div>
   <div class='ocr_carea' id='block_1_3' title="bbox 176 3714 2227 3900">
    <p class='ocr_par' dir='ltr' id='par_1_3' title="bbox 176 3714 2227 3900">
     <span class='ocr_line' id='line_1_32' title="bbox 176 3714 2223 3800; baseline -0.002 -18"><span class='ocrx_word' id='word_1_246' title='bbox 176 3718 230 3797; x_wconf 92' lang='lat' dir='ltr'><strong>I,</strong></span> <span class='ocrx_word' id='word_1_247' title='bbox 267 3717 377 3795; x_wconf 91' lang='grc'><strong>13,</strong></span> <span class='ocrx_word' id='word_1_248' title='bbox 412 3716 518 3796; x_wconf 89' lang='grc'><strong>3),</strong></span> <span class='ocrx_word' id='word_1_249' title='bbox 567 3735 819 3799; x_wconf 78' lang='lat' dir='ltr'><strong>eamque</strong></span> <span class='ocrx_word' id='word_1_250' title='bbox 862 3725 1075 3798; x_wconf 82' lang='lat' dir='ltr'><strong>postea</strong></span> <span class='ocrx_word' id='word_1_251' title='bbox 1107 3736 1339 3800; x_wconf 87' lang='lat' dir='ltr'><strong>quoque</strong></span> <span class='ocrx_word' id='word_1_252' title='bbox 1380 3717 1493 3780; x_wconf 91' lang='lat' dir='ltr'><strong>sibi</strong></span> <span class='ocrx_word' id='word_1_253' title='bbox 1526 3717 1801 3782; x_wconf 81' lang='lat' dir='ltr'><strong>servavit</strong></span> <span class='ocrx_word' id='word_1_254' title='bbox 1830 3714 2017 3800; x_wconf 76' lang='lat' dir='ltr'><strong>(Tac.</strong></span> <span class='ocrx_word' id='word_1_255' title='bbox 2056 3715 2223 3779; x_wconf 84' lang='lat' dir='ltr'><strong>Anu.</strong></span> 
     </span>
     <span class='ocr_line' id='line_1_33' title="bbox 176 3814 2227 3900; baseline -0.002 -14"><span class='ocrx_word' id='word_1_256' title='bbox 176 3818 364 3898; x_wconf 84' lang='lat' dir='ltr'><strong>XIV,</strong></span> <span class='ocrx_word' id='word_1_257' title='bbox 406 3817 507 3884; x_wconf 85' lang='lat'><strong>19.</strong></span> <span class='ocrx_word' id='word_1_258' title='bbox 543 3817 683 3882; x_wconf 79' lang='lat' dir='ltr'><strong>dial.</strong></span> <span class='ocrx_word' id='word_1_259' title='bbox 718 3817 792 3881; x_wconf 92' lang='lat' dir='ltr'><strong>de</strong></span> <span class='ocrx_word' id='word_1_260' title='bbox 825 3838 919 3881; x_wconf 93' lang='lat' dir='ltr'><strong>or.</strong></span> <span class='ocrx_word' id='word_1_261' title='bbox 952 3814 1061 3880; x_wconf 87' lang='grc'><strong>23.</strong></span> <span class='ocrx_word' id='word_1_262' title='bbox 1113 3814 1327 3899; x_wconf 83' lang='lat' dir='ltr'><strong>Quint.</strong></span> <span class='ocrx_word' id='word_1_263' title='bbox 1362 3814 1453 3898; x_wconf 88' lang='lat' dir='ltr'><strong>X,</strong></span> <span class='ocrx_word' id='word_1_264' title='bbox 1489 3818 1552 3899; x_wconf 90' lang='lat'><strong>1,</strong></span> <span class='ocrx_word' id='word_1_265' title='bbox 1591 3816 1762 3900; x_wconf 81' lang='lat'><strong>102).</strong></span> <span class='ocrx_word' id='word_1_266' title='bbox 1814 3815 1967 3881; x_wconf 91' lang='lat' dir='ltr'><strong>Cum</strong></span> <span class='ocrx_word' id='word_1_267' title='bbox 2010 3818 2227 3882; x_wconf 88' lang='lat' dir='ltr'><strong>deinde</strong></span> 
     </span>
    </p>
   </div>
   <div class='ocr_carea' id='block_1_4' title="bbox 185 4021 2234 4092">
    <p class='ocr_par' dir='ltr' id='par_1_4' title="bbox 185 4021 2234 4092">
     <span class='ocr_line' id='line_1_34' title="bbox 185 4021 2234 4092; baseline -0.004 -14"><span class='ocrx_word' id='word_1_268' title='bbox 185 4028 201 4078; x_wconf 89' lang='grc' dir='ltr'><strong>Ι</strong></span> <span class='ocrx_word' id='word_1_269' title='bbox 245 4023 555 4088; x_wconf 70' lang='grc' dir='ltr'><strong>Ριιωνίιιε,</strong></span> <span class='ocrx_word' id='word_1_270' title='bbox 594 4026 680 4089; x_wconf 85' lang='lat' dir='ltr'><strong>qni</strong></span> <span class='ocrx_word' id='word_1_271' title='bbox 716 4023 855 4073; x_wconf 86' lang='lat' dir='ltr'><strong>locos</strong></span> <span class='ocrx_word' id='word_1_272' title='bbox 894 4030 1026 4074; x_wconf 83' lang='lat' dir='ltr'><strong>vett.</strong></span> <span class='ocrx_word' id='word_1_273' title='bbox 1065 4024 1275 4087; x_wconf 68' lang='lat' dir='ltr'><strong>collegit</strong></span> <span class='ocrx_word' id='word_1_274' title='bbox 1308 4023 1382 4090; x_wconf 92' lang='lat' dir='ltr'><strong>(p.</strong></span> <span class='ocrx_word' id='word_1_275' title='bbox 1421 4024 1543 4090; x_wconf 79' lang='lat'>122)</span> <span class='ocrx_word' id='word_1_276' title='bbox 1583 4026 1880 4092; x_wconf 72' lang='lat' dir='ltr'><strong>suspicetur</strong></span> <span class='ocrx_word' id='word_1_277' title='bbox 1919 4021 2077 4073; x_wconf 76' lang='lat' dir='ltr'><strong>fuisse</strong></span> <span class='ocrx_word' id='word_1_278' title='bbox 2108 4037 2234 4071; x_wconf 88' lang='lat' dir='ltr'><strong>eun-</strong></span> 
     </span>
    </p>
   </div>
   <div class='ocr_carea' id='block_1_5' title="bbox 246 4092 2231 4232">
    <p class='ocr_par' dir='ltr' id='par_1_5' title="bbox 246 4092 2231 4232">
     <span class='ocr_line' id='line_1_35' title="bbox 248 4092 2231 4162; baseline -0.002 -19"><span class='ocrx_word' id='word_1_279' title='bbox 248 4096 362 4145; x_wconf 75' lang='lat' dir='ltr'><strong>den</strong></span> <span class='ocrx_word' id='word_1_280' title='bbox 404 4093 473 4145; x_wconf 72' lang='grc' dir='ltr'><strong>Μ.</strong></span> <span class='ocrx_word' id='word_1_281' title='bbox 509 4092 821 4152; x_wconf 83' lang='lat' dir='ltr'><strong>Servilium,</strong></span> <span class='ocrx_word' id='word_1_282' title='bbox 861 4094 948 4160; x_wconf 84' lang='lat' dir='ltr'><strong>qui</strong></span> <span class='ocrx_word' id='word_1_283' title='bbox 974 4110 1024 4145; x_wconf 78' lang='grc' dir='ltr'><strong>ι.</strong></span> <span class='ocrx_word' id='word_1_284' title='bbox 1055 4093 1155 4144; x_wconf 78' lang='lat'><strong>‘156</strong></span> <span class='ocrx_word' id='word_1_285' title='bbox 1184 4093 1365 4144; x_wconf 86' lang='lat' dir='ltr'><strong>consul</strong></span> <span class='ocrx_word' id='word_1_286' title='bbox 1398 4093 1527 4157; x_wconf 75' lang='lat' dir='ltr'><strong>suit,</strong></span> <span class='ocrx_word' id='word_1_287' title='bbox 1554 4110 1583 4145; x_wconf 76' lang='grc' dir='ltr'>ι</span> <span class='ocrx_word' id='word_1_288' title='bbox 1618 4111 1716 4162; x_wconf 85' lang='lat' dir='ltr'><strong>quo</strong></span> <span class='ocrx_word' id='word_1_289' title='bbox 1741 4095 2034 4160; x_wconf 68' lang='lat' dir='ltr'><strong>adoptatum</strong></span> <span class='ocrx_word' id='word_1_290' title='bbox 2062 4092 2231 4157; x_wconf 85' lang='lat' dir='ltr'><strong>potius</strong></span> 
     </span>
     <span class='ocr_line' id='line_1_36' title="bbox 246 4160 1262 4232; baseline -0.001 -18"><span class='ocrx_word' id='word_1_291' title='bbox 246 4171 397 4230; x_wconf 68' lang='lat' dir='ltr'><strong>putet</strong></span> <span class='ocrx_word' id='word_1_292' title='bbox 430 4162 596 4232; x_wconf 66' lang='lat' dir='ltr'><strong>nyek.</strong></span> <span class='ocrx_word' id='word_1_293' title='bbox 630 4161 699 4215; x_wconf 74' lang='lat' dir='ltr'><strong>nd</strong></span> <span class='ocrx_word' id='word_1_294' title='bbox 733 4160 861 4214; x_wconf 69' lang='lat' dir='ltr'><strong>Tac.</strong></span> <span class='ocrx_word' id='word_1_295' title='bbox 890 4165 1026 4215; x_wconf 76' lang='lat' dir='ltr'><strong>Anu.</strong></span> <span class='ocrx_word' id='word_1_296' title='bbox 1059 4161 1147 4226; x_wconf 82' lang='lat' dir='ltr'><strong>Vl,</strong></span> <span class='ocrx_word' id='word_1_297' title='bbox 1177 4161 1262 4214; x_wconf 77' lang='lat'><strong>31.</strong></span> 
     </span>
    </p>
   </div>
  </div>
 </body>
</html>
