2764 4738
854 409 1589 475 PROLEGOMENA.
1984 436 2234 479 nxxnx

184 580 545 663 imaginibus
576 581 1117 664 repraesentandis
1148 582 1515 647 excelluisse
1545 583 1855 649 videntur.
1900 580 2111 668 Itaque
2154 586 2230 650 de

184 688 403 751 talibus
426 685 653 771 optime
671 707 775 748 vv.
794 678 1215 768 ὖποκρίνειν,
1245 677 1611 770 ὑποκριτής
1641 695 1703 751 et
1727 684 1940 750 similia
1960 688 2233 772 usurpari

185 800 550 872 potnerunt,
600 806 736 850 eum
767 787 832 850 in
862 786 1102 849 actione
1124 832 1143 864 ,
1176 806 1528 870 quamquam
1562 809 1684 851 nou
1713 787 1998 866 scenica,
2040 791 2232 852 maxi-

185 913 283 957 me
328 912 432 954 ars
475 909 689 953 eorum
729 899 1127 973 spectaretur.
1189 886 1473 954 Pertinet
1511 889 1626 954 huc
1657 909 1891 973 quoque
1921 891 2078 972 quod
2107 888 2233 954 La-

186 993 721 1059 cedaemoniorum
749 991 836 1055 illi
867 989 1278 1076 δεικηλισταί
1306 992 1486 1056 etiam
1520 988 1890 1079 μιμολόγοι
1936 1002 2235 1056 vocantur

191 1095 378 1176 (Hes.
423 1117 478 1159 s.
530 1117 595 1159 v.
640 1091 985 1178 δι’κηλον),
1051 1095 1126 1158 de
1173 1095 1384 1176 quibus
1428 1094 1511 1158 ita
1555 1094 1912 1159 Athenaeus
1944 1091 2134 1177 (xlv
2167 1115 2228 1179 p.

187 1196 312 1262 621
345 1196 500 1282 D.)=
586 1196 789 1283 Παροὶ
850 1196 923 1262 δὲ
979 1194 1551 1281 Λακεδαιμονίοις
1607 1195 1905 1283 κωμικῆς
1959 1194 2237 1270 παιδιᾶς

185 1293 275 1384 ἦν
319 1323 425 1373 τις
465 1292 714 1385 τρόπος
756 1294 1081 1379 παλαιός,
1127 1295 1212 1374 οἱς
1251 1323 1414 1385 φησι
1457 1299 1831 1386 Σωσίβιος,
1878 1322 2001 1365 ουκ
2052 1292 2232 1385 ἄγαν

189 1400 601 1477 σπουδαῖος·
676 1406 990 1488 ἐμιμεῖτο
1059 1398 1190 1491 γάρ
1259 1427 1360 1475 τις
1435 1406 1510 1470 ἐν
1582 1395 1838 1470 εὐτελεῖ
1913 1401 1997 1491 τῇ
2068 1401 2237 1476 λέξει

189 1497 619 1577 κλέπτοντάς
687 1527 879 1577 τινας
946 1498 1223 1590 ὀπώραν
1292 1502 1340 1589 ἤ
1396 1503 1652 1580 ξενικὸν
1707 1497 1970 1590 ἰατρόν.
2058 1501 2233 1585 Quae

188 1608 463 1673 eiusdem
511 1619 768 1672 naturae
811 1627 949 1671 esse
993 1629 1170 1671 nemo
1203 1629 1327 1671 non
1360 1608 1544 1671 videt.
1610 1606 1710 1670 Ex
1740 1607 1832 1671 his
1860 1628 2012 1672 vero
2042 1605 2234 1670 initiis

188 1712 349 1777 mimi
393 1710 628 1776 scenici
673 1720 735 1774 et
776 1709 1121 1794 pantomimi
1167 1710 1466 1794 quomodo
1510 1710 1709 1773 exorti
1755 1709 1876 1772 sint
1917 1720 1980 1775 et
2008 1707 2236 1773 exculti

186 1816 364 1879 facile
398 1824 602 1900 potest
629 1813 909 1894 intelligi.
956 1809 1189 1876 Verum
1221 1812 1463 1877 videtur
1488 1812 1629 1875 illud
1657 1832 1891 1895 quoque
1923 1812 2236 1875 mimorum

189 1937 426 2003 genus,
474 1916 634 1999 quod
689 1915 787 1979 vel
843 1913 1096 1978 fabellas
1150 1916 1294 1979 viva
1334 1914 1796 1998 gesticulatione
1845 1913 2133 1978 narrabat
2174 1923 2238 1977 et

187 2020 450 2105 agebat,
502 2019 601 2083 vel
649 2029 848 2082 certas
894 2037 1188 2102 personas
1235 2016 1581 2081 imitabatur
1618 2025 1679 2094 ¹,
1726 2037 1849 2079 non
1895 2017 2235 2100 neglectum

187 2143 367 2199 esse,
418 2132 484 2185 et
528 2120 865 2184 huiusmodi
910 2140 1208 2204 personae
1267 2120 1344 2184 ad
1390 2120 1673 2184 convivia
1716 2119 2087 2203 potissimum
2131 2117 2236 2181 ad·

185 2226 355 2290 hibiti
390 2244 558 2289 esse.
623 2220 797 2286 Talis
845 2233 982 2287 erat
1025 2220 1523 2302 Herodotus,
1572 2234 1638 2286 ut
1669 2243 1890 2286 nomen
1922 2220 2149 2284 indicat
2178 2221 2238 2284 ei

182 2328 477 2407 inditum,
543 2324 930 2412 λογομίμου
974 2325 1237 2408 (Athen.
1283 2322 1313 2389 Ι
1354 2348 1418 2408 p.
1471 2323 1551 2390 19
1597 2322 1672 2391 C.
1721 2324 1799 2389 cl.
1847 2320 2097 2406 Riipke,
2163 2323 2237 2387 de

184 2432 478 2518 hypomn.
532 2428 646 2495 Gr.
681 2452 741 2514 p.
775 2428 861 2494 29
891 2428 1042 2512 sq.).
1101 2429 1204 2492 Ad
1246 2428 1492 2493 eosdem
1533 2427 1838 2492 referendi
1883 2419 2236 2513 ἧθολόγοι,

186 2555 335 2619 quos
368 2543 880 2597 commemoratos
911 2530 1027 2595 iam
1059 2530 1314 2595 vidimus
1356 2531 1511 2614 apud
1554 2528 1887 2594 Diodorum
1914 2575 1930 2608 ‚
1979 2538 2042 2593 et
2085 2549 2237 2611 quae

184 2637 328 2702 inde
374 2635 450 2701 de
501 2645 719 2699 natura
762 2654 971 2699 eorum
1017 2633 1273 2717 intelligi
1331 2644 1620 2717 possunt,
1685 2633 2000 2697 confirmat
2058 2630 2241 2695 etiam

188 2738 442 2806 Cicero.
522 2735 584 2800 Is
617 2737 815 2815 enim,
863 2735 964 2798 ubi
996 2735 1068 2799 de
1102 2755 1176 2799 eo
1209 2735 1442 2799 ridiculi
1475 2755 1704 2818 genere
1739 2734 2034 2817 loquitur,
2084 2733 2238 2816 quod

185 2845 253 2908 in
299 2863 370 2907 re
415 2841 678 2926 positum
723 2839 839 2916 sit,
892 2838 1122 2902 duobus
1164 2837 1357 2902 modis
1405 2837 1554 2913 hoc,
1603 2838 1760 2920 quod
1806 2836 1867 2898 in
1901 2856 1972 2900 ea
2003 2854 2070 2898 re
2101 2855 2241 2899 ver-

189 2957 362 3014 satur
393 2954 460 3005 ut
495 2942 916 3006 describantur
946 2940 1246 3005 hominum
1279 2962 1483 3005 mores
1519 2951 1581 3004 et
1610 2941 1968 3024 effingentur
1998 2938 2243 3001 tractari

198 3047 379 3123 dicit,
428 3056 539 3109 aut
581 3045 700 3122 ita,
753 3055 818 3108 ut
859 3065 928 3108 re
972 3055 1220 3108 narrata
1264 3044 1500 3125 aliqua,
1549 3043 1758 3124 quales
1814 3042 1974 3119 sint,
2023 3040 2243 3104 intelli-

197 3160 452 3232 gantur,
503 3157 609 3212 aut
650 3147 772 3225 ita,
818 3159 887 3211 ut
915 3146 1250 3211 imitatione
1284 3143 1456 3208 brevi
1485 3143 1752 3221 iniecta,
1798 3144 1860 3206 iu
1905 3143 2103 3225 aliquo
2149 3143 2242 3205 iu·

198 3251 354 3335 signi
387 3252 465 3314 ad
498 3250 867 3315 irridendum
900 3250 1048 3313 vitio
1080 3248 1486 3335 reperiantur.
1558 3247 1646 3309 At
1679 3246 1742 3309 in
1772 3257 2025 3328 utroque
2060 3264 2246 3329 geue·

201 3373 266 3416 re
298 3354 397 3419 vel
430 3352 798 3416 narrationis
830 3353 928 3416 vel
957 3350 1308 3415 imitationis
1353 3349 1587 3413 oratori
1619 3348 1880 3413 maxime
1912 3347 2243 3413 cavendam

213 3542 231 3593 l
274 3540 352 3595 Cr.
390 3541 606 3594 titulun
643 3555 675 3591 a
708 3555 788 3592 me
823 3540 1015 3591 editum
1054 3541 1218 3606 (spec.
1256 3538 1419 3606 epigr.
1458 3554 1508 3607 p.
1548 3539 1615 3592 38
1652 3554 1704 3590 n.
1747 3537 1895 3602 ¹⁰7)=

756 3676 1092 3728 CAESARIS.
1131 3674 1350 3728 LVSOR

622 3744 874 3799 MvTvs.
914 3745 1252 3799 ARGVTVS.
1290 3742 1617 3797 lMlTATOR

535 3815 621 3869 Tl.
663 3814 1003 3867 CAESARlS.
1041 3813 1202 3866 AVG.
1242 3814 1377 3880 Qvi.
1425 3809 1677 3864 Pmmvn

620 3882 916 3936 uwssml‘r.
954 3882 1363 3937 cAvslmcos.
1405 3879 1680 3935 mlum.

278 4025 342 4074 cl.
381 4024 590 4075 Petron.
631 4022 733 4074 68:
773 4021 951 4073 Parem
991 4039 1087 4073 non
1128 4022 1310 4082 habet,
1349 4022 1461 4073 sive
1498 4019 1748 4072 muliones
1784 4019 1951 4083 volet,
2001 4020 2112 4070 sive
2150 4023 2251 4071 cir-

279 4095 537 4145 culatores
576 4090 793 4144 imitari.
832 4090 899 4143 cl.
938 4107 983 4144 e.
1025 4091 1108 4143 69.
