<?xml version="1.0" encoding="UTF-8"?>
<!DOCTYPE html PUBLIC "-//W3C//DTD XHTML 1.0 Transitional//EN"
    "http://www.w3.org/TR/xhtml1/DTD/xhtml1-transitional.dtd">
<html xmlns="http://www.w3.org/1999/xhtml" xml:lang="en" lang="en">
 <head>
  <title>
</title>
<meta http-equiv="Content-Type" content="text/html;charset=utf-8" />
  <meta name='ocr-system' content='tesseract 3.04.00' />
  <meta name='ocr-capabilities' content='ocr_page ocr_carea ocr_par ocr_line ocrx_word'/>
</head>
<body>
  <div class='ocr_page' id='page_1' title='image "./satirarumliberc01jahngoog_0334.png"; bbox 0 0 2764 4738; ppageno 0'>
   <div class='ocr_carea' id='block_1_1' title="bbox 877 428 2224 503">
    <p class='ocr_par' dir='ltr' id='par_1_1' title="bbox 877 428 2224 503">
     <span class='ocr_line' id='line_1_1' title="bbox 877 428 2224 503; baseline 0.004 -14"><span class='ocrx_word' id='word_1_1' title='bbox 877 428 1043 490; x_wconf 79' lang='lat' dir='ltr'><strong>SAT.</strong></span> <span class='ocrx_word' id='word_1_2' title='bbox 1075 431 1120 503; x_wconf 89' lang='lat'><strong>1,</strong></span> <span class='ocrx_word' id='word_1_3' title='bbox 1151 434 1233 494; x_wconf 99' lang='grc'><strong>92</strong></span> <span class='ocrx_word' id='word_1_4' title='bbox 1263 464 1347 476; x_wconf 93' lang='grc'><strong>--</strong></span> <span class='ocrx_word' id='word_1_5' title='bbox 1376 435 1480 495; x_wconf 89' lang='grc'><strong>96.</strong></span> <span class='ocrx_word' id='word_1_6' title='bbox 2101 428 2224 495; x_wconf 82' lang='grc'><strong>103</strong></span> 
     </span>
    </p>
   </div>
   <div class='ocr_carea' id='block_1_2' title="bbox 184 600 2248 4165">
    <p class='ocr_par' dir='ltr' id='par_1_2' title="bbox 184 600 2248 4165">
     <span class='ocr_line' id='line_1_2' title="bbox 223 600 2224 682; baseline 0.002 -23"><span class='ocrx_word' id='word_1_7' title='bbox 223 603 473 679; x_wconf 71' lang='lat' dir='ltr'>positione.</span> <span class='ocrx_word' id='word_1_8' title='bbox 490 611 548 662; x_wconf 88' lang='lat' dir='ltr'><strong>et</strong></span> <span class='ocrx_word' id='word_1_9' title='bbox 560 602 819 661; x_wconf 84' lang='lat' dir='ltr'><strong>iunctura</strong></span> <span class='ocrx_word' id='word_1_10' title='bbox 830 601 1087 679; x_wconf 82' lang='lat' dir='ltr'><strong>singulae</strong></span> <span class='ocrx_word' id='word_1_11' title='bbox 1104 603 1376 661; x_wconf 87' lang='lat' dir='ltr'><strong>orationis</strong></span> <span class='ocrx_word' id='word_1_12' title='bbox 1392 613 1585 681; x_wconf 81' lang='lat' dir='ltr'><strong>partes</strong></span> <span class='ocrx_word' id='word_1_13' title='bbox 1602 600 1884 662; x_wconf 74' lang='lat' dir='ltr'><strong>emollitae</strong></span> <span class='ocrx_word' id='word_1_14' title='bbox 1900 613 2069 682; x_wconf 86' lang='lat' dir='ltr'><strong>atque</strong></span> <span class='ocrx_word' id='word_1_15' title='bbox 2086 624 2224 663; x_wconf 90' lang='lat' dir='ltr'><strong>eon-</strong></span> 
     </span>
     <span class='ocr_line' id='line_1_3' title="bbox 227 684 2225 761; baseline 0.003 -17"><span class='ocrx_word' id='word_1_16' title='bbox 227 688 391 745; x_wconf 79' lang='lat' dir='ltr'><strong>fectac</strong></span> <span class='ocrx_word' id='word_1_17' title='bbox 405 697 543 746; x_wconf 86' lang='lat' dir='ltr'><strong>sunt.</strong></span> <span class='ocrx_word' id='word_1_18' title='bbox 578 685 853 746; x_wconf 77' lang='lat' dir='ltr'><strong>Similiter</strong></span> <span class='ocrx_word' id='word_1_19' title='bbox 881 684 1257 759; x_wconf 86' lang='lat' dir='ltr'><strong>Quintilianus</strong></span> <span class='ocrx_word' id='word_1_20' title='bbox 1277 686 1442 760; x_wconf 85' lang='grc' dir='ltr'><strong>(Χ,1,</strong></span> <span class='ocrx_word' id='word_1_21' title='bbox 1459 691 1561 761; x_wconf 93' lang='grc'><strong>19)</strong></span> <span class='ocrx_word' id='word_1_22' title='bbox 1577 689 1819 747; x_wconf 88' lang='lat' dir='ltr'><strong>crudam</strong></span> <span class='ocrx_word' id='word_1_23' title='bbox 1838 690 2137 747; x_wconf 84' lang='lat' dir='ltr'><strong>lectionem</strong></span> <span class='ocrx_word' id='word_1_24' title='bbox 2164 701 2225 749; x_wconf 96' lang='lat' dir='ltr'><strong>et</strong></span> 
     </span>
     <span class='ocr_line' id='line_1_4' title="bbox 221 769 2221 853; baseline 0.002 -24"><span class='ocrx_word' id='word_1_25' title='bbox 221 770 490 830; x_wconf 85' lang='lat' dir='ltr'><strong>Petronius</strong></span> <span class='ocrx_word' id='word_1_26' title='bbox 504 777 579 848; x_wconf 89' lang='lat' dir='ltr'><strong>(e.</strong></span> <span class='ocrx_word' id='word_1_27' title='bbox 595 778 662 845; x_wconf 81' lang='grc'><strong>4)</strong></span> <span class='ocrx_word' id='word_1_28' title='bbox 677 773 865 831; x_wconf 85' lang='lat' dir='ltr'><strong>cruda</strong></span> <span class='ocrx_word' id='word_1_29' title='bbox 882 773 1079 831; x_wconf 84' lang='lat' dir='ltr'><strong>studia</strong></span> <span class='ocrx_word' id='word_1_30' title='bbox 1092 769 1250 830; x_wconf 85' lang='lat' dir='ltr'><strong>dixit.</strong></span> <span class='ocrx_word' id='word_1_31' title='bbox 1281 771 1438 831; x_wconf 87' lang='lat' dir='ltr'><strong>Talis</strong></span> <span class='ocrx_word' id='word_1_32' title='bbox 1454 774 1745 832; x_wconf 90' lang='lat' dir='ltr'><strong>iuncturae</strong></span> <span class='ocrx_word' id='word_1_33' title='bbox 1776 773 2037 853; x_wconf 78' lang='lat' dir='ltr'><strong>exempla</strong></span> <span class='ocrx_word' id='word_1_34' title='bbox 2051 772 2221 833; x_wconf 87' lang='lat' dir='ltr'><strong>addit.</strong></span> 
     </span>
     <span class='ocr_line' id='line_1_5' title="bbox 226 855 2224 936; baseline 0.001 -21"><span class='ocrx_word' id='word_1_35' title='bbox 226 858 493 915; x_wconf 86' lang='lat' dir='ltr'><strong>Claudere</strong></span> <span class='ocrx_word' id='word_1_36' title='bbox 524 876 757 916; x_wconf 80' lang='lat' dir='ltr'><strong>versum</strong></span> <span class='ocrx_word' id='word_1_37' title='bbox 787 877 897 916; x_wconf 90' lang='lat' dir='ltr'><strong>non</strong></span> <span class='ocrx_word' id='word_1_38' title='bbox 941 855 1012 916; x_wconf 87' lang='lat' dir='ltr'><strong>de</strong></span> <span class='ocrx_word' id='word_1_39' title='bbox 1055 857 1181 916; x_wconf 87' lang='lat' dir='ltr'><strong>solo</strong></span> <span class='ocrx_word' id='word_1_40' title='bbox 1210 876 1414 916; x_wconf 82' lang='lat' dir='ltr'><strong>versus</strong></span> <span class='ocrx_word' id='word_1_41' title='bbox 1446 860 1599 917; x_wconf 85' lang='lat' dir='ltr'><strong>exitu</strong></span> <span class='ocrx_word' id='word_1_42' title='bbox 1629 858 2088 936; x_wconf 84' lang='lat' dir='ltr'><strong>intelligendum,</strong></span> <span class='ocrx_word' id='word_1_43' title='bbox 2120 859 2224 917; x_wconf 85' lang='lat' dir='ltr'><strong>sed</strong></span> 
     </span>
     <span class='ocr_line' id='line_1_6' title="bbox 218 939 2221 1023; baseline 0.003 -22"><span class='ocrx_word' id='word_1_44' title='bbox 218 939 281 1001; x_wconf 85' lang='lat' dir='ltr'><strong>de</strong></span> <span class='ocrx_word' id='word_1_45' title='bbox 305 943 526 1002; x_wconf 79' lang='lat' dir='ltr'><strong>artificio</strong></span> <span class='ocrx_word' id='word_1_46' title='bbox 555 961 784 1002; x_wconf 87' lang='lat' dir='ltr'><strong>versum</strong></span> <span class='ocrx_word' id='word_1_47' title='bbox 816 941 1132 1020; x_wconf 79' lang='lat' dir='ltr'><strong>pangendi,</strong></span> <span class='ocrx_word' id='word_1_48' title='bbox 1185 953 1247 1001; x_wconf 92' lang='lat' dir='ltr'><strong>nt</strong></span> <span class='ocrx_word' id='word_1_49' title='bbox 1275 942 1423 1023; x_wconf 87' lang='lat' dir='ltr'><strong>apud</strong></span> <span class='ocrx_word' id='word_1_50' title='bbox 1454 943 1741 1003; x_wconf 77' lang='lat' dir='ltr'><strong>Horatium</strong></span> <span class='ocrx_word' id='word_1_51' title='bbox 1785 950 1918 1018; x_wconf 87' lang='lat' dir='ltr'><strong>(sat.</strong></span> <span class='ocrx_word' id='word_1_52' title='bbox 1949 943 1993 1015; x_wconf 88' lang='lat'><strong>1,</strong></span> <span class='ocrx_word' id='word_1_53' title='bbox 2024 948 2083 1014; x_wconf 86' lang='grc'><strong>4,</strong></span> <span class='ocrx_word' id='word_1_54' title='bbox 2115 948 2221 1016; x_wconf 85' lang='grc'><strong>40)</strong></span> 
     </span>
     <span class='ocr_line' id='line_1_7' title="bbox 214 1025 2219 1107; baseline 0.002 -21"><span class='ocrx_word' id='word_1_55' title='bbox 214 1029 533 1086; x_wconf 70' lang='lat' dir='ltr'><strong>concludere</strong></span> <span class='ocrx_word' id='word_1_56' title='bbox 560 1047 833 1099; x_wconf 84' lang='lat' dir='ltr'><strong>versum,</strong></span> <span class='ocrx_word' id='word_1_57' title='bbox 881 1025 1029 1107; x_wconf 83' lang='lat' dir='ltr'><strong>apud</strong></span> <span class='ocrx_word' id='word_1_58' title='bbox 1073 1027 1409 1088; x_wconf 80' lang='lat' dir='ltr'><strong>Ciceronem</strong></span> <span class='ocrx_word' id='word_1_59' title='bbox 1453 1035 1621 1103; x_wconf 86' lang='lat' dir='ltr'><strong>(orat.</strong></span> <span class='ocrx_word' id='word_1_60' title='bbox 1671 1034 1731 1099; x_wconf 86' lang='lat'><strong>5,</strong></span> <span class='ocrx_word' id='word_1_61' title='bbox 1771 1032 1887 1100; x_wconf 80' lang='lat'><strong>20;</strong></span> <span class='ocrx_word' id='word_1_62' title='bbox 1938 1034 2039 1099; x_wconf 88' lang='grc'><strong>51,</strong></span> <span class='ocrx_word' id='word_1_63' title='bbox 2075 1034 2219 1102; x_wconf 83' lang='grc'><strong>171)</strong></span> 
     </span>
     <span class='ocr_line' id='line_1_8' title="bbox 214 1111 2222 1192; baseline 0.002 -22"><span class='ocrx_word' id='word_1_64' title='bbox 214 1114 534 1171; x_wconf 74' lang='lat' dir='ltr'><strong>concludere</strong></span> <span class='ocrx_word' id='word_1_65' title='bbox 575 1114 919 1172; x_wconf 81' lang='lat' dir='ltr'><strong>orationem.</strong></span> <span class='ocrx_word' id='word_1_66' title='bbox 995 1111 1083 1171; x_wconf 91' lang='lat' dir='ltr'><strong>De</strong></span> <span class='ocrx_word' id='word_1_67' title='bbox 1124 1115 1333 1171; x_wconf 84' lang='lat' dir='ltr'><strong>Attide</strong></span> <span class='ocrx_word' id='word_1_68' title='bbox 1374 1114 1452 1173; x_wconf 76' lang='lat' dir='ltr'><strong>cf.</strong></span> <span class='ocrx_word' id='word_1_69' title='bbox 1503 1112 1571 1172; x_wconf 89' lang='lat' dir='ltr'><strong>L.</strong></span> <span class='ocrx_word' id='word_1_70' title='bbox 1618 1113 1947 1192; x_wconf 80' lang='lat' dir='ltr'><strong>Pignorius,</strong></span> <span class='ocrx_word' id='word_1_71' title='bbox 1977 1114 2222 1192; x_wconf 80' lang='lat' dir='ltr'><strong>Magnae</strong></span> 
     </span>
     <span class='ocr_line' id='line_1_9' title="bbox 213 1195 2222 1277; baseline 0.001 -23"><span class='ocrx_word' id='word_1_72' title='bbox 213 1196 353 1256; x_wconf 84' lang='lat' dir='ltr'><strong>Deae</strong></span> <span class='ocrx_word' id='word_1_73' title='bbox 381 1197 578 1257; x_wconf 74' lang='lat' dir='ltr'><strong>Matris</strong></span> <span class='ocrx_word' id='word_1_74' title='bbox 610 1195 817 1258; x_wconf 83' lang='lat' dir='ltr'><strong>Idaeae</strong></span> <span class='ocrx_word' id='word_1_75' title='bbox 849 1209 911 1257; x_wconf 88' lang='lat' dir='ltr'><strong>et</strong></span> <span class='ocrx_word' id='word_1_76' title='bbox 936 1195 1146 1257; x_wconf 85' lang='lat' dir='ltr'><strong>Attidis</strong></span> <span class='ocrx_word' id='word_1_77' title='bbox 1177 1199 1353 1256; x_wconf 85' lang='lat' dir='ltr'><strong>initia.</strong></span> <span class='ocrx_word' id='word_1_78' title='bbox 1395 1198 1579 1258; x_wconf 85' lang='lat' dir='ltr'><strong>Amst.</strong></span> <span class='ocrx_word' id='word_1_79' title='bbox 1615 1202 1796 1261; x_wconf 88' lang='grc'><strong>1669.</strong></span> <span class='ocrx_word' id='word_1_80' title='bbox 1833 1200 2049 1277; x_wconf 80' lang='lat' dir='ltr'><strong>zoega,</strong></span> <span class='ocrx_word' id='word_1_81' title='bbox 2081 1198 2222 1258; x_wconf 85' lang='lat' dir='ltr'><strong>Bas-</strong></span> 
     </span>
     <span class='ocr_line' id='line_1_10' title="bbox 213 1282 2221 1364; baseline 0.002 -26"><span class='ocrx_word' id='word_1_82' title='bbox 213 1283 297 1340; x_wconf 84' lang='lat' dir='ltr'><strong>sir.</strong></span> <span class='ocrx_word' id='word_1_83' title='bbox 326 1293 364 1340; x_wconf 89' lang='lat' dir='ltr'><strong>t.</strong></span> <span class='ocrx_word' id='word_1_84' title='bbox 393 1284 416 1343; x_wconf 91' lang='lat'>1</span> <span class='ocrx_word' id='word_1_85' title='bbox 447 1305 499 1363; x_wconf 91' lang='lat' dir='ltr'><strong>p.</strong></span> <span class='ocrx_word' id='word_1_86' title='bbox 532 1288 615 1345; x_wconf 86' lang='grc'><strong>45</strong></span> <span class='ocrx_word' id='word_1_87' title='bbox 648 1302 771 1362; x_wconf 85' lang='lat' dir='ltr'><strong>sqq.</strong></span> <span class='ocrx_word' id='word_1_88' title='bbox 803 1287 877 1345; x_wconf 87' lang='lat'><strong>81</strong></span> <span class='ocrx_word' id='word_1_89' title='bbox 904 1302 1027 1362; x_wconf 82' lang='lat' dir='ltr'><strong>sqq.</strong></span> <span class='ocrx_word' id='word_1_90' title='bbox 1061 1282 1267 1341; x_wconf 82' lang='lat' dir='ltr'><strong>Creuz.</strong></span> <span class='ocrx_word' id='word_1_91' title='bbox 1301 1282 1495 1363; x_wconf 80' lang='lat' dir='ltr'><strong>Symb.</strong></span> <span class='ocrx_word' id='word_1_92' title='bbox 1528 1284 1576 1343; x_wconf 91' lang='lat'><strong>11</strong></span> <span class='ocrx_word' id='word_1_93' title='bbox 1607 1305 1661 1364; x_wconf 87' lang='lat' dir='ltr'><strong>p.</strong></span> <span class='ocrx_word' id='word_1_94' title='bbox 1694 1288 1777 1346; x_wconf 92' lang='grc'><strong>38</strong></span> <span class='ocrx_word' id='word_1_95' title='bbox 1794 1303 1914 1363; x_wconf 83' lang='lat' dir='ltr'><strong>sqq.</strong></span> <span class='ocrx_word' id='word_1_96' title='bbox 1948 1285 2221 1343; x_wconf 84' lang='lat' dir='ltr'><strong>Klausen.</strong></span> 
     </span>
     <span class='ocr_line' id='line_1_11' title="bbox 211 1365 2221 1449; baseline 0.001 -24"><span class='ocrx_word' id='word_1_97' title='bbox 211 1365 339 1425; x_wconf 79' lang='lat' dir='ltr'><strong>Aen.</strong></span> <span class='ocrx_word' id='word_1_98' title='bbox 368 1369 392 1429; x_wconf 89' lang='lat'>1</span> <span class='ocrx_word' id='word_1_99' title='bbox 419 1389 472 1448; x_wconf 92' lang='lat' dir='ltr'><strong>p.</strong></span> <span class='ocrx_word' id='word_1_100' title='bbox 517 1373 600 1431; x_wconf 82' lang='lat'><strong>23</strong></span> <span class='ocrx_word' id='word_1_101' title='bbox 645 1388 767 1447; x_wconf 86' lang='lat' dir='ltr'><strong>sqq.</strong></span> <span class='ocrx_word' id='word_1_102' title='bbox 827 1369 882 1428; x_wconf 87' lang='lat' dir='ltr'><strong>Is</strong></span> <span class='ocrx_word' id='word_1_103' title='bbox 927 1378 1165 1427; x_wconf 83' lang='lat' dir='ltr'><strong>vocatur</strong></span> <span class='ocrx_word' id='word_1_104' title='bbox 1203 1371 1627 1447; x_wconf 75' lang='lat' dir='ltr'><strong>Berecyntius,</strong></span> <span class='ocrx_word' id='word_1_105' title='bbox 1676 1381 1738 1428; x_wconf 89' lang='lat' dir='ltr'><strong>ut</strong></span> <span class='ocrx_word' id='word_1_106' title='bbox 1766 1369 1891 1429; x_wconf 89' lang='lat' dir='ltr'><strong>Dea</strong></span> <span class='ocrx_word' id='word_1_107' title='bbox 1935 1371 2089 1449; x_wconf 88' lang='lat' dir='ltr'><strong>ipsa,</strong></span> <span class='ocrx_word' id='word_1_108' title='bbox 2132 1371 2221 1429; x_wconf 91' lang='lat' dir='ltr'><strong>cui</strong></span> 
     </span>
     <span class='ocr_line' id='line_1_12' title="bbox 209 1450 2219 1533; baseline 0.002 -26"><span class='ocrx_word' id='word_1_109' title='bbox 209 1450 441 1512; x_wconf 76' lang='lat' dir='ltr'><strong>addictus</strong></span> <span class='ocrx_word' id='word_1_110' title='bbox 471 1464 583 1524; x_wconf 86' lang='lat' dir='ltr'><strong>est,</strong></span> <span class='ocrx_word' id='word_1_111' title='bbox 614 1473 648 1512; x_wconf 87' lang='lat' dir='ltr'><strong>a</strong></span> <span class='ocrx_word' id='word_1_112' title='bbox 679 1453 1004 1533; x_wconf 79' lang='lat' dir='ltr'><strong>Berecynto</strong></span> <span class='ocrx_word' id='word_1_113' title='bbox 1049 1451 1335 1531; x_wconf 80' lang='lat' dir='ltr'><strong>Phrygiae</strong></span> <span class='ocrx_word' id='word_1_114' title='bbox 1379 1455 1472 1513; x_wconf 88' lang='lat' dir='ltr'><strong>vel</strong></span> <span class='ocrx_word' id='word_1_115' title='bbox 1520 1454 1662 1514; x_wconf 82' lang='lat' dir='ltr'><strong>urbe</strong></span> <span class='ocrx_word' id='word_1_116' title='bbox 1709 1455 1798 1514; x_wconf 89' lang='lat' dir='ltr'><strong>vel</strong></span> <span class='ocrx_word' id='word_1_117' title='bbox 1830 1466 2015 1514; x_wconf 89' lang='lat' dir='ltr'><strong>monte</strong></span> <span class='ocrx_word' id='word_1_118' title='bbox 2049 1463 2123 1526; x_wconf 88' lang='lat' dir='ltr'><strong>(v.</strong></span> <span class='ocrx_word' id='word_1_119' title='bbox 2152 1455 2219 1513; x_wconf 82' lang='grc' dir='ltr'><strong>Η.</strong></span> 
     </span>
     <span class='ocr_line' id='line_1_13' title="bbox 211 1535 2221 1620; baseline 0.002 -26"><span class='ocrx_word' id='word_1_120' title='bbox 211 1535 386 1617; x_wconf 83' lang='lat' dir='ltr'><strong>Steph.</strong></span> <span class='ocrx_word' id='word_1_121' title='bbox 429 1539 578 1599; x_wconf 83' lang='lat' dir='ltr'><strong>thes.</strong></span> <span class='ocrx_word' id='word_1_122' title='bbox 628 1537 722 1599; x_wconf 86' lang='lat' dir='ltr'><strong>ed.</strong></span> <span class='ocrx_word' id='word_1_123' title='bbox 774 1538 909 1598; x_wconf 89' lang='lat' dir='ltr'><strong>Par.</strong></span> <span class='ocrx_word' id='word_1_124' title='bbox 958 1557 1008 1596; x_wconf 89' lang='lat' dir='ltr'><strong>s.</strong></span> <span class='ocrx_word' id='word_1_125' title='bbox 1051 1559 1106 1597; x_wconf 81' lang='lat' dir='ltr'><strong>v.</strong></span> <span class='ocrx_word' id='word_1_126' title='bbox 1150 1535 1573 1620; x_wconf 69' lang='lat' dir='ltr'><strong>Repentinum).</strong></span> <span class='ocrx_word' id='word_1_127' title='bbox 1634 1538 1844 1598; x_wconf 78' lang='lat' dir='ltr'><strong>Plinius</strong></span> <span class='ocrx_word' id='word_1_128' title='bbox 1892 1540 1983 1612; x_wconf 86' lang='grc' dir='ltr'><strong>(Η.</strong></span> <span class='ocrx_word' id='word_1_129' title='bbox 2028 1539 2100 1598; x_wconf 88' lang='grc' dir='ltr'><strong>Ν.</strong></span> <span class='ocrx_word' id='word_1_130' title='bbox 2146 1541 2221 1612; x_wconf 88' lang='lat' dir='ltr'><strong>V,</strong></span> 
     </span>
     <span class='ocr_line' id='line_1_14' title="bbox 208 1622 2217 1703; baseline 0 -20"><span class='ocrx_word' id='word_1_131' title='bbox 208 1626 300 1693; x_wconf 78' lang='lat'><strong>29,</strong></span> <span class='ocrx_word' id='word_1_132' title='bbox 340 1627 439 1695; x_wconf 88' lang='grc'><strong>29)</strong></span> <span class='ocrx_word' id='word_1_133' title='bbox 485 1635 729 1683; x_wconf 85' lang='lat' dir='ltr'><strong>tractum</strong></span> <span class='ocrx_word' id='word_1_134' title='bbox 773 1622 1170 1701; x_wconf 87' lang='lat' dir='ltr'><strong>Berecyntium</strong></span> <span class='ocrx_word' id='word_1_135' title='bbox 1217 1643 1394 1701; x_wconf 81' lang='lat' dir='ltr'><strong>prope</strong></span> <span class='ocrx_word' id='word_1_136' title='bbox 1456 1624 1817 1683; x_wconf 87' lang='lat' dir='ltr'><strong>Eumeneiam</strong></span> <span class='ocrx_word' id='word_1_137' title='bbox 1878 1627 2066 1703; x_wconf 86' lang='lat' dir='ltr'><strong>ponit,</strong></span> <span class='ocrx_word' id='word_1_138' title='bbox 2125 1626 2217 1684; x_wconf 87' lang='lat' dir='ltr'><strong>uhi</strong></span> 
     </span>
     <span class='ocr_line' id='line_1_15' title="bbox 208 1705 2217 1784; baseline 0.003 -23"><span class='ocrx_word' id='word_1_139' title='bbox 208 1707 473 1784; x_wconf 70' lang='lat' dir='ltr'><strong>inscriptio</strong></span> <span class='ocrx_word' id='word_1_140' title='bbox 514 1718 745 1783; x_wconf 87' lang='lat' dir='ltr'><strong>reperta</strong></span> <span class='ocrx_word' id='word_1_141' title='bbox 787 1718 914 1778; x_wconf 82' lang='lat' dir='ltr'><strong>est,</strong></span> <span class='ocrx_word' id='word_1_142' title='bbox 961 1705 1030 1764; x_wconf 89' lang='lat' dir='ltr'><strong>ad</strong></span> <span class='ocrx_word' id='word_1_143' title='bbox 1077 1707 1221 1766; x_wconf 84' lang='lat' dir='ltr'><strong>hunc</strong></span> <span class='ocrx_word' id='word_1_144' title='bbox 1266 1708 1471 1766; x_wconf 91' lang='lat' dir='ltr'><strong>cultum</strong></span> <span class='ocrx_word' id='word_1_145' title='bbox 1502 1707 1805 1767; x_wconf 76' lang='lat' dir='ltr'><strong>referenda</strong></span> <span class='ocrx_word' id='word_1_146' title='bbox 1840 1719 1916 1782; x_wconf 88' lang='lat' dir='ltr'><strong>(v.</strong></span> <span class='ocrx_word' id='word_1_147' title='bbox 1950 1709 2217 1769; x_wconf 84' lang='lat' dir='ltr'><strong>Klausen.</strong></span> 
     </span>
     <span class='ocr_line' id='line_1_16' title="bbox 209 1788 2218 1866; baseline 0.004 -22"><span class='ocrx_word' id='word_1_148' title='bbox 209 1788 245 1845; x_wconf 91' lang='grc' dir='ltr'><strong>Ι.</strong></span> <span class='ocrx_word' id='word_1_149' title='bbox 275 1790 307 1844; x_wconf 88' lang='lat' dir='ltr'><strong>l.</strong></span> <span class='ocrx_word' id='word_1_150' title='bbox 335 1811 385 1866; x_wconf 88' lang='lat' dir='ltr'><strong>p.</strong></span> <span class='ocrx_word' id='word_1_151' title='bbox 416 1794 498 1852; x_wconf 90' lang='grc'><strong>24</strong></span> <span class='ocrx_word' id='word_1_152' title='bbox 531 1811 588 1848; x_wconf 89' lang='lat' dir='ltr'><strong>n.</strong></span> <span class='ocrx_word' id='word_1_153' title='bbox 625 1794 752 1860; x_wconf 84' lang='lat'><strong>85).</strong></span> <span class='ocrx_word' id='word_1_154' title='bbox 785 1791 984 1847; x_wconf 88' lang='lat' dir='ltr'><strong>Nerea</strong></span> <span class='ocrx_word' id='word_1_155' title='bbox 1016 1808 1117 1865; x_wconf 90' lang='lat' dir='ltr'><strong>pro</strong></span> <span class='ocrx_word' id='word_1_156' title='bbox 1146 1795 1283 1850; x_wconf 88' lang='lat' dir='ltr'><strong>mari</strong></span> <span class='ocrx_word' id='word_1_157' title='bbox 1317 1792 1503 1866; x_wconf 84' lang='lat' dir='ltr'><strong>posuit</strong></span> <span class='ocrx_word' id='word_1_158' title='bbox 1533 1795 1699 1852; x_wconf 84' lang='lat' dir='ltr'><strong>etiam</strong></span> <span class='ocrx_word' id='word_1_159' title='bbox 1729 1792 1858 1852; x_wconf 83' lang='lat' dir='ltr'><strong>Tib.</strong></span> <span class='ocrx_word' id='word_1_160' title='bbox 1880 1794 1978 1861; x_wconf 81' lang='lat' dir='ltr'><strong>lv,</strong></span> <span class='ocrx_word' id='word_1_161' title='bbox 2015 1800 2071 1863; x_wconf 84' lang='lat'><strong>1,</strong></span> <span class='ocrx_word' id='word_1_162' title='bbox 2104 1799 2218 1856; x_wconf 82' lang='lat'><strong>58:</strong></span> 
     </span>
     <span class='ocr_line' id='line_1_17' title="bbox 209 1869 2218 1949; baseline 0.003 -25"><span class='ocrx_word' id='word_1_163' title='bbox 209 1872 424 1928; x_wconf 86' lang='lat' dir='ltr'><strong>Vexitet</strong></span> <span class='ocrx_word' id='word_1_164' title='bbox 439 1869 676 1930; x_wconf 76' lang='lat' dir='ltr'><strong>Aeolios</strong></span> <span class='ocrx_word' id='word_1_165' title='bbox 707 1870 982 1949; x_wconf 85' lang='lat' dir='ltr'><strong>placidum</strong></span> <span class='ocrx_word' id='word_1_166' title='bbox 1015 1890 1119 1948; x_wconf 89' lang='lat' dir='ltr'><strong>per</strong></span> <span class='ocrx_word' id='word_1_167' title='bbox 1146 1872 1339 1929; x_wconf 83' lang='lat' dir='ltr'><strong>Nerea</strong></span> <span class='ocrx_word' id='word_1_168' title='bbox 1371 1880 1593 1932; x_wconf 85' lang='lat' dir='ltr'><strong>ventos.</strong></span> <span class='ocrx_word' id='word_1_169' title='bbox 1624 1874 1753 1932; x_wconf 91' lang='lat' dir='ltr'><strong>Val.</strong></span> <span class='ocrx_word' id='word_1_170' title='bbox 1773 1874 1960 1936; x_wconf 87' lang='lat' dir='ltr'><strong>Flace.</strong></span> <span class='ocrx_word' id='word_1_171' title='bbox 1989 1875 2032 1945; x_wconf 89' lang='lat'><strong>1,</strong></span> <span class='ocrx_word' id='word_1_172' title='bbox 2063 1879 2218 1936; x_wconf 79' lang='lat'>450:</span> 
     </span>
     <span class='ocr_line' id='line_1_18' title="bbox 211 1954 2219 2034; baseline 0.002 -24"><span class='ocrx_word' id='word_1_173' title='bbox 211 1954 364 2014; x_wconf 83' lang='lat' dir='ltr'><strong>Remo</strong></span> <span class='ocrx_word' id='word_1_174' title='bbox 407 1955 598 2014; x_wconf 83' lang='lat' dir='ltr'><strong>Nerea</strong></span> <span class='ocrx_word' id='word_1_175' title='bbox 642 1967 856 2014; x_wconf 83' lang='lat' dir='ltr'><strong>versat.</strong></span> <span class='ocrx_word' id='word_1_176' title='bbox 917 1957 1232 2034; x_wconf 77' lang='lat' dir='ltr'><strong>Apennino</strong></span> <span class='ocrx_word' id='word_1_177' title='bbox 1272 1956 1348 2012; x_wconf 76' lang='lat' dir='ltr'><strong>cf.</strong></span> <span class='ocrx_word' id='word_1_178' title='bbox 1381 1954 1569 2026; x_wconf 88' lang='lat' dir='ltr'><strong>Quint.</strong></span> <span class='ocrx_word' id='word_1_179' title='bbox 1603 1954 1703 2024; x_wconf 90' lang='lat' dir='ltr'><strong>IX,</strong></span> <span class='ocrx_word' id='word_1_180' title='bbox 1736 1960 1796 2024; x_wconf 85' lang='grc'><strong>4,</strong></span> <span class='ocrx_word' id='word_1_181' title='bbox 1830 1958 1942 2016; x_wconf 84' lang='lat'><strong>65:</strong></span> <span class='ocrx_word' id='word_1_182' title='bbox 1988 1956 2135 2027; x_wconf 87' lang='lat' dir='ltr'><strong>„Est</strong></span> <span class='ocrx_word' id='word_1_183' title='bbox 2163 1959 2219 2015; x_wconf 94' lang='lat' dir='ltr'><strong>in</strong></span> 
     </span>
     <span class='ocr_line' id='line_1_19' title="bbox 208 2035 2220 2120; baseline 0 -24"><span class='ocrx_word' id='word_1_184' title='bbox 208 2057 269 2096; x_wconf 86' lang='lat' dir='ltr'><strong>eo</strong></span> <span class='ocrx_word' id='word_1_185' title='bbox 294 2060 506 2120; x_wconf 79' lang='lat' dir='ltr'><strong>quoque</strong></span> <span class='ocrx_word' id='word_1_186' title='bbox 541 2039 821 2109; x_wconf 85' lang='lat' dir='ltr'><strong>nonnihil,</strong></span> <span class='ocrx_word' id='word_1_187' title='bbox 862 2035 1011 2117; x_wconf 82' lang='lat' dir='ltr'><strong>quod</strong></span> <span class='ocrx_word' id='word_1_188' title='bbox 1055 2038 1146 2096; x_wconf 83' lang='lat' dir='ltr'><strong>hic</strong></span> <span class='ocrx_word' id='word_1_189' title='bbox 1177 2039 1414 2116; x_wconf 80' lang='lat' dir='ltr'><strong>singulis</strong></span> <span class='ocrx_word' id='word_1_190' title='bbox 1457 2038 1647 2097; x_wconf 85' lang='lat' dir='ltr'><strong>verbis</strong></span> <span class='ocrx_word' id='word_1_191' title='bbox 1689 2039 1802 2097; x_wconf 91' lang='lat' dir='ltr'><strong>bini</strong></span> <span class='ocrx_word' id='word_1_192' title='bbox 1833 2037 2009 2117; x_wconf 89' lang='lat' dir='ltr'><strong>pedes</strong></span> <span class='ocrx_word' id='word_1_193' title='bbox 2040 2041 2220 2097; x_wconf 87' lang='lat' dir='ltr'><strong>eonti-</strong></span> 
     </span>
     <span class='ocr_line' id='line_1_20' title="bbox 209 2123 2218 2204; baseline 0.001 -23"><span class='ocrx_word' id='word_1_194' title='bbox 209 2137 404 2197; x_wconf 85' lang='lat' dir='ltr'><strong>nentur,</strong></span> <span class='ocrx_word' id='word_1_195' title='bbox 436 2123 585 2204; x_wconf 85' lang='lat' dir='ltr'><strong>quod</strong></span> <span class='ocrx_word' id='word_1_196' title='bbox 617 2126 792 2183; x_wconf 84' lang='lat' dir='ltr'><strong>ctiam</strong></span> <span class='ocrx_word' id='word_1_197' title='bbox 816 2126 878 2183; x_wconf 90' lang='lat' dir='ltr'><strong>in</strong></span> <span class='ocrx_word' id='word_1_198' title='bbox 907 2124 1266 2182; x_wconf 77' lang='lat' dir='ltr'><strong>carminibus</strong></span> <span class='ocrx_word' id='word_1_199' title='bbox 1292 2125 1686 2202; x_wconf 80' lang='lat' dir='ltr'><strong>estperrnolle</strong></span> <span class='ocrx_word' id='word_1_200' title='bbox 1729 2143 1836 2183; x_wconf 91' lang='lat' dir='ltr'><strong>nec</strong></span> <span class='ocrx_word' id='word_1_201' title='bbox 1868 2125 2044 2182; x_wconf 81' lang='lat' dir='ltr'><strong>solum</strong></span> <span class='ocrx_word' id='word_1_202' title='bbox 2063 2165 2081 2193; x_wconf 92' lang='lat'>,</span> <span class='ocrx_word' id='word_1_203' title='bbox 2125 2124 2218 2183; x_wconf 84' lang='lat' dir='ltr'><strong>ubi</strong></span> 
     </span>
     <span class='ocr_line' id='line_1_21' title="bbox 207 2209 2215 2289; baseline 0 -22"><span class='ocrx_word' id='word_1_204' title='bbox 207 2212 384 2288; x_wconf 84' lang='lat' dir='ltr'><strong>quinae</strong></span> <span class='ocrx_word' id='word_1_205' title='bbox 417 2210 676 2289; x_wconf 79' lang='lat' dir='ltr'><strong>syllabae</strong></span> <span class='ocrx_word' id='word_1_206' title='bbox 691 2219 1010 2280; x_wconf 88' lang='lat' dir='ltr'><strong>nectuntur,</strong></span> <span class='ocrx_word' id='word_1_207' title='bbox 1040 2211 1170 2266; x_wconf 90' lang='lat' dir='ltr'><strong>utin</strong></span> <span class='ocrx_word' id='word_1_208' title='bbox 1203 2209 1319 2267; x_wconf 88' lang='lat' dir='ltr'><strong>his:</strong></span> <span class='ocrx_word' id='word_1_209' title='bbox 1345 2210 1693 2268; x_wconf 60' lang='lat' dir='ltr'><strong>Fortissima</strong></span> <span class='ocrx_word' id='word_1_210' title='bbox 1718 2210 2215 2286; x_wconf 80' lang='lat' dir='ltr'><strong>Tyndaridarum,</strong></span> 
     </span>
     <span class='ocr_line' id='line_1_22' title="bbox 205 2290 2221 2374; baseline -0.002 -18"><span class='ocrx_word' id='word_1_211' title='bbox 205 2290 291 2356; x_wconf 73' lang='lat' dir='ltr'><strong>seii</strong></span> <span class='ocrx_word' id='word_1_212' title='bbox 331 2298 500 2355; x_wconf 86' lang='lat' dir='ltr'><strong>etiam</strong></span> <span class='ocrx_word' id='word_1_213' title='bbox 547 2294 639 2354; x_wconf 82' lang='lat' dir='ltr'><strong>nbi</strong></span> <span class='ocrx_word' id='word_1_214' title='bbox 683 2304 1027 2374; x_wconf 86' lang='lat' dir='ltr'><strong>quaternae,</strong></span> <span class='ocrx_word' id='word_1_215' title='bbox 1073 2314 1196 2352; x_wconf 92' lang='lat' dir='ltr'><strong>cum</strong></span> <span class='ocrx_word' id='word_1_216' title='bbox 1245 2312 1447 2353; x_wconf 86' lang='lat' dir='ltr'><strong>versus</strong></span> <span class='ocrx_word' id='word_1_217' title='bbox 1494 2292 1771 2353; x_wconf 85' lang='lat' dir='ltr'><strong>clauditur</strong></span> <span class='ocrx_word' id='word_1_218' title='bbox 1796 2296 2115 2373; x_wconf 86' lang='lat' dir='ltr'><strong>Apennino</strong></span> <span class='ocrx_word' id='word_1_219' title='bbox 2160 2305 2221 2352; x_wconf 91' lang='lat' dir='ltr'><strong>et</strong></span> 
     </span>
     <span class='ocr_line' id='line_1_23' title="bbox 199 2380 2219 2441; baseline -0.001 -2"><span class='ocrx_word' id='word_1_220' title='bbox 199 2384 563 2441; x_wconf 77' lang='lat' dir='ltr'><strong>armamentis</strong></span> <span class='ocrx_word' id='word_1_221' title='bbox 592 2392 653 2440; x_wconf 88' lang='lat' dir='ltr'><strong>et</strong></span> <span class='ocrx_word' id='word_1_222' title='bbox 687 2382 1010 2439; x_wconf 86' lang='lat' dir='ltr'><strong>Oreione.“</strong></span> <span class='ocrx_word' id='word_1_223' title='bbox 1088 2380 1163 2438; x_wconf 88' lang='lat' dir='ltr'><strong>Et</strong></span> <span class='ocrx_word' id='word_1_224' title='bbox 1192 2382 1280 2438; x_wconf 88' lang='lat' dir='ltr'><strong>usi</strong></span> <span class='ocrx_word' id='word_1_225' title='bbox 1312 2391 1441 2438; x_wconf 84' lang='lat' dir='ltr'><strong>sunt</strong></span> <span class='ocrx_word' id='word_1_226' title='bbox 1469 2380 1578 2440; x_wconf 83' lang='lat' dir='ltr'><strong>hoe</strong></span> <span class='ocrx_word' id='word_1_227' title='bbox 1606 2380 1782 2440; x_wconf 81' lang='lat' dir='ltr'><strong>verbo</strong></span> <span class='ocrx_word' id='word_1_228' title='bbox 1814 2383 1868 2438; x_wconf 91' lang='lat' dir='ltr'><strong>in</strong></span> <span class='ocrx_word' id='word_1_229' title='bbox 1899 2381 2009 2438; x_wconf 84' lang='lat' dir='ltr'><strong>fine</strong></span> <span class='ocrx_word' id='word_1_230' title='bbox 2042 2380 2219 2439; x_wconf 84' lang='lat' dir='ltr'><strong>hexa-</strong></span> 
     </span>
     <span class='ocr_line' id='line_1_24' title="bbox 197 2462 2214 2545; baseline -0 -20"><span class='ocrx_word' id='word_1_231' title='bbox 197 2470 343 2526; x_wconf 82' lang='lat' dir='ltr'><strong>metri</strong></span> <span class='ocrx_word' id='word_1_232' title='bbox 373 2478 584 2544; x_wconf 87' lang='lat' dir='ltr'><strong>poetae</strong></span> <span class='ocrx_word' id='word_1_233' title='bbox 616 2465 848 2525; x_wconf 83' lang='lat' dir='ltr'><strong>Romani</strong></span> <span class='ocrx_word' id='word_1_234' title='bbox 894 2462 1040 2523; x_wconf 88' lang='lat' dir='ltr'><strong>hand</strong></span> <span class='ocrx_word' id='word_1_235' title='bbox 1069 2467 1147 2523; x_wconf 88' lang='lat' dir='ltr'><strong>ita</strong></span> <span class='ocrx_word' id='word_1_236' title='bbox 1177 2483 1344 2535; x_wconf 86' lang='lat' dir='ltr'><strong>raro,</strong></span> <span class='ocrx_word' id='word_1_237' title='bbox 1376 2467 1451 2525; x_wconf 79' lang='lat' dir='ltr'><strong>cf.</strong></span> <span class='ocrx_word' id='word_1_238' title='bbox 1485 2465 1682 2524; x_wconf 85' lang='lat' dir='ltr'><strong>Horat.</strong></span> <span class='ocrx_word' id='word_1_239' title='bbox 1726 2463 1893 2545; x_wconf 88' lang='lat' dir='ltr'><strong>epod.</strong></span> <span class='ocrx_word' id='word_1_240' title='bbox 1925 2464 2082 2537; x_wconf 89' lang='lat' dir='ltr'>XVI,</span> <span class='ocrx_word' id='word_1_241' title='bbox 2112 2469 2214 2527; x_wconf 87' lang='grc'><strong>29.</strong></span> 
     </span>
     <span class='ocr_line' id='line_1_25' title="bbox 196 2550 2216 2629; baseline -0 -18"><span class='ocrx_word' id='word_1_242' title='bbox 196 2552 338 2612; x_wconf 78' lang='lat' dir='ltr'><strong>Ovid.</strong></span> <span class='ocrx_word' id='word_1_243' title='bbox 369 2553 510 2612; x_wconf 82' lang='lat' dir='ltr'><strong>Met.</strong></span> <span class='ocrx_word' id='word_1_244' title='bbox 543 2551 614 2622; x_wconf 87' lang='grc' dir='ltr'><strong>ΙΙ,</strong></span> <span class='ocrx_word' id='word_1_245' title='bbox 658 2555 804 2614; x_wconf 86' lang='grc'><strong>226.</strong></span> <span class='ocrx_word' id='word_1_246' title='bbox 849 2550 1069 2609; x_wconf 89' lang='lat' dir='ltr'><strong>Lucan.</strong></span> <span class='ocrx_word' id='word_1_247' title='bbox 1115 2550 1185 2622; x_wconf 89' lang='grc' dir='ltr'><strong>ΙΙ,</strong></span> <span class='ocrx_word' id='word_1_248' title='bbox 1217 2554 1366 2612; x_wconf 84' lang='grc'><strong>396.</strong></span> <span class='ocrx_word' id='word_1_249' title='bbox 1449 2553 1683 2610; x_wconf 81' lang='lat' dir='ltr'><strong>Castam</strong></span> <span class='ocrx_word' id='word_1_250' title='bbox 1728 2552 2041 2629; x_wconf 86' lang='lat' dir='ltr'><strong>Apennino</strong></span> <span class='ocrx_word' id='word_1_251' title='bbox 2077 2550 2216 2610; x_wconf 87' lang='lat' dir='ltr'><strong>sub-</strong></span> 
     </span>
     <span class='ocr_line' id='line_1_26' title="bbox 194 2634 2217 2714; baseline -0 -19"><span class='ocrx_word' id='word_1_252' title='bbox 194 2639 393 2697; x_wconf 83' lang='lat' dir='ltr'><strong>ducere</strong></span> <span class='ocrx_word' id='word_1_253' title='bbox 423 2637 742 2696; x_wconf 83' lang='lat' dir='ltr'><strong>insolenter</strong></span> <span class='ocrx_word' id='word_1_254' title='bbox 756 2634 959 2694; x_wconf 90' lang='lat' dir='ltr'><strong>dictum</strong></span> <span class='ocrx_word' id='word_1_255' title='bbox 992 2645 1080 2693; x_wconf 90' lang='lat' dir='ltr'><strong>est</strong></span> <span class='ocrx_word' id='word_1_256' title='bbox 1094 2654 1198 2713; x_wconf 91' lang='lat' dir='ltr'><strong>pro</strong></span> <span class='ocrx_word' id='word_1_257' title='bbox 1228 2655 1320 2707; x_wconf 89' lang='lat' dir='ltr'><strong>eo,</strong></span> <span class='ocrx_word' id='word_1_258' title='bbox 1352 2634 1499 2714; x_wconf 85' lang='lat' dir='ltr'><strong>quod</strong></span> <span class='ocrx_word' id='word_1_259' title='bbox 1532 2647 1622 2695; x_wconf 89' lang='lat' dir='ltr'><strong>est</strong></span> <span class='ocrx_word' id='word_1_260' title='bbox 1634 2636 1994 2714; x_wconf 89' lang='lat' dir='ltr'><strong>praetervehi</strong></span> <span class='ocrx_word' id='word_1_261' title='bbox 2023 2634 2217 2714; x_wconf 87' lang='lat' dir='ltr'><strong>Apen-</strong></span> 
     </span>
     <span class='ocr_line' id='line_1_27' title="bbox 193 2719 2219 2801; baseline -0 -22"><span class='ocrx_word' id='word_1_262' title='bbox 193 2724 389 2793; x_wconf 89' lang='lat' dir='ltr'><strong>ninum,</strong></span> <span class='ocrx_word' id='word_1_263' title='bbox 437 2734 500 2783; x_wconf 89' lang='lat' dir='ltr'><strong>et</strong></span> <span class='ocrx_word' id='word_1_264' title='bbox 542 2719 690 2801; x_wconf 85' lang='lat' dir='ltr'><strong>quod</strong></span> <span class='ocrx_word' id='word_1_265' title='bbox 745 2740 779 2779; x_wconf 90' lang='lat' dir='ltr'><strong>e</strong></span> <span class='ocrx_word' id='word_1_266' title='bbox 832 2719 1055 2778; x_wconf 87' lang='lat' dir='ltr'><strong>Seneca</strong></span> <span class='ocrx_word' id='word_1_267' title='bbox 1104 2728 1256 2799; x_wconf 88' lang='lat' dir='ltr'><strong>(epp.</strong></span> <span class='ocrx_word' id='word_1_268' title='bbox 1307 2720 1433 2780; x_wconf 84' lang='lat' dir='ltr'>LIII</span> <span class='ocrx_word' id='word_1_269' title='bbox 1476 2742 1532 2799; x_wconf 96' lang='lat' dir='ltr'><strong>p.</strong></span> <span class='ocrx_word' id='word_1_270' title='bbox 1598 2726 1716 2783; x_wconf 89' lang='grc'><strong>157</strong></span> <span class='ocrx_word' id='word_1_271' title='bbox 1761 2719 1972 2792; x_wconf 83' lang='lat' dir='ltr'><strong>Schw.)</strong></span> <span class='ocrx_word' id='word_1_272' title='bbox 2035 2720 2219 2779; x_wconf 82' lang='lat' dir='ltr'><strong>attulit</strong></span> 
     </span>
     <span class='ocr_line' id='line_1_28' title="bbox 193 2805 2214 2884; baseline -0 -19"><span class='ocrx_word' id='word_1_273' title='bbox 193 2807 471 2867; x_wconf 62' lang='lat' dir='ltr'><strong>passam:</strong></span> <span class='ocrx_word' id='word_1_274' title='bbox 533 2807 773 2879; x_wconf 82' lang='lat' dir='ltr'><strong>„Putavi</strong></span> <span class='ocrx_word' id='word_1_275' title='bbox 813 2815 927 2864; x_wconf 90' lang='lat' dir='ltr'><strong>tam</strong></span> <span class='ocrx_word' id='word_1_276' title='bbox 972 2824 1153 2882; x_wconf 90' lang='lat' dir='ltr'><strong>pauca</strong></span> <span class='ocrx_word' id='word_1_277' title='bbox 1208 2806 1378 2863; x_wconf 86' lang='lat' dir='ltr'><strong>millia</strong></span> <span class='ocrx_word' id='word_1_278' title='bbox 1423 2826 1458 2864; x_wconf 88' lang='lat' dir='ltr'><strong>a</strong></span> <span class='ocrx_word' id='word_1_279' title='bbox 1507 2805 1864 2883; x_wconf 86' lang='lat' dir='ltr'><strong>Parthenope</strong></span> <span class='ocrx_word' id='word_1_280' title='bbox 1911 2814 2006 2863; x_wconf 88' lang='lat' dir='ltr'><strong>tua</strong></span> <span class='ocrx_word' id='word_1_281' title='bbox 2035 2824 2214 2884; x_wconf 89' lang='lat' dir='ltr'><strong>usque</strong></span> 
     </span>
     <span class='ocr_line' id='line_1_29' title="bbox 191 2888 2214 2972; baseline -0.002 -20"><span class='ocrx_word' id='word_1_282' title='bbox 191 2892 449 2952; x_wconf 87' lang='lat' dir='ltr'><strong>Puteolos</strong></span> <span class='ocrx_word' id='word_1_283' title='bbox 483 2892 724 2972; x_wconf 76' lang='lat' dir='ltr'><strong>subripi</strong></span> <span class='ocrx_word' id='word_1_284' title='bbox 746 2910 953 2970; x_wconf 82' lang='lat' dir='ltr'><strong>posse,</strong></span> <span class='ocrx_word' id='word_1_285' title='bbox 1003 2892 1252 2969; x_wconf 86' lang='lat' dir='ltr'><strong>quamvis</strong></span> <span class='ocrx_word' id='word_1_286' title='bbox 1297 2889 1465 2949; x_wconf 85' lang='lat' dir='ltr'><strong>dubio</strong></span> <span class='ocrx_word' id='word_1_287' title='bbox 1496 2902 1557 2951; x_wconf 89' lang='lat' dir='ltr'><strong>et</strong></span> <span class='ocrx_word' id='word_1_288' title='bbox 1585 2888 1940 2969; x_wconf 84' lang='lat' dir='ltr'><strong>impendente</strong></span> <span class='ocrx_word' id='word_1_289' title='bbox 1986 2891 2214 2962; x_wconf 85' lang='lat' dir='ltr'><strong>eoelo‚“</strong></span> 
     </span>
     <span class='ocr_line' id='line_1_30' title="bbox 190 2973 2217 3055; baseline -0.001 -19"><span class='ocrx_word' id='word_1_290' title='bbox 190 2998 286 3036; x_wconf 91' lang='lat' dir='ltr'><strong>non</strong></span> <span class='ocrx_word' id='word_1_291' title='bbox 318 2979 475 3038; x_wconf 87' lang='lat' dir='ltr'><strong>valet</strong></span> <span class='ocrx_word' id='word_1_292' title='bbox 505 2976 575 3035; x_wconf 88' lang='lat' dir='ltr'><strong>ad</strong></span> <span class='ocrx_word' id='word_1_293' title='bbox 607 2973 1041 3036; x_wconf 76' lang='lat' dir='ltr'><strong>defendendum.</strong></span> <span class='ocrx_word' id='word_1_294' title='bbox 1113 2974 1258 3035; x_wconf 89' lang='lat' dir='ltr'><strong>Nam</strong></span> <span class='ocrx_word' id='word_1_295' title='bbox 1289 2975 1437 3055; x_wconf 85' lang='lat' dir='ltr'><strong>quod</strong></span> <span class='ocrx_word' id='word_1_296' title='bbox 1481 2977 1554 3035; x_wconf 88' lang='lat' dir='ltr'><strong>ibi</strong></span> <span class='ocrx_word' id='word_1_297' title='bbox 1600 2995 1702 3055; x_wconf 90' lang='lat' dir='ltr'><strong>pro</strong></span> <span class='ocrx_word' id='word_1_298' title='bbox 1754 2977 2033 3034; x_wconf 85' lang='lat' dir='ltr'><strong>usitatiori</strong></span> <span class='ocrx_word' id='word_1_299' title='bbox 2065 2978 2217 3035; x_wconf 86' lang='lat' dir='ltr'><strong>viam</strong></span> 
     </span>
     <span class='ocr_line' id='line_1_31' title="bbox 189 3058 2217 3142; baseline -0.001 -20"><span class='ocrx_word' id='word_1_300' title='bbox 189 3084 396 3142; x_wconf 85' lang='lat' dir='ltr'><strong>rapere</strong></span> <span class='ocrx_word' id='word_1_301' title='bbox 452 3061 659 3122; x_wconf 90' lang='lat' dir='ltr'><strong>dicitnr</strong></span> <span class='ocrx_word' id='word_1_302' title='bbox 685 3062 939 3139; x_wconf 83' lang='lat' dir='ltr'><strong>subripi,</strong></span> <span class='ocrx_word' id='word_1_303' title='bbox 976 3058 1029 3118; x_wconf 85' lang='lat' dir='ltr'><strong>id</strong></span> <span class='ocrx_word' id='word_1_304' title='bbox 1060 3061 1129 3119; x_wconf 88' lang='lat' dir='ltr'><strong>iis</strong></span> <span class='ocrx_word' id='word_1_305' title='bbox 1161 3062 1497 3139; x_wconf 80' lang='lat' dir='ltr'><strong>explicatur,</strong></span> <span class='ocrx_word' id='word_1_306' title='bbox 1550 3082 1694 3141; x_wconf 86' lang='lat' dir='ltr'><strong>quae</strong></span> <span class='ocrx_word' id='word_1_307' title='bbox 1741 3059 2076 3120; x_wconf 85' lang='lat' dir='ltr'><strong>adiiciuntur</strong></span> <span class='ocrx_word' id='word_1_308' title='bbox 2115 3064 2217 3120; x_wconf 87' lang='lat' dir='ltr'><strong>im-</strong></span> 
     </span>
     <span class='ocr_line' id='line_1_32' title="bbox 184 3145 2215 3227; baseline -0.001 -20"><span class='ocrx_word' id='word_1_309' title='bbox 184 3151 466 3227; x_wconf 78' lang='lat' dir='ltr'><strong>pendente</strong></span> <span class='ocrx_word' id='word_1_310' title='bbox 494 3150 672 3208; x_wconf 85' lang='lat' dir='ltr'><strong>coclo.</strong></span> <span class='ocrx_word' id='word_1_311' title='bbox 740 3149 976 3205; x_wconf 83' lang='lat' dir='ltr'><strong>Castam</strong></span> <span class='ocrx_word' id='word_1_312' title='bbox 1025 3148 1232 3205; x_wconf 81' lang='lat' dir='ltr'><strong>montis</strong></span> <span class='ocrx_word' id='word_1_313' title='bbox 1272 3145 1497 3205; x_wconf 86' lang='lat' dir='ltr'><strong>videtur</strong></span> <span class='ocrx_word' id='word_1_314' title='bbox 1540 3146 1751 3206; x_wconf 82' lang='lat' dir='ltr'><strong>dixisse</strong></span> <span class='ocrx_word' id='word_1_315' title='bbox 1798 3145 1869 3204; x_wconf 85' lang='lat' dir='ltr'><strong>ad</strong></span> <span class='ocrx_word' id='word_1_316' title='bbox 1902 3147 2215 3225; x_wconf 84' lang='lat' dir='ltr'><strong>exemplum</strong></span> 
     </span>
     <span class='ocr_line' id='line_1_33' title="bbox 189 3230 2214 3312; baseline -0.001 -19"><span class='ocrx_word' id='word_1_317' title='bbox 189 3233 437 3293; x_wconf 83' lang='lat' dir='ltr'><strong>similium</strong></span> <span class='ocrx_word' id='word_1_318' title='bbox 472 3230 837 3312; x_wconf 87' lang='lat' dir='ltr'><strong>quorundam,</strong></span> <span class='ocrx_word' id='word_1_319' title='bbox 870 3231 1039 3309; x_wconf 79' lang='lat' dir='ltr'><strong>longe</strong></span> <span class='ocrx_word' id='word_1_320' title='bbox 1064 3243 1252 3291; x_wconf 89' lang='lat' dir='ltr'><strong>tamen</strong></span> <span class='ocrx_word' id='word_1_321' title='bbox 1284 3230 1625 3304; x_wconf 84' lang='lat' dir='ltr'><strong>distantium,</strong></span> <span class='ocrx_word' id='word_1_322' title='bbox 1660 3233 1845 3311; x_wconf 85' lang='lat' dir='ltr'><strong>qualia</strong></span> <span class='ocrx_word' id='word_1_323' title='bbox 1863 3244 1992 3290; x_wconf 87' lang='lat' dir='ltr'><strong>sunt</strong></span> <span class='ocrx_word' id='word_1_324' title='bbox 2005 3230 2214 3311; x_wconf 84' lang='lat' dir='ltr'><strong>frons,</strong></span> 
     </span>
     <span class='ocr_line' id='line_1_34' title="bbox 190 3315 2217 3398; baseline -0.001 -20"><span class='ocrx_word' id='word_1_325' title='bbox 190 3331 411 3389; x_wconf 65' lang='lat' dir='ltr'><strong>vertex,</strong></span> <span class='ocrx_word' id='word_1_326' title='bbox 445 3318 669 3398; x_wconf 79' lang='lat' dir='ltr'><strong>fauces</strong></span> <span class='ocrx_word' id='word_1_327' title='bbox 713 3318 976 3375; x_wconf 90' lang='lat' dir='ltr'><strong>montium</strong></span> <span class='ocrx_word' id='word_1_328' title='bbox 1024 3326 1162 3376; x_wconf 85' lang='lat' dir='ltr'><strong>cett.</strong></span> <span class='ocrx_word' id='word_1_329' title='bbox 1213 3317 1369 3376; x_wconf 85' lang='lat' dir='ltr'><strong>Haec</strong></span> <span class='ocrx_word' id='word_1_330' title='bbox 1401 3319 1574 3396; x_wconf 86' lang='lat' dir='ltr'><strong>igitur</strong></span> <span class='ocrx_word' id='word_1_331' title='bbox 1618 3318 1877 3396; x_wconf 83' lang='lat' dir='ltr'><strong>exempla</strong></span> <span class='ocrx_word' id='word_1_332' title='bbox 1908 3318 2090 3377; x_wconf 89' lang='lat' dir='ltr'><strong>attulit</strong></span> <span class='ocrx_word' id='word_1_333' title='bbox 2118 3315 2217 3375; x_wconf 87' lang='lat' dir='ltr'><strong>ad-</strong></span> 
     </span>
     <span class='ocr_line' id='line_1_35' title="bbox 187 3400 2218 3483; baseline -0.001 -21"><span class='ocrx_word' id='word_1_334' title='bbox 187 3406 496 3476; x_wconf 76' lang='lat' dir='ltr'><strong>versarius,</strong></span> <span class='ocrx_word' id='word_1_335' title='bbox 522 3406 578 3463; x_wconf 93' lang='lat' dir='ltr'><strong>in</strong></span> <span class='ocrx_word' id='word_1_336' title='bbox 610 3403 808 3483; x_wconf 89' lang='lat' dir='ltr'><strong>quibus</strong></span> <span class='ocrx_word' id='word_1_337' title='bbox 838 3402 1145 3461; x_wconf 83' lang='lat' dir='ltr'><strong>artificiosa</strong></span> <span class='ocrx_word' id='word_1_338' title='bbox 1178 3404 1434 3461; x_wconf 87' lang='lat' dir='ltr'><strong>iunctura</strong></span> <span class='ocrx_word' id='word_1_339' title='bbox 1467 3404 1710 3462; x_wconf 89' lang='lat' dir='ltr'><strong>numeris</strong></span> <span class='ocrx_word' id='word_1_340' title='bbox 1752 3401 2015 3462; x_wconf 90' lang='lat' dir='ltr'><strong>decorem</strong></span> <span class='ocrx_word' id='word_1_341' title='bbox 2059 3400 2218 3461; x_wconf 89' lang='lat' dir='ltr'><strong>addi-</strong></span> 
     </span>
     <span class='ocr_line' id='line_1_36' title="bbox 187 3485 2219 3569; baseline -0.001 -22"><span class='ocrx_word' id='word_1_342' title='bbox 187 3489 279 3560; x_wconf 86' lang='lat' dir='ltr'><strong>dit,</strong></span> <span class='ocrx_word' id='word_1_343' title='bbox 308 3510 419 3569; x_wconf 87' lang='lat' dir='ltr'><strong>qua</strong></span> <span class='ocrx_word' id='word_1_344' title='bbox 450 3488 507 3550; x_wconf 86' lang='lat' dir='ltr'><strong>in</strong></span> <span class='ocrx_word' id='word_1_345' title='bbox 538 3508 603 3547; x_wconf 90' lang='lat' dir='ltr'><strong>re</strong></span> <span class='ocrx_word' id='word_1_346' title='bbox 634 3508 898 3547; x_wconf 88' lang='lat' dir='ltr'><strong>summum</strong></span> <span class='ocrx_word' id='word_1_347' title='bbox 931 3488 1025 3546; x_wconf 91' lang='lat' dir='ltr'><strong>ille</strong></span> <span class='ocrx_word' id='word_1_348' title='bbox 1057 3489 1279 3565; x_wconf 83' lang='lat' dir='ltr'><strong>posuit3</strong></span> <span class='ocrx_word' id='word_1_349' title='bbox 1316 3490 1406 3546; x_wconf 90' lang='lat' dir='ltr'><strong>cui</strong></span> <span class='ocrx_word' id='word_1_350' title='bbox 1438 3486 1880 3566; x_wconf 84' lang='lat' dir='ltr'><strong>indignabandus</strong></span> <span class='ocrx_word' id='word_1_351' title='bbox 1912 3485 2219 3567; x_wconf 86' lang='lat' dir='ltr'><strong>respondet</strong></span> 
     </span>
     <span class='ocr_line' id='line_1_37' title="bbox 187 3571 2214 3634; baseline -0.002 0"><span class='ocrx_word' id='word_1_352' title='bbox 187 3575 433 3634; x_wconf 82' lang='lat' dir='ltr'><strong>Persius.</strong></span> <span class='ocrx_word' id='word_1_353' title='bbox 520 3577 713 3634; x_wconf 84' lang='lat' dir='ltr'><strong>Arma</strong></span> <span class='ocrx_word' id='word_1_354' title='bbox 744 3576 976 3631; x_wconf 83' lang='lat' dir='ltr'><strong>virum!</strong></span> <span class='ocrx_word' id='word_1_355' title='bbox 1019 3571 1292 3632; x_wconf 86' lang='lat' dir='ltr'><strong>Solebant</strong></span> <span class='ocrx_word' id='word_1_356' title='bbox 1336 3573 1533 3632; x_wconf 90' lang='lat' dir='ltr'><strong>librum</strong></span> <span class='ocrx_word' id='word_1_357' title='bbox 1593 3583 1778 3631; x_wconf 86' lang='lat' dir='ltr'><strong>notum</strong></span> <span class='ocrx_word' id='word_1_358' title='bbox 1822 3582 1882 3631; x_wconf 92' lang='lat' dir='ltr'><strong>et</strong></span> <span class='ocrx_word' id='word_1_359' title='bbox 1930 3572 2214 3632; x_wconf 88' lang='lat' dir='ltr'><strong>celebrem</strong></span> 
     </span>
     <span class='ocr_line' id='line_1_38' title="bbox 185 3657 2248 3737; baseline -0.003 -18"><span class='ocrx_word' id='word_1_360' title='bbox 185 3663 249 3720; x_wconf 87' lang='lat' dir='ltr'><strong>iis</strong></span> <span class='ocrx_word' id='word_1_361' title='bbox 276 3661 470 3721; x_wconf 82' lang='lat' dir='ltr'><strong>verbis</strong></span> <span class='ocrx_word' id='word_1_362' title='bbox 502 3659 841 3737; x_wconf 83' lang='lat' dir='ltr'><strong>significare,</strong></span> <span class='ocrx_word' id='word_1_363' title='bbox 874 3678 906 3716; x_wconf 88' lang='lat' dir='ltr'><strong>a</strong></span> <span class='ocrx_word' id='word_1_364' title='bbox 935 3658 1133 3736; x_wconf 86' lang='lat' dir='ltr'><strong>quihus</strong></span> <span class='ocrx_word' id='word_1_365' title='bbox 1164 3659 1376 3716; x_wconf 89' lang='lat' dir='ltr'><strong>initium</strong></span> <span class='ocrx_word' id='word_1_366' title='bbox 1407 3658 1578 3735; x_wconf 88' lang='lat' dir='ltr'><strong>cepit.</strong></span> <span class='ocrx_word' id='word_1_367' title='bbox 1638 3657 1723 3716; x_wconf 85' lang='lat' dir='ltr'><strong>lta</strong></span> <span class='ocrx_word' id='word_1_368' title='bbox 1756 3657 1982 3717; x_wconf 82' lang='lat' dir='ltr'><strong>Homeri</strong></span> <span class='ocrx_word' id='word_1_369' title='bbox 2015 3657 2217 3715; x_wconf 82' lang='lat' dir='ltr'><strong>Hesio·</strong></span> <span class='ocrx_word' id='word_1_370' title='bbox 2245 3659 2248 3662; x_wconf 80' lang='grc'><strong><em>’</em></strong></span> 
     </span>
     <span class='ocr_line' id='line_1_39' title="bbox 185 3741 2213 3825; baseline -0.002 -21"><span class='ocrx_word' id='word_1_371' title='bbox 185 3745 342 3825; x_wconf 80' lang='lat' dir='ltr'><strong>dique</strong></span> <span class='ocrx_word' id='word_1_372' title='bbox 373 3748 679 3805; x_wconf 83' lang='lat' dir='ltr'><strong>carminum</strong></span> <span class='ocrx_word' id='word_1_373' title='bbox 710 3745 866 3802; x_wconf 88' lang='lat' dir='ltr'><strong>initia</strong></span> <span class='ocrx_word' id='word_1_374' title='bbox 896 3741 1130 3801; x_wconf 88' lang='lat' dir='ltr'><strong>laudant</strong></span> <span class='ocrx_word' id='word_1_375' title='bbox 1161 3750 1237 3818; x_wconf 86' lang='lat' dir='ltr'><strong>(v.</strong></span> <span class='ocrx_word' id='word_1_376' title='bbox 1258 3744 1500 3802; x_wconf 83' lang='lat' dir='ltr'><strong>Aristot.</strong></span> <span class='ocrx_word' id='word_1_377' title='bbox 1519 3744 1680 3821; x_wconf 88' lang='lat' dir='ltr'><strong>soph.</strong></span> <span class='ocrx_word' id='word_1_378' title='bbox 1715 3744 1787 3802; x_wconf 90' lang='lat' dir='ltr'><strong>el.</strong></span> <span class='ocrx_word' id='word_1_379' title='bbox 1806 3743 1875 3813; x_wconf 89' lang='lat'><strong>11,</strong></span> <span class='ocrx_word' id='word_1_380' title='bbox 1897 3748 1953 3804; x_wconf 90' lang='grc'><strong>4.</strong></span> <span class='ocrx_word' id='word_1_381' title='bbox 1972 3741 2213 3803; x_wconf 84' lang='lat' dir='ltr'><strong>Brunck.</strong></span> 
     </span>
     <span class='ocr_line' id='line_1_40' title="bbox 185 3827 2216 3909; baseline -0.002 -18"><span class='ocrx_word' id='word_1_382' title='bbox 185 3832 362 3891; x_wconf 81' lang='lat' dir='ltr'><strong>Anall.</strong></span> <span class='ocrx_word' id='word_1_383' title='bbox 394 3831 444 3891; x_wconf 89' lang='lat'><strong>11</strong></span> <span class='ocrx_word' id='word_1_384' title='bbox 478 3850 532 3909; x_wconf 88' lang='lat' dir='ltr'><strong>p.</strong></span> <span class='ocrx_word' id='word_1_385' title='bbox 571 3832 709 3891; x_wconf 88' lang='grc'><strong>194.</strong></span> <span class='ocrx_word' id='word_1_386' title='bbox 744 3832 886 3891; x_wconf 88' lang='grc'><strong>310.</strong></span> <span class='ocrx_word' id='word_1_387' title='bbox 920 3832 1107 3900; x_wconf 87' lang='grc'><strong>312),</strong></span> <span class='ocrx_word' id='word_1_388' title='bbox 1155 3830 1237 3886; x_wconf 89' lang='lat' dir='ltr'><strong>ita</strong></span> <span class='ocrx_word' id='word_1_389' title='bbox 1269 3828 1473 3887; x_wconf 88' lang='lat' dir='ltr'><strong>Cicero</strong></span> <span class='ocrx_word' id='word_1_390' title='bbox 1517 3827 1797 3907; x_wconf 86' lang='lat' dir='ltr'><strong>dialogum</strong></span> <span class='ocrx_word' id='word_1_391' title='bbox 1830 3848 1987 3887; x_wconf 88' lang='lat' dir='ltr'><strong>suum</strong></span> <span class='ocrx_word' id='word_1_392' title='bbox 2019 3827 2089 3887; x_wconf 89' lang='lat' dir='ltr'><strong>de</strong></span> <span class='ocrx_word' id='word_1_393' title='bbox 2121 3848 2216 3887; x_wconf 88' lang='lat' dir='ltr'><strong>se-</strong></span> 
     </span>
     <span class='ocr_line' id='line_1_41' title="bbox 185 3912 2212 3991; baseline -0.001 -16"><span class='ocrx_word' id='word_1_394' title='bbox 185 3927 409 3976; x_wconf 82' lang='lat' dir='ltr'><strong>nectute</strong></span> <span class='ocrx_word' id='word_1_395' title='bbox 467 3916 667 3974; x_wconf 82' lang='lat' dir='ltr'><strong>affert:</strong></span> <span class='ocrx_word' id='word_1_396' title='bbox 751 3915 797 3971; x_wconf 87' lang='lat'><em>0</em></span> <span class='ocrx_word' id='word_1_397' title='bbox 839 3915 965 3971; x_wconf 83' lang='lat' dir='ltr'><strong>Tite</strong></span> <span class='ocrx_word' id='word_1_398' title='bbox 993 3915 1218 3990; x_wconf 84' lang='lat' dir='ltr'><strong>siquid</strong></span> <span class='ocrx_word' id='word_1_399' title='bbox 1248 3920 1403 3991; x_wconf 90' lang='lat' dir='ltr'><strong>(epp.</strong></span> <span class='ocrx_word' id='word_1_400' title='bbox 1455 3912 1526 3971; x_wconf 88' lang='lat' dir='ltr'><strong>ad</strong></span> <span class='ocrx_word' id='word_1_401' title='bbox 1558 3914 1677 3973; x_wconf 86' lang='lat' dir='ltr'><strong>Att.</strong></span> <span class='ocrx_word' id='word_1_402' title='bbox 1711 3913 1866 3985; x_wconf 87' lang='lat' dir='ltr'>XVI,</span> <span class='ocrx_word' id='word_1_403' title='bbox 1914 3918 1974 3984; x_wconf 88' lang='grc'><strong>3,</strong></span> <span class='ocrx_word' id='word_1_404' title='bbox 2010 3919 2075 3983; x_wconf 70' lang='lat'><strong>13</strong></span> <span class='ocrx_word' id='word_1_405' title='bbox 2113 3918 2212 3983; x_wconf 85' lang='grc'><strong>11,</strong></span> 
     </span>
     <span class='ocr_line' id='line_1_42' title="bbox 186 3997 2210 4072; baseline -0.004 -8"><span class='ocrx_word' id='word_1_406' title='bbox 186 4006 266 4072; x_wconf 88' lang='grc'><strong>3),</strong></span> <span class='ocrx_word' id='word_1_407' title='bbox 295 4004 372 4060; x_wconf 90' lang='lat' dir='ltr'><strong>ita</strong></span> <span class='ocrx_word' id='word_1_408' title='bbox 405 4000 636 4060; x_wconf 80' lang='lat' dir='ltr'><strong>Ovidius</strong></span> <span class='ocrx_word' id='word_1_409' title='bbox 666 3997 920 4058; x_wconf 90' lang='lat' dir='ltr'><strong>Lucretii</strong></span> <span class='ocrx_word' id='word_1_410' title='bbox 951 4017 1180 4058; x_wconf 84' lang='lat' dir='ltr'><strong>carmen</strong></span> <span class='ocrx_word' id='word_1_411' title='bbox 1214 3999 1411 4069; x_wconf 88' lang='lat' dir='ltr'><strong>(Trist.</strong></span> <span class='ocrx_word' id='word_1_412' title='bbox 1444 3999 1510 4070; x_wconf 91' lang='grc' dir='ltr'><strong>ΙΙ,</strong></span> <span class='ocrx_word' id='word_1_413' title='bbox 1543 4003 1715 4072; x_wconf 87' lang='grc'><strong>261),</strong></span> <span class='ocrx_word' id='word_1_414' title='bbox 1759 4001 1838 4058; x_wconf 88' lang='lat' dir='ltr'><strong>ita</strong></span> <span class='ocrx_word' id='word_1_415' title='bbox 1869 4000 1961 4058; x_wconf 89' lang='lat' dir='ltr'><strong>alii</strong></span> <span class='ocrx_word' id='word_1_416' title='bbox 1994 4000 2104 4057; x_wconf 85' lang='lat' dir='ltr'><strong>alia</strong></span> <span class='ocrx_word' id='word_1_417' title='bbox 2135 3999 2210 4057; x_wconf 76' lang='lat' dir='ltr'><strong>cf.</strong></span> 
     </span>
     <span class='ocr_line' id='line_1_43' title="bbox 184 4083 2211 4165; baseline -0.003 -18"><span class='ocrx_word' id='word_1_418' title='bbox 184 4088 325 4148; x_wconf 85' lang='lat' dir='ltr'><strong>lons.</strong></span> <span class='ocrx_word' id='word_1_419' title='bbox 375 4087 607 4165; x_wconf 82' lang='lat' dir='ltr'><strong>Scriptt.</strong></span> <span class='ocrx_word' id='word_1_420' title='bbox 653 4083 788 4145; x_wconf 77' lang='lat' dir='ltr'><strong>hist.</strong></span> <span class='ocrx_word' id='word_1_421' title='bbox 838 4084 1040 4162; x_wconf 74' lang='lat' dir='ltr'><strong>philoS.</strong></span> <span class='ocrx_word' id='word_1_422' title='bbox 1088 4083 1160 4157; x_wconf 92' lang='grc' dir='ltr'><strong>ΙΙ,</strong></span> <span class='ocrx_word' id='word_1_423' title='bbox 1206 4088 1264 4147; x_wconf 89' lang='grc'><strong>5.</strong></span> <span class='ocrx_word' id='word_1_424' title='bbox 1341 4084 1683 4144; x_wconf 87' lang='lat' dir='ltr'><strong>Praesertim</strong></span> <span class='ocrx_word' id='word_1_425' title='bbox 1744 4096 1929 4143; x_wconf 84' lang='lat' dir='ltr'><strong>autem</strong></span> <span class='ocrx_word' id='word_1_426' title='bbox 1979 4083 2211 4142; x_wconf 84' lang='lat' dir='ltr'><strong>Romani</strong></span> 
     </span>
    </p>
   </div>
  </div>
 </body>
</html>
