2764 4738
721 441 984 503 scum..
1028 439 1133 501 Au
1181 439 1347 501 SAT.
1394 438 1439 514 1,
1482 445 1781 505 20—24.
2112 437 2242 505 253

87 642 92 649 ·
197 610 640 691 συνεκδοχικῶς
694 624 881 673 autem
949 614 1107 673 Titos
1129 658 1145 684 ‚
1222 612 1636 682 scholasticos,
1711 610 1860 692 qnod
1925 614 2038 672 sint
2086 613 2241 691 vagi,

194 717 381 777 aeque
443 718 551 757 uno
606 701 884 777 magistro
928 700 1215 769 contenti,
1263 708 1323 757 et
1365 695 1437 757 ad
1489 696 1773 757 libidinem
1818 699 2013 777 proni,
2072 699 2240 758 sicuti

195 802 367 855 aves,
411 783 612 863 quibus
651 794 1090 862 comparantur3
1136 803 1264 842 nam
1293 784 1381 842 titi
1411 782 1705 842 columbae
1736 794 1866 842 sunt
1895 793 2159 861 agrestes
2199 789 2242 855 ¹,

194 868 396 949 quibus
442 870 637 928 rustici
681 868 972 929 auditores
1013 867 1398 947 designantur.
1594 868 1737 926 Cum
1784 870 2050 928 carmina
2095 870 2241 927 lum-

195 954 328 1012 bum
376 956 644 1025 mlv-ant,
698 953 756 1014 id
802 964 894 1015 est
945 964 1200 1031 tangunt.
1289 951 1446 1013 Bene
1490 951 1628 1012 dicit
1673 955 1960 1027 lumbum,
2023 963 2084 1013 et
2128 973 2240 1012 non

192 1041 472 1112 animnm3
517 1037 721 1098 dicitnr
765 1041 911 1099 enim
952 1037 1121 1098 libido
1168 1038 1368 1097 lumbis
1409 1040 1720 1098 immorari.
1781 1039 1891 1099 Vel
1922 1049 2083 1098 certe
2115 1058 2242 1097 cum

193 1143 428 1184 carmen
475 1124 797 1185 effeminate
842 1126 1137 1185 recitatum
1183 1124 1391 1197 fuerit,
1443 1134 1885 1203 repraesentare
1917 1126 2072 1204 ipsos
2104 1143 2243 1182 con·-

193 1209 419 1270 cubitus
464 1211 637 1269 solet.
708 1208 1001 1283 Quomodo
1043 1211 1191 1269 enim
1232 1219 1419 1268 tactus
1464 1210 1755 1270 mulierum
1795 1220 1984 1270 movet
2025 1210 2238 1282 intima,

192 1296 278 1355 sic
309 1306 373 1356 et
397 1314 603 1355 versus
631 1314 874 1356 enerves
905 1315 1016 1354 nou
1047 1297 1288 1355 animum
1317 1296 1561 1368 intrant,
1601 1292 1705 1354 sed
1738 1295 1998 1355 lumbum.

367 1400 472 1460 21.
517 1399 601 1457 Et
645 1399 892 1457 tremulo
948 1396 1324 1477 scalpuntur.
1422 1398 1692 1457 Tremulo
1748 1418 1965 1469 versu,
2025 1395 2081 1457 id
2126 1407 2239 1469 est,

194 1483 388 1562 fragili
430 1503 574 1543 voce
620 1494 919 1555 cantante,
979 1483 1071 1542 vel
1107 1488 1133 1522 2
1172 1480 1477 1541 modulanti
1530 1502 1701 1543 versu
1743 1484 2001 1561 pruriunt
2043 1502 2238 1541 eorum

191 1569 460 1639 viscera,
523 1570 672 1628 sicut
712 1578 971 1648 tempore
1016 1570 1216 1628 coitus.
1418 1573 1449 1606 *
1477 1569 1526 1626 S
1540 1570 1823 1647 culpan
1843 1579 1969 1628 tur
2012 1566 2240 1639 dicit,

199 1656 266 1712 iu
311 1651 696 1714 libidinem
742 1654 1220 1727 excitantur,
1261 1663 1338 1712 ut
1375 1651 1769 1713 Iuvenalis
1806 1657 1864 1714 ⁸:

802 1740 999 1818 quod
1051 1740 1245 1798 enim
1304 1758 1439 1797 non
1480 1739 1792 1798 excitat
1828 1740 2111 1816 inguen

401 1826 559 1884 Vox
589 1825 913 1897 blanda,
945 1834 1019 1883 et
1059 1828 1425 1902 nequam?
1469 1824 1774 1903 digitos
1804 1824 2051 1884 habet.
2082 1824 2110 1855 '⁸¹

365 1946 470 2006 22.
525 1945 670 2004 Tun'
715 1945 907 2003 vetule
945 1944 1252 2004 aurae'cultk.
1340 1942 1629 2003 Invehitur
1670 1953 1842 2021 poeta
1886 1943 1944 2002 in
1983 1953 2239 2022 captato-

193 2048 316 2089 rem
362 2027 543 2088 laudis
585 2026 996 2089 incommodae.
1189 2030 1441 2101 Vetule,
1489 2029 1691 2100 stulte,
1740 2030 1833 2108 qni
1877 2030 2135 2088 senescis
2181 2030 2237 2087 iu

193 2113 399 2175 vilibus
430 2114 789 2176 carminibus.
835 2114 911 2174 Et
938 2134 1052 2173 noa
1082 2111 1217 2173 dicit
1251 2133 1474 2186 senex,
1510 2113 1610 2172 sed
1642 2116 1854 2173 vetule.
1914 2114 1990 2173 Et
2032 2112 2239 2175 dictum

194 2210 289 2265 est
327 2202 582 2279 satyrice
628 2202 862 2271 vetule,
907 2198 965 2259 id
1011 2209 1134 2268 est,
1176 2199 1299 2259 eins
1341 2200 1547 2258 aetatis
1592 2199 1757 2258 bomo
1801 2218 1982 2259 vanae
2017 2199 2238 2277 gloriae

193 2305 309 2344 non
356 2283 530 2345 debet
574 2304 707 2346 esse
749 2295 1024 2366 captator.
1088 2283 1306 2343 Scribis
1338 2303 1517 2362 ergo,
1562 2282 1713 2365 quod
1742 2295 1797 2344 te
1829 2305 1940 2344 non
1969 2282 2239 2357 delectet,

196 2368 301 2431 sed
345 2369 494 2451 qnod
535 2373 791 2451 capiatur
837 2369 1066 2432 auribus
1106 2371 1417 2450 imperiti83
1464 2381 1523 2431 et
1554 2369 1684 2430 ideo
1727 2371 1990 2443 laboras,
2033 2371 2238 2450 palles,

195 2467 255 2516 et
285 2456 386 2516 tibi
417 2459 535 2516 otia
564 2455 817 2536 denegas
838 2500 856 2531 ,
905 2467 970 2516 ut
996 2467 1252 2536 tempore
1284 2457 1633 2516 recitationis
1663 2476 1698 2516 a
1729 2454 1919 2535 pueris
1950 2455 2049 2515 tibi
2079 2456 2237 2536 plau-

194 2540 362 2602 datur
390 2544 625 2602 eviratis
656 2553 717 2603 et
745 2541 1054 2602 dissolutis.
1227 2544 1417 2600 Escas
1461 2551 1644 2601 autem
1694 2540 1830 2602 dicit
1860 2542 2114 2602 favorem
2144 2541 2236 2602 vel

195 2625 672 2708 delectationem3
716 2626 776 2688 id
805 2639 926 2687 est=
982 2627 1458 2688 existimationem
1498 2627 1597 2686 tibi
1627 2627 1897 2687 concilias
1927 2646 2004 2686 ex
2033 2627 2233 2686 favore

193 2714 600 2793 imperitorum.

364 2835 470 2896 23.
513 2833 861 2904 Aurei-ulis,
904 2831 1148 2911 quibus,
1195 2830 1251 2891 id
1284 2842 1375 2891 est
1403 2832 1678 2910 imperitis
1708 2841 1805 2891 aut
1834 2831 2232 2910 spurcissimis.

363 2919 450 2977 Et
486 2919 649 2977 dieas
677 2926 809 2976 cute
838 2919 1147 2996 perditus,-
1190 2918 1338 2976 ohe!
1377 2916 1440 2976 Id
1470 2928 1589 2989 est,
1633 2918 1839 2995 vigiliis
1871 2928 1932 2977 et
1961 2917 2232 2977 sollicitu-

192 3001 326 3062 dine
357 3000 429 3061 ad
460 3003 837 3062 tenuissimam
869 3013 1055 3062 cutem
1084 3002 1412 3080 perductus.
1443 3005 1561 3064 Aut
1588 3013 1747 3062 certe
1777 3012 1908 3062 cute
1927 3004 2230 3082 perditus,

192 3097 495 3148 senectute
543 3086 819 3167 pallidus;
881 3088 1008 3160 vel,
1051 3090 1354 3148 manifeste
1399 3099 1529 3148 cute
1573 3086 1863 3170 perditus,
1918 3100 1978 3147 ut
2019 3089 2233 3162 vitium,

193 3171 344 3253 quod
374 3174 715 3233 intrinsecus
747 3172 924 3233 babes
944 3216 961 3246 ,
1009 3170 1179 3233 etiam
1209 3175 1265 3233 in
1296 3185 1427 3234 cute
1458 3175 1647 3253 possis
1679 3173 1908 3234 babere.
2086 3174 2230 3246 Olaee,

192 3255 521 3319 interiectio
551 3269 642 3319 est
669 3259 1058 3337 percontantis
1088 3278 1213 3318 cum
1244 3257 1448 3320 eadem
1480 3259 1721 3319 ratione.

363 3382 448 3442 24
478 3398 565 3459 sq.
629 3378 785 3454 Quid
834 3378 1123 3437 didit-esse.
1212 3377 1410 3437 Verba
1469 3388 1675 3456 poetae
1733 3377 1882 3437 illius
1940 3375 2014 3436 ad
2066 3397 2230 3458 quem

194 3464 422 3535 scribit,
469 3461 573 3523 sed
613 3458 1018 3544 ἀλληγορικῶς
1059 3461 1224 3536 dicit3
1287 3463 1397 3523 hoc
1439 3475 1561 3523 est=
1619 3461 1763 3536 Quid
1808 3462 2063 3541 proderit
2090 3461 2233 3522 didi-

145 3567 152 3578 ·
192 3551 346 3610 cisse
379 3547 609 3629 aliquid,
640 3549 748 3606 nisi
778 3549 1109 3607 recitatione
1136 3547 1453 3628 pandatur?
1479 3549 1556 3608 Et
1584 3560 1677 3608 est
1706 3559 1886 3609 tracta
1915 3543 2234 3632 μεταφορὰ

192 3656 227 3694 a
257 3633 560 3713 fermento
601 3643 661 3693 et
704 3632 1003 3712 caprifico.
1067 3632 1227 3694 Sicut
1271 3636 1417 3694 enim
1461 3634 1797 3694 fermentum
1829 3654 2070 3693 massam
2102 3653 2231 3693 cor-

189 3722 430 3800 rumpit,
476 3730 537 3780 et
578 3720 878 3797 caprificus
922 3738 1093 3777 saxa:
1138 3721 1218 3778 ita
1267 3721 1551 3798 ingenium
1581 3730 1798 3800 pectus.
1870 3719 1915 3780 F
1920 3730 2231 3778 ermentum

190 3804 343 3867 euim
400 3807 553 3865 intra
609 3823 854 3863 massam
910 3804 1035 3884 plus
1093 3825 1207 3865 una
1264 3804 1405 3865 bora
1466 3826 1577 3865 nou
1630 3815 1825 3886 potest
1873 3807 2152 3866 contineri
2181 3809 2228 3864 ⁴.

192 4005 220 4057 1
261 4003 326 4055 οἳ.
362 4002 486 4055 lsid.
518 4003 685 4070 origg.
717 4002 834 4069 ΧΠ,
866 4002 919 4057 7.
980 4002 1197 4072 Papias:
1240 4008 1454 4067 „eitun
1492 4003 1823 4072 palumbe-5⁴

187 4074 226 4128 2
259 4074 354 4124 uin·
371 4072 545 4137 vulgo.
1021 4072 1053 4125 3
1088 4071 1200 4126 luv.
1233 4072 1324 4138 Vl,
1361 4074 1460 4128 195
1485 4089 1565 4142 sq.

191 4144 227 4196 4
258 4140 383 4196 Isid.
424 4143 589 4221 orig.
626 4139 749 4209 XX,
776 4143 829 4200 2.
1118 4195 1123 4200 .
1293 4195 1298 4200 .
