2764 4738
850 462 1579 528 PROLEGOMENA.
2060 488 2228 528 xxm

185 632 374 698 fuisse
394 680 415 710 ‚
445 633 526 698 cf.
558 632 889 700 Welcker.
924 635 967 699 1.
1003 632 1047 698 1.
1083 658 1139 721 p.
1174 631 1341 700 1408
1356 656 1490 719 sqq.
1548 631 1751 721 Magis
1781 635 1963 701 etiam
1994 634 2069 701 ad
2098 656 2228 702 rem

186 746 455 800 nostran
500 736 683 815 facit,
731 738 889 821 quod
934 759 1017 803 ex
1062 738 1380 815 Annaeis‚
1431 758 1683 822 quorum
1730 736 2012 803 libertum
2044 740 2230 804 fuisse

186 833 521 902 Cornutum
565 840 975 917 coniecimus‚
1023 840 1181 905 alter
1237 836 1483 904 Seneca
1533 841 1745 903 eodem
1785 852 2057 925 tempore
2102 850 2230 906 tra-

180 941 432 1023 goedias
475 943 818 1026 composuit
860 944 953 1023 (v.
988 940 1312 1009 Welcker.
1358 942 1405 1006 1.
1454 942 1497 1006 1.
1531 942 1602 1028 'p.
1640 940 1809 1007 1446
1833 944 2027 1027 sqq.),
2072 943 2231 1008 alter

181 1038 469 1107 Lucanus
488 1089 509 1121 ‚
557 1044 729 1108 cuius
759 1055 1118 1130 praeceptor
1146 1041 1457 1109 Cornutus
1487 1044 1638 1123 fuit,
1671 1043 1955 1110 Medeam
1987 1056 2229 1130 tragoe-

183 1143 374 1224 diam,
420 1156 585 1211 teste
628 1147 757 1211 vita
799 1147 1081 1230 antiqua,
1136 1146 1552 1232 imperfectam
1597 1147 1878 1233 reliquit,
1939 1147 2097 1230 quod
2143 1146 2229 1212 ita

180 1246 336 1311 baud
363 1248 841 1334 improbabiliter
867 1247 1405 1334 interpretabimur
1424 1293 1442 1327 ‚
1490 1259 1559 1312 ut
1584 1246 1853 1313 iuvenile
1885 1268 2033 1334 opus
2065 1258 2229 1334 post-

181 1370 257 1413 ea
282 1349 354 1414 ab
387 1372 465 1415 eo
498 1351 852 1416 derelictum
885 1372 1021 1416 esse
1057 1351 1347 1429 dicamus,
1380 1350 1640 1434 ideoque
1673 1352 1935 1415 sortasse
1966 1372 2001 1415 a
2029 1346 2227 1415 Statio

180 1472 301 1516 non
347 1465 888 1518 commemoratum
940 1450 1130 1540 (Silv.
1164 1448 1249 1531 ΙΙ,
1284 1451 1349 1530 7,
1399 1449 1482 1514 51
1513 1453 1703 1535 sqq.).
1781 1450 1920 1538 Ipse
1968 1453 2228 1537 denique

176 1552 425 1620 Persius
477 1556 723 1621 iuvenis
774 1565 1155 1639 praetextam
1214 1555 1588 1639 composuit:
1650 1575 1804 1638 quae
1865 1556 2065 1620 omnia
2087 1602 2106 1634 ,
2165 1557 2228 1620 ni

179 1658 393 1738 fallor,
444 1659 604 1742 quod
649 1660 724 1723 de
770 1656 1046 1725 Cornuto
1089 1658 1322 1743 tragico
1366 1657 1623 1722 relatum
1667 1665 1801 1735 est,
1848 1658 2098 1743 egregie
2127 1659 2229 1723 fir-

178 1773 365 1825 mant.
449 1758 617 1843 Quid
675 1762 828 1846 quod
877 1757 1187 1825 Cornutus
1231 1760 1516 1824 satiricus
1562 1769 1740 1843 poeta
1787 1759 1936 1836 fuit,
2007 1760 2099 1837 si,
2161 1767 2229 1824 ut

178 1860 813 1929 fecitWernsdorfius
828 1861 1065 1945 (Poett.
1101 1857 1270 1926 Latt.
1306 1861 1455 1924 min.
1491 1857 1583 1925 111
1614 1882 1676 1946 p.
1705 1856 1916 1939 XVII,
1951 1863 2047 1943 4),
2081 1860 2134 1926 F
2139 1862 2228 1927 ul·

176 1965 384 2047 gentio
433 1966 776 2045 eredimus,
824 1965 923 2049 qui
966 1963 1079 2029 sub
1124 1986 1187 2028 v.
1234 1964 1596 2028 titz‘vilitium
1630 1962 1720 2049 (p.
1755 1959 1884 2027 562
1912 1962 2044 2045 M.)
2075 1964 2227 2030 haec

176 2068 401 2133 babet:
460 2067 860 2132 D'tivilitt'um
904 2066 1035 2130 dici
1071 2065 1404 2129 voluerunt
1422 2067 1551 2147 fila
1589 2064 1894 2150 putrida,
1942 2086 2103 2150 quae
2150 2067 2229 2131 de

174 2171 318 2233 telis
354 2169 631 2248 cadunt5
676 2178 752 2232 ut
790 2167 1136 2232 Plautus
1175 2169 1239 2230 in
1281 2167 1512 2234 Casina
1548 2169 1677 2231 ait.-
1727 2166 1928 2244 „Non
1962 2187 2080 2253 ego
2111 2167 2227 2232 lzoe

172 2271 425 2336 verbum
471 2273 743 2335 emsitem
780 2271 1107 2350 titivilz'tio,
1132 2275 1181 2310 “
1226 2269 1298 2334 id
1321 2281 1418 2335 est
1442 2292 1517 2335 re
1543 2268 1869 2333 admodum
1898 2270 2223 2334 vihis-sima.

168 2375 341 2440 Nan·
390 2383 459 2439 et
505 2375 607 2440 M.
659 2374 1069 2438 Cornutus
1111 2374 1192 2437 in
1233 2376 1515 2438 satira
1554 2374 1651 2436 sic
1688 2376 1818 2436 ait.-
1886 2371 2227 2450 „waoe

170 2476 407 2541 Flacce
461 2475 540 2538 do
585 2475 751 2540 tz·bi“
788 2483 834 2539 ¹.
909 2472 1027 2540 Hic
1074 2475 1149 2541 de
1194 2476 1313 2541 alio
1345 2476 1602 2559 quodam
1634 2471 1912 2540 Cornuto
1952 2477 2227 2562 cogitan-

173 2580 314 2643 dum
347 2599 488 2644 esse
511 2625 529 2657 ,
577 2580 676 2661 qui
708 2577 904 2643 nullus
935 2588 1116 2644 notus
1142 2587 1273 2656 est,
1319 2578 1469 2642 nibil
1498 2588 1593 2642 est
1621 2578 1778 2661 quod
1809 2578 2096 2657 suadeat,
2145 2598 2224 2643 ne

171 2701 552 2766 praenomen
580 2680 817 2763 quidem
842 2680 1172 2745 diversum.
1216 2678 1374 2746 Mihi
1392 2682 1550 2745 enim
1567 2681 2084 2765 persuasissimum
2101 2691 2219 2758 est,

170 2781 565 2869 Fulgentium
609 2783 826 2847 eodem
874 2784 1166 2864 artificio,
1230 2804 1346 2867 quo
1409 2779 1666 2847 Bassum
1726 2783 1981 2848 amicum
2023 2780 2227 2848 Persii

170 2890 399 2952 satiras
430 2886 750 2970 scripsisse
783 2886 954 2950 finxit
982 2885 1096 2971 (cf.
1134 2906 1195 2970 p.
1227 2883 1385 2970 214)
1406 2933 1425 2966 ,
1473 2885 1652 2950 etiam
1702 2881 2038 2949 Cornutum
2078 2885 2227 2949 sati-

171 2989 543 3075 rographum
587 2989 863 3052 finxisse.
926 2985 1100 3051 Nihil
1138 2987 1334 3071 potnit
1361 2987 1557 3071 aptius
1586 2987 1818 3065 videri,
1867 3007 2042 3069 quam
2071 2983 2225 3050 Per-

170 3094 332 3156 sium
360 3092 585 3155 satiras
616 3091 1019 3176 componendi
1064 3099 1258 3154 artem
1304 3089 1589 3154 didicisse
1617 3087 1729 3152 sub
1760 3089 2053 3174 magistro
2082 3087 2227 3152 sati·

172 3195 303 3258 rico
321 3238 344 3271 ‚
394 3192 552 3276 quod
581 3193 645 3256 iu
676 3193 823 3279 ipsis
850 3191 1055 3258 Persii
1083 3191 1291 3258 verbis
1320 3188 1435 3274 (V,
1471 3188 1552 3254 15
1581 3194 1748 3275 sq.):

1004 3297 1320 3380 pallentes
1348 3292 1580 3359 radere
1608 3315 1811 3358 mores

434 3397 681 3465 Doctus
712 3408 773 3463 et
801 3400 1075 3483 ingenuo
1107 3397 1352 3481 culpam
1384 3395 1667 3482 defigere
1705 3394 1849 3460 ludo

174 3506 380 3568 inesse
396 3502 593 3587 potuit
607 3501 821 3586 aliquis
837 3500 951 3564 sibi
970 3499 1363 3585 persuadere.
1415 3495 1578 3581 Quid
1596 3509 1793 3562 autem
1812 3496 2223 3573 verisimilius,

176 3678 200 3732 1
238 3672 319 3727 lta
352 3673 555 3738 legitur
587 3672 641 3722 in
667 3672 892 3723 editione
919 3671 1225 3730 novissima,
1263 3670 1418 3721 etita
1439 3668 1552 3720 eod.
1581 3668 1699 3721 Par.
1730 3684 1781 3719 n.
1810 3666 1965 3731 7581,
1992 3682 2099 3721 sec.
2125 3665 2223 3732 xl,

239 3751 298 3794 at
332 3742 670 3794 textiviliees
704 3741 821 3791 cod.
858 3740 980 3793 Par.
1021 3755 1075 3791 n.
1112 3739 1268 3803 3088,
1306 3754 1414 3790 sec.
1453 3737 1505 3790 X
1540 3738 1626 3789 vel
1659 3736 1757 3801 xl,
1797 3745 1852 3789 ct
1876 3753 1928 3788 n.
1969 3737 2103 3789 4883
2133 3737 2222 3800 A„

239 3819 396 3877 ιιῃο
432 3811 546 3861 eod.
584 3809 753 3860 Berol.
795 3808 938 3874 (Lat.
978 3817 1079 3861 oct.
1119 3808 1185 3861 73
1222 3824 1329 3859 sec.
1369 3806 1442 3867 X,
1482 3822 1630 3874 quem
1673 3806 2088 3858 commemoravit
2124 3806 2224 3857 iam

235 3879 310 3934 ΙΙ.
349 3878 596 3931 flet-ttius
634 3880 697 3928 de
735 3877 930 3930 Cinciis
965 3894 1014 3960 p:
1056 3877 1142 3929 60.
1181 3878 1289 3940 79).
1339 3876 1619 3961 Praeterea
1657 3876 1930 3927 Cornutus
1965 3873 2221 3992 onubt’ag.

238 3943 2121 4087 ..²⁸2⁸.³..tz.5‘11?⁰3·”,1‘3⁸33022“3532‘':01¹:33·{⁶33;;„³2⁰⁸};·25„2552-322³
2135 3958 2225 4060 ,αἶ

237 4087 366 4140 cedo
401 4090 532 4149 tibi,
573 4085 925 4136 coniecturam
962 4084 1142 4135 duxit:
1189 4083 1504 4134 Titivillitio
1540 4086 1678 4134 istas
1714 4081 1840 4133 cedo
1878 4083 1994 4132 tibi.
2059 4079 2220 4130 Grou-

234 4158 301 4210 nd
326 4155 492 4209 Plane.
519 4154 705 4208 Casio.
735 4151 798 4216 11,
826 4155 875 4217 5,
902 4154 968 4208 39
995 4153 1320 4205 emendavitz
1365 4151 1478 4205 Titi
1511 4151 1695 4214 villos,
1734 4150 1943 4210 Flacco,
1980 4149 2049 4201 do
2076 4149 2194 4199 cibi.
