2764 4738
528 404 658 470 212
1260 406 1432 469 SA'r.
1477 408 1578 482 Vl,
1627 414 1832 473 1-3,

528 579 791 657 sapienti
804 578 1108 655 psallet-at
1140 597 1264 637 ore.
1310 576 1398 638 Ad
1431 581 1552 641 eius
1583 590 1845 659 poemata
1875 580 2111 659 respicit
2140 581 2308 639 etiam
2342 578 2575 640 Persius

532 684 643 723 vss.
677 684 835 742 sqq..
865 682 1061 721 verum
1093 675 1206 722 tam
1223 663 1488 733 obscure.
1532 676 1592 724 ut
1607 685 1788 744 pauca
1808 664 1936 725 inde
1951 664 2022 724 ad
2036 668 2453 726 accuratiorem
2472 687 2575 725 co·

532 769 654 808 rum
685 747 1063 825 cognitionem
1096 748 1397 821 lucremur,
1430 770 1538 830 qua
1569 770 1710 829 opus
1727 752 1913 829 potius
1930 750 2161 811 foretad
2182 751 2364 811 Persii
2397 752 2577 809 verba

533 845 694 894 recte
725 833 1112 911 intelligenda.
1157 834 1399 894 Pulchre
1432 836 1568 894 dicit
1597 838 1792 895 vivere
1840 838 2031 912 lyram
2071 846 2136 894 et
2160 837 2419 895 chordas
2448 839 2577 895 eius

529 921 802 999 pectine,
847 939 992 997 quae
1039 922 1197 999 quasi
1244 931 1498 980 mortuae
1545 941 1578 979 a
1617 933 1790 1000 poeta
1819 919 2038 980 demum
2065 923 2239 980 vitam
2271 924 2577 1000 accipiunt.

537 1004 749 1065 Pecten
796 1016 964 1063 vocat
1005 1007 1273 1065 tetricum
1318 1004 1392 1064 ad
1437 1006 1602 1065 Bassi
1648 1009 1929 1085 ingenium
1975 1027 2235 1066 severum
2281 1018 2342 1065 et
2398 1026 2579 1086 grave

534 1087 991 1168 significandum,
1044 1110 1227 1170 neque
1272 1092 1396 1150 sine
1441 1092 1716 1169 peculiari
1746 1094 1965 1150 ratione
2009 1093 2065 1150 h.
2095 1113 2150 1149 v.
2184 1094 2393 1162 utitur,
2451 1113 2578 1150 nam

534 1176 799 1235 Tetricus
843 1194 1002 1234 mons
1047 1177 1100 1232 in
1148 1174 1369 1234 Sabinis
1415 1188 1543 1235 erat
1573 1176 1757 1255 (Virg.
1795 1179 1940 1236 Aen.
1971 1178 2094 1246 Vll,
2128 1182 2252 1240 713
2288 1178 2369 1237 ih.
2411 1176 2580 1236 Serv.

538 1260 639 1320 Sil.
671 1260 795 1320 Ital.
820 1259 1157 1331 vn1‚417).
1189 1259 1428 1340 indeque
1461 1264 1648 1322 tetrici
1680 1262 2011 1321 dicebantur
2039 1265 2234 1321 tristes
2267 1282 2333 1321 ac
2367 1264 2582 1331 severi,

537 1366 674 1425 prae
707 1347 920 1406 ceteris
952 1358 1136 1404 autem
1169 1344 1239 1404 de
1273 1349 1408 1425 ipsis
1443 1346 1670 1406 Sabinis
1702 1360 2023 1425 usurpatur,
2053 1348 2131 1407 cf.
2164 1347 2360 1417 Liv.1,
2382 1353 2488 1417 48,
2508 1353 2579 1408 4:

536 1432 830 1508 disciplina
861 1434 1066 1489 tetrica
1097 1451 1165 1490 ac
1196 1431 1341 1490 tristi
1374 1444 1628 1492 veterum
1662 1432 2011 1492 Sabinorum.
2058 1432 2218 1493 Ovid.
2252 1453 2362 1492 am.
2393 1433 2490 1492 111.
2522 1438 2582 1502 8.

539 1521 639 1579 61.
672 1516 839 1574 Mart.
874 1517 918 1587 l,
952 1519 1052 1586 63,
1081 1522 1143 1579 2.
1203 1515 1394 1576 Simile
1428 1517 1557 1598 quid
1590 1517 1911 1598 praedicat,
1956 1519 2049 1577 ubi
2091 1539 2216 1577 eum
2263 1521 2417 1576 mire
2458 1523 2585 1595 opi-

518 1602 700 1679 ficem
753 1613 918 1660 vocat
943 1602 1097 1679 fidis
1144 1603 1400 1660 Latinae
1439 1623 1656 1662 marem
1702 1607 2010 1682 strepitum
2043 1604 2206 1676 (Hor.
2258 1624 2310 1662 a.
2355 1624 2420 1681 p.
2457 1606 2583 1665 402

539 1706 727 1746 mares
776 1688 1016 1760 animos)
1067 1689 1387 1746 intendisse
1433 1689 1599 1767 (prol.
1634 1694 1733 1751 11.
1765 1689 1809 1760 Ι,
1825 1694 1967 1759 42),
2011 1689 2351 1748 carminibus
2383 1690 2584 1767 lyricis

539 1770 872 1852 pangendiS‚
903 1792 1046 1851 quae
1077 1774 1384 1831 masculum
1415 1785 1475 1832 et
1505 1775 1654 1833 forte
1687 1794 1940 1854 vereque
1957 1773 2260 1832 Romanum
2292 1776 2585 1852 ingenium

537 1857 800 1937 prodant.
876 1859 1199 1937 Strepitum
1244 1860 1546 1917 intendere
1590 1858 1795 1918 dictum
1838 1869 1930 1918 est
1973 1861 2230 1919 similiter
2274 1880 2341 1918 ac
2389 1879 2586 1919 vocem

540 1944 844 2001 intendere
874 1962 1059 2002 cornu
1092 1963 1337 2002 recurvo
1371 1943 1558 2022 (Virg.
1589 1943 1738 2003 Aen.
1776 1943 1898 2016 vn,
1928 1949 2050 2006 513
2081 1965 2168 2025 sq.
2214 1946 2293 2004 cf.
2324 1945 2465 2004 vat.
2502 1946 2585 2003 ΡΙ.

538 2027 687 2098 VIII,
718 2032 898 2100 382).
951 2028 1028 2086 cf.
1061 2032 1229 2087 etiam
1260 2028 1419 2106 Virg.
1453 2031 1598 2088 Aen.
1629 2030 1732 2102 lx,
1758 2033 1916 2092 776:
1961 2050 2348 2108 numerosque
2393 2032 2588 2090 inten-

539 2116 680 2171 dere
708 2115 924 2171 nervir.
969 2113 1269 2172 Difficilius
1302 2112 1594 2174 intellectu
1626 2127 1733 2186 est,
1763 2114 1892 2194 quid
1925 2116 2207 2193 significet
2235 2114 2449 2194 opifex
2477 2137 2589 2175 nn-

539 2202 717 2257 meris
764 2209 1022 2257 veterum
1053 2200 1387 2277 primordia
1431 2219 1628 2259 vocum
1671 2202 2030 2271 intendisse,
2079 2202 2200 2259 sive
2250 2199 2405 2280 quod
2435 2199 2592 2260 alind

536 2284 770 2343 verbum
811 2304 885 2343 ex
924 2284 1032 2343 hoc
1078 2283 1469 2343 assumendum
1517 2297 1625 2344 est.
1670 2287 2007 2344 Primordia
2046 2306 2247 2345 vocum
2287 2285 2443 2363 apud
2473 2286 2590 2346 Lu·-

539 2371 774 2430 cretium
837 2368 958 2443 (lv,
1000 2374 1147 2441 532)
1211 2372 1492 2430 clementa
1536 2383 1697 2442 sunt,
1763 2391 1796 2429 e
1842 2372 2039 2451 quibus
2084 2391 2261 2430 voces
2316 2383 2592 2430 constant

542 2456 643 2528 (cf.
677 2455 890 2513 Colum.
926 2455 1019 2525 111,
1055 2460 1164 2518 10:
1239 2468 1343 2526 „ut
1404 2489 1482 2502 -
1530 2458 1759 2535 spiritus
1814 2457 2095 2516 elementa
2150 2478 2276 2516 cum
2329 2461 2591 2517 terrenis

538 2540 858 2620 primordiis
903 2542 1240 2614 misceret“)
1261 2585 1277 2611 ,
1335 2543 1522 2620 itaque
1555 2544 1644 2601 hic
1676 2544 1857 2620 possit
1886 2543 2123 2621 intelligi
2155 2544 2436 2613 scientia,
2479 2563 2590 2623 qua

538 2630 783 2685 numeris
841 2627 1146 2684 artificiose
1193 2628 1517 2705 compositis
1575 2639 1873 2700 veterum,
1935 2630 2319 2708 antiquarum,
2385 2649 2591 2688 vocum

530 2712 864 2791 primordia
891 2712 1164 2781 intendit,
1197 2713 1274 2770 ita
1304 2711 1575 2784 adhibuit,
1621 2723 1681 2772 ut
1712 2734 1837 2772 cum
1867 2714 1919 2772 vi
1951 2723 2010 2772 et
2038 2716 2236 2791 vigore
2271 2711 2593 2774 funderen-

541 2808 649 2856 tur.
697 2794 1017 2874 Simplicius
1051 2807 1236 2854 tamen
1282 2795 1505 2856 videtur
1546 2796 1615 2856 de
1658 2798 1801 2857 libro
1846 2799 2133 2876 cogitare,
2182 2800 2277 2878 qui
2323 2811 2592 2858 veterum

540 2902 737 2941 vocum
769 2883 1018 2960 origines
1052 2884 1319 2953 numeris,
1350 2883 1611 2941 versibus
1643 2883 1969 2960 complexus
2001 2886 2093 2942 sit.
2126 2883 2289 2942 Talia
2320 2886 2592 2944 versibus

540 2977 786 3026 tractare
819 2987 928 3024 uon
959 2965 1258 3025 absurdum
1289 2966 1585 3026 videbatur
1615 2970 1890 3048 antiquis,
1939 2979 2000 3027 ut
2029 2970 2117 3028 vel
2148 2968 2356 3028 Lucilii
2390 2990 2593 3030 exem·

540 3053 688 3131 plum
721 3052 957 3131 prohat,
1002 3053 1095 3130 qui
1129 3054 1425 3110 satirarum
1459 3053 1601 3112 libro
1633 3074 1812 3124 nono,
1861 3055 2017 3113 cuius
2047 3055 2370 3132 fragmenta
2406 3076 2594 3133 nuper

541 3137 774 3216 collegit
805 3136 1146 3195 Schmidtius
1180 3138 1394 3211 (Berol.
1443 3158 1501 3198 a.
1541 3143 1763 3212 1840),
1796 3140 2253 3218 orthographiam
2295 3144 2590 3209 tractavit.

539 3234 858 3303 poetaeque
904 3224 1196 3301 anonymi,
1243 3226 1335 3302 qui
1378 3223 1635 3283 versibus
1680 3224 1925 3283 heroicis
1965 3223 2035 3284 de
2081 3226 2275 3303 figuris
2309 3229 2592 3285 orationis

540 3310 886 3471 ἓὸῗίλὲῗῗ,
905 3307 1817 3472 ¹²1⁰&ssqfi3⁶21³s²i2⁰2220ss32t52²23
1848 3308 2590 3474 ῗὲἒξῖἑ“ζιξέξῖῖίἴῗζιῗῗ

540 3479 646 3537 diis
691 3478 881 3537 Caesii
926 3477 1086 3536 Bassi
1124 3478 1237 3537 tale
1271 3499 1448 3557 opus,
1493 3480 1541 3537 si
1571 3478 1787 3560 quidem
1821 3478 1967 3540 idem
1999 3490 2118 3551 est,
2163 3482 2255 3560 qui
2285 3478 2358 3540 de
2388 3482 2592 3542 metris

541 3565 787 3640 scripsit.
844 3562 1102 3623 Affertur
1143 3565 1290 3629 enim
1332 3584 1366 3622 a
1406 3564 1651 3624 Maximo
1692 3564 1983 3623 Victorino
2026 3564 2124 3642 (de
2151 3586 2325 3625 carm.
2358 3567 2497 3626 hex.
2523 3588 2587 3645 p.

544 3654 709 3712 1957
739 3649 828 3721 Ρ.)
875 3649 916 3706 C
936 3650 1197 3707 nesius
1258 3648 1537 3707 Bassus
1557 3692 1575 3722 ‚
1630 3652 1717 3708 vir
1746 3648 1947 3709 doctus
1978 3662 2146 3731 atque
2196 3650 2453 3711 eruditus
2474 3695 2491 3721 ,
2536 3655 2592 3709 in

540 3733 685 3794 libro
732 3732 801 3791 de
845 3736 1039 3793 metris
1059 3776 1075 3803 ‚
1120 3753 1153 3793 e
1183 3754 1291 3813 quo
1334 3733 1605 3813 quaedam
1639 3755 1703 3794 se
1735 3738 2006 3795 sumsisse
2038 3739 2192 3796 hisce
2223 3757 2340 3796 vsS.
2373 3736 2593 3797 indicat

543 3819 920 3879 Terentianus
952 3819 1180 3878 Maurus
1216 3824 1407 3893 (2358
1433 3841 1517 3901 sq.
1550 3841 1606 3899 p.
1638 3825 1806 3883 2435
1837 3821 1926 3895 P.)
1953 3845 1969 3881 ε
2016 3821 2332 3900 „Exempla
2362 3843 2593 3901 ponam,

543 3924 688 3985 quae
734 3904 958 3963 locasse
990 3904 1246 3963 Caesium
1281 3904 1454 3964 Libro
1486 3907 1694 3978 notavi,
1727 3926 1888 3986 quem
1922 3905 2076 3966 dedit
2105 3909 2299 3967 metris
2331 3915 2591 3986 super;“

545 4002 604 4049 et
645 3991 768 4047 aliis
814 4009 1036 4069 quoque
1084 3991 1137 4047 in
1182 3991 1354 4049 rebus
1402 4002 1690 4050 auctorem
1737 3993 1791 4051 ei
1840 3993 2017 4052 fuisse
2051 3991 2314 4052 Caesium
2344 3993 2591 4052 Bassum

542 4074 947 4135 demonstravit
976 4074 1369 4135 Lachmanuus
1405 4074 1501 4151 (ad
1527 4075 1666 4137 Ter.
1699 4076 1883 4137 Maur.
1910 4098 1968 4158 p.
1999 4076 2135 4137 XVI
2161 4098 2251 4158 sq.
2286 4079 2364 4138 cf.
2381 4078 2592 4158 Haupt.
