2764 4738
529 399 616 469 80
1250 403 1418 464 SAT.
1451 404 1492 475 1,
1553 410 1591 466 7
1622 439 1706 448 -
1741 407 1842 465 ¹2.

532 577 689 636 emb.
723 577 779 635 in
809 596 989 635 somn.
1024 574 1183 653 Scip.
1218 575 1262 644 1,
1293 579 1366 637 9:
1458 575 1679 634 Homini
1723 584 1909 633 autem
1950 594 2060 632 unu
2102 585 2196 632 est
2224 575 2434 652 agnitio
2466 577 2583 642 sni,

533 664 582 721 si
614 663 847 739 originis
879 662 1196 741 natalisque
1227 661 1504 740 principia
1537 672 1703 739 atque
1738 657 1972 718 exordia
2002 663 2348 737 respexerit,
2377 678 2485 718 nec
2511 680 2585 716 se

531 749 889 826 quaesiverit
914 757 1112 805 extra.
1161 745 1249 803 cf.
1283 744 1484 804 Boeth.
1530 744 1602 805 de
1633 745 1852 805 consol.
1902 745 2039 823 phil.
2076 744 2177 815 IV,
2209 750 2284 806 4:
2347 743 2408 803 Si
2454 755 2581 802 stu-

530 834 677 891 dium
725 831 792 890 nd
842 833 1037 908 peiora
1082 829 1409 901 deflende,
1457 840 1634 889 extra
1662 849 1736 888 ne
1764 831 2089 907 quaesieris
2122 832 2396 912 ultorem,
2427 842 2483 889 tu
2516 839 2579 886 tr

529 920 652 996 ipse
685 919 739 975 in
770 916 1058 976 deteriora
1089 914 1399 973 detrusisti.
1428 949 1519 960 —-
1545 935 1660 975 non
1690 917 1940 973 accedas
1967 949 2055 958 —-
2082 934 2191 973 nec
2218 949 2302 960 —
2341 917 2582 991 quaesi-

531 1005 705 1061 veris.
764 1005 1107 1082 Quamquam
1141 1001 1332 1073 Quint.
1367 1001 1413 1073 Ι,
1447 1006 1506 1072 5,
1538 1006 1619 1063 50
1648 1002 1838 1058 vitium
1871 1019 2006 1059 esse
2038 999 2194 1070 dicit,
2225 1003 2272 1058 si
2304 1000 2428 1079 quis
2459 1019 2581 1058 non

522 1087 744 1165 seceris
776 1089 927 1147 dicat
957 1107 1060 1166 pro
1090 1083 1411 1164 nesecertls
1430 1131 1449 1156 ‚
1496 1088 1624 1165 quia
1656 1086 1889 1165 elterum
1921 1083 2167 1162 negandi
2197 1087 2305 1156 sit,
2335 1084 2581 1144 alterum

527 1171 776 1244 vetandi,
809 1174 1120 1232 invenimus
1150 1182 1337 1230 tamen
1385 1170 1532 1229 hand
1578 1172 1656 1229 ita
1688 1189 1823 1230 raro
1853 1190 1968 1229 non
2000 1170 2109 1228 hoc
2140 1169 2304 1229 modo
2337 1189 2583 1249 usurpa-

529 1268 664 1328 tum,
695 1269 758 1318 ut
786 1256 932 1336 apud
964 1257 1217 1316 Persium
1249 1256 1321 1327 V,
1354 1260 1437 1318 45
1467 1275 1583 1315 non
1615 1257 1864 1325 dubites,
1915 1254 2229 1335 eademque
2261 1257 2411 1314 ratio
2443 1275 2581 1334 par-

530 1343 736 1403 ticulae
761 1362 892 1410 nec,
946 1361 1090 1421 quae
1125 1352 1218 1400 est
1246 1351 1307 1399 et
1332 1361 1472 1400 non.
1550 1341 1747 1419 anue
1779 1360 1889 1399 non
1936 1338 2103 1401 modo
2135 1341 2226 1398 ubi
2257 1360 2374 1399 non
2402 1359 2577 1418 prae·

529 1431 709 1488 cessit
738 1429 997 1506 ponitur,
1042 1437 1105 1486 ut
1133 1427 1187 1485 h.
1221 1427 1290 1499 l.,
1338 1425 1441 1485 sed
1473 1428 1642 1485 etiam
1676 1426 1768 1484 ubi
1813 1426 1958 1484 nulla
1993 1427 2221 1503 negatio
2252 1423 2579 1505 praecedit,

528 1524 590 1572 ut
619 1512 715 1584 ΙΙΙ,
749 1518 829 1575 73
863 1514 1043 1580 dt'sce,
1075 1531 1184 1570 nec
1218 1513 1501 1582 invideas,
1545 1511 1618 1581 V,
1656 1516 1775 1573 157
1806 1531 1894 1589 sq.
1937 1509 2315 1570 nec—decas.
2378 1510 2472 1570 Cf.
2504 1509 2575 1571 C.

530 1597 802 1657 Schmidt.
851 1616 978 1657 exc.
1026 1594 1097 1655 ad
1139 1597 1329 1656 luveu.
1375 1596 1534 1667 xlv,
1565 1601 1649 1658 48
1681 1617 1735 1672 p.
1768 1600 1894 1657 385
1926 1617 2049 1675 sqq.
2099 1595 2319 1673 Reisig.
2354 1615 2444 1674 gr.
2478 1596 2578 1654 lat.

528 1684 562 1760 ἓ
593 1687 718 1746 324
751 1703 835 1762 sq.
868 1683 1024 1741 Iahn.
1057 1680 1129 1740 ad
1160 1683 1324 1760 Virg.
1359 1680 1575 1759 Georg.
1612 1680 1709 1752 111,
1751 1685 1897 1743 435.
1960 1682 2097 1740 Cum
2130 1681 2187 1740 h.
2225 1681 2262 1739 Ι.
2296 1679 2408 1740 duo
2441 1682 2579 1750 sint,

528 1769 584 1826 in
616 1769 814 1846 quibus
844 1770 928 1826 vis
961 1769 1278 1826 sententiae
1310 1768 1496 1844 posita
1523 1776 1635 1837 est,
1665 1786 1779 1825 non
1810 1768 2085 1834 accedas,
2112 1786 2222 1824 nec
2251 1775 2308 1824 te
2339 1767 2579 1844 quaesi-

528 1854 687 1911 veris
715 1864 917 1922 extra,
962 1853 1239 1930 particula
1283 1872 1348 1909 ve
1375 1871 1514 1910 usus
1559 1862 1670 1919 est,
1703 1861 1763 1910 ut
1801 1870 1924 1909 cum
1959 1871 2017 1909 v.
2053 1853 2303 1909 accedas
2332 1871 2406 1910 ea
2436 1871 2579 1910 con-

526 1939 740 2015 iungat,
783 1957 925 2017 quae
973 1939 1293 1996 arctissime
1340 1957 1464 1996 cum
1497 1956 1570 1996 eo
1617 1936 1929 1997 cohaerent
1971 1938 2429 2014 accuratiorique
2474 1957 2580 1994 ex-

527 2023 813 2100 plieationi
843 2024 1174 2090 inserviunt,
1205 2040 1389 2100 neque
1419 2041 1560 2080 vero
1591 2023 1815 2081 tertium
1849 2020 2123 2100 quoddam
2156 2021 2434 2080 efficiunt.

697 2129 750 2166 v.
782 2113 845 2169 8.
911 2108 1200 2166 Commoto
1258 2117 1462 2186 poetae
1506 2108 1690 2165 animo
1739 2107 1980 2184 egregie
2025 2109 2293 2165 convenit
2334 2106 2579 2184 abrupta

526 2194 730 2251 oratio.
778 2191 924 2264 Quid
952 2194 1042 2262 sit,
1075 2189 1223 2270 quod
1268 2192 1360 2250 hic
1393 2193 1672 2264 reticeat,
1705 2194 1878 2250 totius
1921 2193 2133 2250 satirae
2177 2202 2577 2269 argumentum

529 2273 895 2337 demonstrat.
941 2309 1022 2321 ——
1071 2280 1145 2336 Si
1144 2275 1258 2353 sas
1287 2278 1399 2335 dic.
1430 2275 1678 2353 sedsas.
1715 2276 1986 2336 Similiter
2019 2276 2340 2355 Sophocles
2375 2278 2577 2354 (srgm.

526 2362 638 2421 inc.
674 2367 818 2434 678,
856 2368 930 2424 14
964 2361 1196 2434 Diud.):
1244 2360 1305 2420 d
1325 2383 1432 2438 μοι
1462 2360 1666 2439 θέμις,
1702 2359 1885 2438 θέμις
1912 2360 1978 2420 δὲ
2005 2357 2247 2435 τάληθῆ
2268 2361 2485 2439 λέγειν.

695 2468 748 2505 v.
781 2451 842 2510 9.
876 2450 1133 2507 Canities
1148 2458 1210 2506 nt
1236 2467 1323 2505 vs.
1354 2451 1437 2509 22
1470 2449 1657 2506 vetule
1685 2468 1794 2506 non
1827 2444 1898 2506 de
1920 2458 2112 2507 aetate
2146 2445 2579 2526 intelligendum

524 2541 633 2603 est,
664 2530 769 2591 sed
798 2531 869 2592 de
901 2535 1157 2611 corporis
1202 2533 1480 2611 animique
1532 2551 1727 2592 eornm
1759 2542 1944 2603 statu,
1988 2534 2079 2611 qui
2121 2535 2271 2591 omni
2316 2533 2579 2593 luxui-ino

522 2635 737 2694 genere
768 2616 1022 2676 dissoluti
1053 2629 1182 2676 ante
1214 2627 1439 2695 tempus
1480 2636 1652 2678 senes
1685 2619 1821 2676 facti
1866 2627 2015 2676 sunt.
2059 2650 2148 2664 —
2192 2628 2463 2677 nostrum
2494 2621 2580 2676 vi-

525 2720 686 2771 vere,
720 2712 783 2760 ut
809 2722 893 2761 vs.
927 2707 1008 2766 27
1053 2704 1208 2761 scire
1246 2712 1433 2771 tunm,
1464 2722 1520 2761 v.
1555 2706 1677 2764 122
1710 2704 1911 2761 ridere
1940 2722 2150 2773 meum,
2182 2703 2280 2773 ΙΙΙ,
2314 2707 2397 2765 53
2430 2705 2580 2761 velle

518 2787 803 2846 succutiet
822 2787 1010 2846 Burin.
1042 2786 1113 2845 ad
1146 2786 1373 2845 Petron.
1407 2792 1510 2848 44.
1543 2788 1706 2865 Virg.
1738 2787 1864 2847 Ecl.
1896 2788 1940 2860 Ι,
1971 2790 2049 2859 93
2095 2799 2392 2857 nostrum,
2415 2799 2477 2846 ut
2506 2788 2578 2858 ΙΙ,

521 2873 603 2932 62
633 2875 828 2930 nostri
851 2891 1041 2930 mores
1068 2874 1104 2930 i.
1137 2892 1192 2929 e.
1226 2872 1389 2930 huius
1419 2874 1714 2950 temporis.

692 2976 744 3014 v.
784 2962 883 3019 10.
926 2959 1172 3016 nucibus
1199 2959 1442 3015 relictae's.
1473 2956 1722 3017 Martial.
1753 2958 1827 3027 V,
1858 2962 1963 3028 84,
2001 2963 2029 3019 1
2065 2978 2195 3037 sq.:
2243 2958 2360 3017 Iam
2394 2959 2576 3016 tristis

520 3041 766 3098 nucibus
787 3061 945 3118 puer
974 3044 1198 3099 relictis
1226 3042 1481 3100 clamoso
1512 3053 1818 3101 revocatur
1846 3062 1880 3100 a
1911 3044 2208 3119 magistro.
2271 3042 2579 3102 Ludebat

522 3135 709 3184 autem
741 3127 901 3203 pueri
944 3125 1180 3185 nucibus
1228 3128 1611 3203 potissimum,
1657 3129 1734 3186 cf.
1770 3125 1907 3187 Seu.
1953 3126 2025 3187 de
2056 3129 2142 3186 ira
2174 3128 2219 3197 Ι,
2257 3133 2362 3190 12.
2402 3127 2570 3187 Suet.

519 3206 668 3287 Aug.
701 3215 825 3282 833
874 3213 1032 3269 varia
1061 3212 1251 3269 talium
1295 3212 1511 3270 lusuum
1554 3231 1775 3290 genera
1814 3223 2087 3271 recenset
2114 3224 2283 3272 vetus
2314 3233 2572 3283 carmen,

520 3291 669 3371 quod
702 3295 901 3364 fertur,
934 3297 1004 3353 de
1030 3316 1202 3361 nuce,
1237 3305 1296 3355 et
1325 3307 1643 3355 monstrant
1671 3297 2024 3375 anaglypha,
2055 3319 2113 3358 v.
2146 3298 2305 3357 Mon.
2338 3298 2573 3358 Mataei-

519 3396 625 3435 ann
660 3378 737 3438 ΙΙΙ
769 3390 808 3437 t.
842 3384 947 3442 36.
983 3380 1331 3448 Melchiorri..
1373 3380 1494 3440 Atti
1525 3379 1658 3440 den’
1687 3379 1852 3441 acad.
1885 3380 2046 3441 Rom.
2098 3383 2146 3442 ΙΙ
2191 3403 2246 3462 p.
2287 3388 2411 3447 149
2446 3403 2571 3463 sqq.

521 3460 797 3522 Gerhard.
829 3465 963 3523 Ant.
996 3464 1388 3524 Bildw.1,xv.

688 3570 741 3607 v.
779 3554 877 3611 11.
915 3561 1270 3628 patruorum
1316 3552 1490 3628 rigor
1511 3596 1527 3619 ‚
1563 3561 1623 3609 ut
1651 3552 1731 3609 ait
1759 3550 2020 3611 Manilius
2052 3553 2154 3621 (V,
2195 3557 2375 3623 454),
2407 3572 2445 3612 e
2475 3573 2573 3612 co·

517 3630 739 3691 moedis
768 3632 990 3694 videtur
1018 3636 1073 3694 iu
1089 3635 1443 3713 proverbium
1476 3636 1603 3695 fere
1619 3636 1854 3707 abiisse,
1884 3635 2031 3695 unde
2065 3637 2276 3697 Cicero
2309 3658 2366 3715 p.
2405 3638 2566 3697 Cael.

523 3721 620 3782 1¹.
651 3722 766 3778 25:
810 3723 1115 3797 pertristis
1141 3722 1374 3798 quidam
1407 3730 1684 3796 patruus.
1718 3722 1809 3781 Cf.
1844 3721 1984 3780 Hor.
2023 3741 2206 3782 carm.
2238 3723 2339 3794 111,
2379 3729 2481 3794 12,
2512 3727 2569 3785 3.

519 3797 639 3857 Sat.
673 3803 741 3871 ΙΙ,
774 3807 834 3874 3,
864 3809 966 3866 88.
997 3806 1163 3882 Apul.
1198 3805 1352 3864 Flor.
1390 3804 1440 3863 ll
1470 3825 1525 3882 p.
1554 3810 1680 3867 353
1712 3805 1855 3865 Eum.
1893 3818 2155 3883 patruus
2181 3809 2562 3885 obiurgator.

686 3907 738 3944 v.
778 3893 875 3951 12.
922 3892 1065 3967 quid
1086 3889 1367 3965 faciam?
1412 3891 1506 3950 Cf.
1544 3891 1684 3950 Hor.
1720 3901 1828 3948 sat.
1874 3891 1944 3960 ΙΙ,
1982 3898 2037 3960 1,
2069 3897 2154 3952 24
2210 3893 2334 3951 Cic.
2367 3891 2442 3952 de
2472 3893 2566 3951 off.

521 3968 612 4027 ΙΙΙ·
653 3977 747 4043 14,
793 3977 895 4036 61.
939 4009 1022 4019 -
1084 3977 1300 4052 Splene
1343 3977 1601 4035 homines
1646 3974 1836 4035 ridere
1878 3978 2092 4055 antiqui
2138 3977 2454 4054 putabunt,
2514 3989 2572 4035 ut

514 4064 672 4114 notat
702 4058 879 4119 schol.
926 4092 1004 4106 -
1067 4062 1386 4129 Cachinna,
1419 4081 1569 4120 nom.
1601 4061 1780 4120 subst.
1812 4072 1874 4120 ut
1898 4064 2073 4140 gluto
2100 4062 2178 4132 V,
2219 4065 2360 4123 112.
2390 4065 2571 4140 palpo
