<?xml version="1.0" encoding="UTF-8"?>
<!DOCTYPE html PUBLIC "-//W3C//DTD XHTML 1.0 Transitional//EN"
    "http://www.w3.org/TR/xhtml1/DTD/xhtml1-transitional.dtd">
<html xmlns="http://www.w3.org/1999/xhtml" xml:lang="en" lang="en">
 <head>
  <title>
</title>
<meta http-equiv="Content-Type" content="text/html;charset=utf-8" />
  <meta name='ocr-system' content='tesseract 3.04.00' />
  <meta name='ocr-capabilities' content='ocr_page ocr_carea ocr_par ocr_line ocrx_word'/>
</head>
<body>
  <div class='ocr_page' id='page_1' title='image "./satirarumliberc01jahngoog_0566.png"; bbox 0 0 2764 4738; ppageno 0'>
   <div class='ocr_carea' id='block_1_1' title="bbox 687 436 2278 518">
    <p class='ocr_par' dir='ltr' id='par_1_1' title="bbox 687 436 2278 518">
     <span class='ocr_line' id='line_1_1' title="bbox 687 436 2278 518; baseline 0.001 -16"><span class='ocrx_word' id='word_1_1' title='bbox 687 441 949 505; x_wconf 79' lang='lat' dir='ltr'>scnoL.</span> <span class='ocrx_word' id='word_1_2' title='bbox 978 441 1085 504; x_wconf 83' lang='lat' dir='ltr'>An</span> <span class='ocrx_word' id='word_1_3' title='bbox 1119 441 1288 505; x_wconf 79' lang='lat' dir='ltr'><strong>SAT.</strong></span> <span class='ocrx_word' id='word_1_4' title='bbox 1318 440 1395 518; x_wconf 89' lang='lat' dir='ltr'>V,</span> <span class='ocrx_word' id='word_1_5' title='bbox 1429 447 1551 508; x_wconf 84' lang='lat'>15⁷</span> <span class='ocrx_word' id='word_1_6' title='bbox 1566 474 1651 489; x_wconf 92' lang='lat'><em>-</em></span> <span class='ocrx_word' id='word_1_7' title='bbox 1671 446 1815 507; x_wconf 85' lang='grc'><strong>168.</strong></span> <span class='ocrx_word' id='word_1_8' title='bbox 2150 436 2278 506; x_wconf 82' lang='grc'>337</span> 
     </span>
    </p>
   </div>
   <div class='ocr_carea' id='block_1_2' title="bbox 238 613 2281 951">
    <p class='ocr_par' dir='ltr' id='par_1_2' title="bbox 238 613 2281 951">
     <span class='ocr_line' id='line_1_2' title="bbox 413 613 2277 692; baseline -0.002 -15"><span class='ocrx_word' id='word_1_9' title='bbox 413 617 561 678; x_wconf 86' lang='grc'><strong>157.</strong></span> <span class='ocrx_word' id='word_1_10' title='bbox 605 614 732 674; x_wconf 80' lang='lat' dir='ltr'>Nec</span> <span class='ocrx_word' id='word_1_11' title='bbox 774 623 840 673; x_wconf 84' lang='lat' dir='ltr'>tu</span> <span class='ocrx_word' id='word_1_12' title='bbox 883 633 1012 673; x_wconf 81' lang='lat' dir='ltr'>cum</span> <span class='ocrx_word' id='word_1_13' title='bbox 1056 614 1358 674; x_wconf 78' lang='lat' dir='ltr'>obstiteris</span> <span class='ocrx_word' id='word_1_14' title='bbox 1371 636 1398 687; x_wconf 89' lang='lat'>‚·</span> <span class='ocrx_word' id='word_1_15' title='bbox 1444 632 1553 674; x_wconf 88' lang='lat' dir='ltr'>nec</span> <span class='ocrx_word' id='word_1_16' title='bbox 1583 625 1674 686; x_wconf 90' lang='lat' dir='ltr'>tn,</span> <span class='ocrx_word' id='word_1_17' title='bbox 1718 633 1842 674; x_wconf 88' lang='lat' dir='ltr'>cum</span> <span class='ocrx_word' id='word_1_18' title='bbox 1873 613 2277 692; x_wconf 84' lang='lat' dir='ltr'>imperantibus</span> 
     </span>
     <span class='ocr_line' id='line_1_3' title="bbox 238 698 2278 779; baseline -0 -18"><span class='ocrx_word' id='word_1_19' title='bbox 238 700 389 761; x_wconf 85' lang='lat' dir='ltr'>vitiis</span> <span class='ocrx_word' id='word_1_20' title='bbox 421 698 599 760; x_wconf 89' lang='lat' dir='ltr'>semel</span> <span class='ocrx_word' id='word_1_21' title='bbox 628 701 1070 779; x_wconf 74' lang='lat' dir='ltr'>repugnaveris,</span> <span class='ocrx_word' id='word_1_22' title='bbox 1121 701 1387 760; x_wconf 89' lang='lat' dir='ltr'>continuo</span> <span class='ocrx_word' id='word_1_23' title='bbox 1413 698 1570 760; x_wconf 83' lang='lat' dir='ltr'>dicas</span> <span class='ocrx_word' id='word_1_24' title='bbox 1612 711 1669 760; x_wconf 91' lang='lat' dir='ltr'>te</span> <span class='ocrx_word' id='word_1_25' title='bbox 1701 700 1942 758; x_wconf 86' lang='lat' dir='ltr'>solutum</span> <span class='ocrx_word' id='word_1_26' title='bbox 1973 718 2007 758; x_wconf 87' lang='lat' dir='ltr'>a</span> <span class='ocrx_word' id='word_1_27' title='bbox 2036 701 2278 777; x_wconf 83' lang='lat' dir='ltr'>pessima</span> 
     </span>
     <span class='ocr_line' id='line_1_4' title="bbox 239 783 2281 866; baseline 0.001 -21"><span class='ocrx_word' id='word_1_28' title='bbox 239 787 535 847; x_wconf 87' lang='lat' dir='ltr'>servitute.</span> <span class='ocrx_word' id='word_1_29' title='bbox 595 783 702 844; x_wconf 83' lang='lat' dir='ltr'>Est</span> <span class='ocrx_word' id='word_1_30' title='bbox 741 786 891 844; x_wconf 89' lang='lat' dir='ltr'>enim</span> <span class='ocrx_word' id='word_1_31' title='bbox 933 787 1192 846; x_wconf 86' lang='lat' dir='ltr'>vitiorum</span> <span class='ocrx_word' id='word_1_32' title='bbox 1235 787 1477 846; x_wconf 80' lang='lat' dir='ltr'>maxima</span> <span class='ocrx_word' id='word_1_33' title='bbox 1518 804 1689 866; x_wconf 79' lang='lat' dir='ltr'>pars,</span> <span class='ocrx_word' id='word_1_34' title='bbox 1729 804 1876 865; x_wconf 82' lang='lat' dir='ltr'>quae</span> <span class='ocrx_word' id='word_1_35' title='bbox 1907 795 1965 844; x_wconf 87' lang='lat' dir='ltr'>te</span> <span class='ocrx_word' id='word_1_36' title='bbox 1997 787 2158 865; x_wconf 79' lang='lat' dir='ltr'>qnasi</span> <span class='ocrx_word' id='word_1_37' title='bbox 2189 787 2281 847; x_wconf 76' lang='lat' dir='ltr'>fu-</span> 
     </span>
     <span class='ocr_line' id='line_1_5' title="bbox 240 871 783 951; baseline -0.006 -18"><span class='ocrx_word' id='word_1_38' title='bbox 240 872 487 951; x_wconf 85' lang='lat' dir='ltr'>gientem</span> <span class='ocrx_word' id='word_1_39' title='bbox 518 871 783 931; x_wconf 82' lang='lat' dir='ltr'>retineat.</span> 
     </span>
    </p>
   </div>
   <div class='ocr_carea' id='block_1_3' title="bbox 238 986 2279 1157">
    <p class='ocr_par' dir='ltr' id='par_1_3' title="bbox 238 986 2279 1157">
     <span class='ocr_line' id='line_1_6' title="bbox 416 986 2279 1072; baseline -0.002 -18"><span class='ocrx_word' id='word_1_40' title='bbox 416 994 556 1054; x_wconf 83' lang='lat'><strong>159.</strong></span> <span class='ocrx_word' id='word_1_41' title='bbox 599 988 745 1050; x_wconf 86' lang='lat' dir='ltr'>Nam</span> <span class='ocrx_word' id='word_1_42' title='bbox 789 989 928 1050; x_wconf 89' lang='lat' dir='ltr'>licet</span> <span class='ocrx_word' id='word_1_43' title='bbox 973 989 1130 1050; x_wconf 85' lang='lat' dir='ltr'>canis</span> <span class='ocrx_word' id='word_1_44' title='bbox 1174 989 1415 1072; x_wconf 86' lang='lat' dir='ltr'>abrupto</span> <span class='ocrx_word' id='word_1_45' title='bbox 1445 989 1630 1069; x_wconf 73' lang='lat' dir='ltr'>fugiat</span> <span class='ocrx_word' id='word_1_46' title='bbox 1654 986 1910 1060; x_wconf 86' lang='lat' dir='ltr'>vinculo,</span> <span class='ocrx_word' id='word_1_47' title='bbox 1954 989 2164 1050; x_wconf 81' lang='lat' dir='ltr'><strong>vinculi</strong></span> <span class='ocrx_word' id='word_1_48' title='bbox 2192 1000 2279 1051; x_wconf 88' lang='lat' dir='ltr'>ta-</span> 
     </span>
     <span class='ocr_line' id='line_1_7' title="bbox 238 1076 1101 1157; baseline -0.001 -21"><span class='ocrx_word' id='word_1_49' title='bbox 238 1096 367 1138; x_wconf 92' lang='lat' dir='ltr'>men</span> <span class='ocrx_word' id='word_1_50' title='bbox 396 1086 613 1157; x_wconf 84' lang='lat' dir='ltr'>partem</span> <span class='ocrx_word' id='word_1_51' title='bbox 643 1085 777 1154; x_wconf 86' lang='lat' dir='ltr'>post</span> <span class='ocrx_word' id='word_1_52' title='bbox 805 1094 870 1136; x_wconf 88' lang='lat' dir='ltr'>se</span> <span class='ocrx_word' id='word_1_53' title='bbox 907 1076 1101 1135; x_wconf 84' lang='lat' dir='ltr'>trahit.</span> 
     </span>
    </p>
   </div>
   <div class='ocr_carea' id='block_1_4' title="bbox 239 1190 2284 2366">
    <p class='ocr_par' dir='ltr' id='par_1_4' title="bbox 239 1190 2284 2024">
     <span class='ocr_line' id='line_1_8' title="bbox 285 1190 2283 1265; baseline -0.003 -7"><span class='ocrx_word' id='word_1_54' title='bbox 285 1257 292 1265; x_wconf 86' lang='grc'>,</span> <span class='ocrx_word' id='word_1_55' title='bbox 416 1199 561 1258; x_wconf 92' lang='grc'><strong>161.</strong></span> <span class='ocrx_word' id='word_1_56' title='bbox 606 1196 775 1254; x_wconf 82' lang='lat' dir='ltr'>Dave</span> <span class='ocrx_word' id='word_1_57' title='bbox 818 1195 935 1254; x_wconf 77' lang='lat' dir='ltr'>cito</span> <span class='ocrx_word' id='word_1_58' title='bbox 979 1195 1087 1255; x_wconf 72' lang='lat' dir='ltr'>hoe</span> <span class='ocrx_word' id='word_1_59' title='bbox 1125 1194 1356 1254; x_wconf 75' lang='lat' dir='ltr'>credas.</span> <span class='ocrx_word' id='word_1_60' title='bbox 1412 1191 1579 1254; x_wconf 84' lang='lat' dir='ltr'>Nunc</span> <span class='ocrx_word' id='word_1_61' title='bbox 1622 1190 1695 1253; x_wconf 90' lang='lat' dir='ltr'>de</span> <span class='ocrx_word' id='word_1_62' title='bbox 1740 1191 2024 1253; x_wconf 81' lang='lat' dir='ltr'>amoribus</span> <span class='ocrx_word' id='word_1_63' title='bbox 2067 1190 2283 1254; x_wconf 76' lang='lat' dir='ltr'>inducit</span> 
     </span>
     <span class='ocr_line' id='line_1_9' title="bbox 239 1277 2279 1360; baseline -0.001 -19"><span class='ocrx_word' id='word_1_64' title='bbox 239 1280 665 1341; x_wconf 80' lang='lat' dir='ltr'>adolescentem</span> <span class='ocrx_word' id='word_1_65' title='bbox 713 1299 882 1340; x_wconf 85' lang='lat' dir='ltr'>servo</span> <span class='ocrx_word' id='word_1_66' title='bbox 927 1280 1266 1360; x_wconf 86' lang='lat' dir='ltr'>loquentem.</span> <span class='ocrx_word' id='word_1_67' title='bbox 1339 1277 1621 1338; x_wconf 74' lang='lat' dir='ltr'>*Hunc*</span> <span class='ocrx_word' id='word_1_68' title='bbox 1660 1279 1833 1357; x_wconf 85' lang='lat' dir='ltr'>igitur</span> <span class='ocrx_word' id='word_1_69' title='bbox 1872 1278 2149 1339; x_wconf 79' lang='lat' dir='ltr'>*locum</span> <span class='ocrx_word' id='word_1_70' title='bbox 2194 1279 2279 1339; x_wconf 89' lang='lat' dir='ltr'>de</span> 
     </span>
     <span class='ocr_line' id='line_1_10' title="bbox 239 1363 2278 1443; baseline -0.001 -16"><span class='ocrx_word' id='word_1_71' title='bbox 239 1363 627 1427; x_wconf 77' lang='lat' dir='ltr'>Menandri</span> <span class='ocrx_word' id='word_1_72' title='bbox 669 1365 1023 1425; x_wconf 83' lang='lat' dir='ltr'>Eunucho</span> <span class='ocrx_word' id='word_1_73' title='bbox 1065 1365 1334 1435; x_wconf 87' lang='lat' dir='ltr'>traxit,</span> <span class='ocrx_word' id='word_1_74' title='bbox 1379 1364 1451 1423; x_wconf 90' lang='lat' dir='ltr'>in</span> <span class='ocrx_word' id='word_1_75' title='bbox 1495 1383 1632 1443; x_wconf 90' lang='lat' dir='ltr'>qno</span> <span class='ocrx_word' id='word_1_76' title='bbox 1675 1364 1943 1423; x_wconf 86' lang='lat' dir='ltr'>Davum</span> <span class='ocrx_word' id='word_1_77' title='bbox 1990 1382 2278 1426; x_wconf 79' lang='lat' dir='ltr'>servum</span> 
     </span>
     <span class='ocr_line' id='line_1_11' title="bbox 243 1447 2280 1530; baseline -0 -19"><span class='ocrx_word' id='word_1_78' title='bbox 243 1451 842 1511; x_wconf 69' lang='lat' dir='ltr'>Chaerestratus</span> <span class='ocrx_word' id='word_1_79' title='bbox 906 1447 1362 1509; x_wconf 86' lang='lat' dir='ltr'>adolescens</span> <span class='ocrx_word' id='word_1_80' title='bbox 1424 1449 1879 1530; x_wconf 79' lang='lat' dir='ltr'>alloquitur,</span> <span class='ocrx_word' id='word_1_81' title='bbox 1933 1458 2280 1530; x_wconf 78' lang='lat' dir='ltr'>tanquam</span> 
     </span>
     <span class='ocr_line' id='line_1_12' title="bbox 243 1531 2280 1616; baseline 0 -21"><span class='ocrx_word' id='word_1_82' title='bbox 243 1555 479 1597; x_wconf 81' lang='lat' dir='ltr'>amore</span> <span class='ocrx_word' id='word_1_83' title='bbox 527 1533 930 1616; x_wconf 75' lang='lat' dir='ltr'>Chrysidis</span> <span class='ocrx_word' id='word_1_84' title='bbox 976 1535 1405 1595; x_wconf 87' lang='lat' dir='ltr'>meretricis</span> <span class='ocrx_word' id='word_1_85' title='bbox 1450 1532 1899 1606; x_wconf 80' lang='lat' dir='ltr'>derelictns3</span> <span class='ocrx_word' id='word_1_86' title='bbox 1946 1531 2280 1615; x_wconf 78' lang='lat' dir='ltr'>idemque</span> 
     </span>
     <span class='ocr_line' id='line_1_13' title="bbox 241 1616 2283 1701; baseline -0 -21"><span class='ocrx_word' id='word_1_87' title='bbox 241 1630 488 1681; x_wconf 83' lang='lat' dir='ltr'>tamen</span> <span class='ocrx_word' id='word_1_88' title='bbox 555 1620 641 1681; x_wconf 87' lang='lat' dir='ltr'>ab</span> <span class='ocrx_word' id='word_1_89' title='bbox 701 1640 788 1681; x_wconf 87' lang='lat' dir='ltr'>ea</span> <span class='ocrx_word' id='word_1_90' title='bbox 840 1630 1284 1692; x_wconf 87' lang='lat' dir='ltr'>revocatus,</span> <span class='ocrx_word' id='word_1_91' title='bbox 1348 1616 1433 1678; x_wconf 93' lang='lat' dir='ltr'>ad</span> <span class='ocrx_word' id='word_1_92' title='bbox 1492 1620 1694 1680; x_wconf 85' lang='lat' dir='ltr'>illam</span> <span class='ocrx_word' id='word_1_93' title='bbox 1749 1618 1978 1682; x_wconf 89' lang='lat' dir='ltr'>redit.</span> <span class='ocrx_word' id='word_1_94' title='bbox 2070 1617 2283 1701; x_wconf 83' lang='lat' dir='ltr'>Apud</span> 
     </span>
     <span class='ocr_line' id='line_1_14' title="bbox 242 1701 2283 1786; baseline -0 -20"><span class='ocrx_word' id='word_1_95' title='bbox 242 1706 672 1767; x_wconf 87' lang='lat' dir='ltr'>Terentium</span> <span class='ocrx_word' id='word_1_96' title='bbox 716 1725 1087 1786; x_wconf 83' lang='lat' dir='ltr'>personae</span> <span class='ocrx_word' id='word_1_97' title='bbox 1132 1707 1552 1765; x_wconf 75' lang='lat' dir='ltr'>immutatae</span> <span class='ocrx_word' id='word_1_98' title='bbox 1596 1704 1833 1765; x_wconf 55' lang='lat' dir='ltr'>sunu*</span> <span class='ocrx_word' id='word_1_99' title='bbox 1896 1701 2059 1778; x_wconf 84' lang='lat' dir='ltr'>Quod</span> <span class='ocrx_word' id='word_1_100' title='bbox 2089 1724 2283 1765; x_wconf 87' lang='lat' dir='ltr'>exem-</span> 
     </span>
     <span class='ocr_line' id='line_1_15' title="bbox 242 1788 2284 1872; baseline -0 -21"><span class='ocrx_word' id='word_1_101' title='bbox 242 1792 391 1872; x_wconf 86' lang='lat' dir='ltr'>plum</span> <span class='ocrx_word' id='word_1_102' title='bbox 422 1789 637 1852; x_wconf 85' lang='lat' dir='ltr'>inducit</span> <span class='ocrx_word' id='word_1_103' title='bbox 664 1789 739 1850; x_wconf 83' lang='lat' dir='ltr'>ad</span> <span class='ocrx_word' id='word_1_104' title='bbox 768 1788 1184 1852; x_wconf 88' lang='lat' dir='ltr'>similitudinem</span> <span class='ocrx_word' id='word_1_105' title='bbox 1212 1792 1509 1863; x_wconf 88' lang='lat' dir='ltr'>vitiorum,</span> <span class='ocrx_word' id='word_1_106' title='bbox 1553 1810 1589 1850; x_wconf 81' lang='lat' dir='ltr'>a</span> <span class='ocrx_word' id='word_1_107' title='bbox 1631 1790 1831 1871; x_wconf 86' lang='lat' dir='ltr'>quibus</span> <span class='ocrx_word' id='word_1_108' title='bbox 1861 1788 2139 1852; x_wconf 79' lang='lat' dir='ltr'>recedere</span> <span class='ocrx_word' id='word_1_109' title='bbox 2168 1811 2284 1852; x_wconf 89' lang='lat' dir='ltr'>non</span> 
     </span>
     <span class='ocr_line' id='line_1_16' title="bbox 242 1875 2283 1958; baseline 0 -20"><span class='ocrx_word' id='word_1_110' title='bbox 242 1897 563 1958; x_wconf 83' lang='lat' dir='ltr'>possumus.</span> <span class='ocrx_word' id='word_1_111' title='bbox 620 1875 746 1937; x_wconf 84' lang='lat' dir='ltr'>Hoc</span> <span class='ocrx_word' id='word_1_112' title='bbox 788 1887 853 1937; x_wconf 84' lang='lat' dir='ltr'>et</span> <span class='ocrx_word' id='word_1_113' title='bbox 890 1876 1156 1937; x_wconf 83' lang='lat' dir='ltr'>Horatius</span> <span class='ocrx_word' id='word_1_114' title='bbox 1183 1882 1206 1916; x_wconf 86' lang='lat'>¹</span> <span class='ocrx_word' id='word_1_115' title='bbox 1248 1887 1311 1938; x_wconf 87' lang='lat' dir='ltr'>et</span> <span class='ocrx_word' id='word_1_116' title='bbox 1349 1876 1653 1937; x_wconf 84' lang='lat' dir='ltr'>Terentius</span> <span class='ocrx_word' id='word_1_117' title='bbox 1675 1882 1702 1918; x_wconf 80' lang='lat'><em>2</em></span> <span class='ocrx_word' id='word_1_118' title='bbox 1740 1877 1798 1936; x_wconf 91' lang='lat' dir='ltr'>in</span> <span class='ocrx_word' id='word_1_119' title='bbox 1836 1875 2114 1937; x_wconf 88' lang='lat' dir='ltr'>Eunucho</span> <span class='ocrx_word' id='word_1_120' title='bbox 2157 1896 2283 1938; x_wconf 83' lang='lat' dir='ltr'>cnm</span> 
     </span>
     <span class='ocr_line' id='line_1_17' title="bbox 244 1961 410 2024; baseline 0 -1"><span class='ocrx_word' id='word_1_121' title='bbox 244 1961 410 2024; x_wconf 80' lang='lat' dir='ltr'>dicit:</span> 
     </span>
    </p>

    <p class='ocr_par' dir='ltr' id='par_1_5' title="bbox 501 2045 1171 2126">
     <span class='ocr_line' id='line_1_18' title="bbox 501 2045 1171 2126; baseline 0.001 -20"><span class='ocrx_word' id='word_1_122' title='bbox 501 2049 661 2124; x_wconf 81' lang='lat' dir='ltr'>Quid</span> <span class='ocrx_word' id='word_1_123' title='bbox 688 2048 879 2126; x_wconf 75' lang='lat' dir='ltr'>igitur</span> <span class='ocrx_word' id='word_1_124' title='bbox 887 2045 1123 2126; x_wconf 81' lang='lat' dir='ltr'>faciam</span> <span class='ocrx_word' id='word_1_125' title='bbox 1138 2052 1171 2107; x_wconf 83' lang='lat'><em>?</em></span> 
     </span>
    </p>

    <p class='ocr_par' dir='ltr' id='par_1_6' title="bbox 243 2133 2281 2366">
     <span class='ocr_line' id='line_1_19' title="bbox 495 2133 2042 2212; baseline -0.001 -19"><span class='ocrx_word' id='word_1_126' title='bbox 495 2135 630 2193; x_wconf 85' lang='lat' dir='ltr'>Non</span> <span class='ocrx_word' id='word_1_127' title='bbox 669 2152 796 2193; x_wconf 82' lang='lat' dir='ltr'>eam</span> <span class='ocrx_word' id='word_1_128' title='bbox 823 2153 897 2192; x_wconf 83' lang='lat' dir='ltr'>ne</span> <span class='ocrx_word' id='word_1_129' title='bbox 923 2153 1082 2194; x_wconf 82' lang='lat' dir='ltr'>nunc</span> <span class='ocrx_word' id='word_1_130' title='bbox 1116 2134 1343 2212; x_wconf 77' lang='lat' dir='ltr'>quidem</span> <span class='ocrx_word' id='word_1_131' title='bbox 1367 2151 1499 2194; x_wconf 83' lang='lat' dir='ltr'>eum</span> <span class='ocrx_word' id='word_1_132' title='bbox 1527 2150 1804 2193; x_wconf 76' lang='lat' dir='ltr'>arcessor</span> <span class='ocrx_word' id='word_1_133' title='bbox 1833 2133 2042 2192; x_wconf 80' lang='lat' dir='ltr'>ultro?</span> 
     </span>
     <span class='ocr_line' id='line_1_20' title="bbox 243 2217 2281 2299; baseline 0 -21"><span class='ocrx_word' id='word_1_134' title='bbox 243 2219 401 2299; x_wconf 82' lang='lat' dir='ltr'>Ergo</span> <span class='ocrx_word' id='word_1_135' title='bbox 441 2219 552 2279; x_wconf 91' lang='lat' dir='ltr'>hoc</span> <span class='ocrx_word' id='word_1_136' title='bbox 596 2220 710 2278; x_wconf 83' lang='lat' dir='ltr'>ait:</span> <span class='ocrx_word' id='word_1_137' title='bbox 767 2217 928 2279; x_wconf 88' lang='lat' dir='ltr'>Dave</span> <span class='ocrx_word' id='word_1_138' title='bbox 971 2219 1105 2279; x_wconf 89' lang='lat' dir='ltr'>mihi</span> <span class='ocrx_word' id='word_1_139' title='bbox 1148 2217 1359 2292; x_wconf 86' lang='lat' dir='ltr'>crede,</span> <span class='ocrx_word' id='word_1_140' title='bbox 1420 2217 1655 2299; x_wconf 86' lang='lat' dir='ltr'>dispono</span> <span class='ocrx_word' id='word_1_141' title='bbox 1694 2219 2024 2299; x_wconf 85' lang='lat' dir='ltr'>praeteritis</span> <span class='ocrx_word' id='word_1_142' title='bbox 2068 2236 2281 2279; x_wconf 89' lang='lat' dir='ltr'>renun-</span> 
     </span>
     <span class='ocr_line' id='line_1_21' title="bbox 245 2304 700 2366; baseline -0.002 -1"><span class='ocrx_word' id='word_1_143' title='bbox 245 2306 400 2366; x_wconf 86' lang='lat' dir='ltr'>ciare</span> <span class='ocrx_word' id='word_1_144' title='bbox 429 2304 700 2365; x_wconf 87' lang='lat' dir='ltr'>moribus.</span> 
     </span>
    </p>
   </div>
   <div class='ocr_carea' id='block_1_5' title="bbox 245 2420 2286 2655">
    <p class='ocr_par' dir='ltr' id='par_1_7' title="bbox 245 2420 2286 2655">
     <span class='ocr_line' id='line_1_22' title="bbox 419 2420 2286 2503; baseline -0.004 -15"><span class='ocrx_word' id='word_1_145' title='bbox 419 2429 561 2488; x_wconf 89' lang='grc'><strong>163.</strong></span> <span class='ocrx_word' id='word_1_146' title='bbox 603 2428 708 2485; x_wconf 81' lang='lat' dir='ltr'>An</span> <span class='ocrx_word' id='word_1_147' title='bbox 747 2425 921 2485; x_wconf 69' lang='lat' dir='ltr'>siccis·</span> <span class='ocrx_word' id='word_1_148' title='bbox 960 2424 1209 2484; x_wconf 78' lang='lat' dir='ltr'>dedecus</span> <span class='ocrx_word' id='word_1_149' title='bbox 1252 2423 1494 2484; x_wconf 77' lang='lat' dir='ltr'>obstem.</span> <span class='ocrx_word' id='word_1_150' title='bbox 1554 2424 1745 2483; x_wconf 61' lang='lat' dir='ltr'>Sicelis</span> <span class='ocrx_word' id='word_1_151' title='bbox 1786 2420 1928 2482; x_wconf 84' lang='lat' dir='ltr'>dixit</span> <span class='ocrx_word' id='word_1_152' title='bbox 1954 2422 2181 2503; x_wconf 83' lang='lat' dir='ltr'>parcis3</span> <span class='ocrx_word' id='word_1_153' title='bbox 2224 2431 2286 2482; x_wconf 88' lang='lat' dir='ltr'>et</span> 
     </span>
     <span class='ocr_line' id='line_1_23' title="bbox 245 2508 2282 2589; baseline 0 -20"><span class='ocrx_word' id='word_1_154' title='bbox 245 2511 354 2570; x_wconf 90' lang='lat' dir='ltr'>hoc</span> <span class='ocrx_word' id='word_1_155' title='bbox 386 2512 497 2569; x_wconf 82' lang='lat' dir='ltr'>ait:</span> <span class='ocrx_word' id='word_1_156' title='bbox 541 2510 633 2569; x_wconf 83' lang='lat' dir='ltr'>An</span> <span class='ocrx_word' id='word_1_157' title='bbox 679 2508 830 2589; x_wconf 80' lang='lat' dir='ltr'>frugi</span> <span class='ocrx_word' id='word_1_158' title='bbox 874 2518 935 2570; x_wconf 89' lang='lat' dir='ltr'>et</span> <span class='ocrx_word' id='word_1_159' title='bbox 977 2510 1184 2570; x_wconf 80' lang='lat' dir='ltr'>sobriis</span> <span class='ocrx_word' id='word_1_160' title='bbox 1228 2509 1491 2570; x_wconf 83' lang='lat' dir='ltr'>affinibus</span> <span class='ocrx_word' id='word_1_161' title='bbox 1534 2509 1629 2570; x_wconf 90' lang='lat' dir='ltr'>vel</span> <span class='ocrx_word' id='word_1_162' title='bbox 1671 2510 1929 2588; x_wconf 80' lang='lat' dir='ltr'>cognatis</span> <span class='ocrx_word' id='word_1_163' title='bbox 1958 2509 2282 2589; x_wconf 78' lang='lat' dir='ltr'>turpissime</span> 
     </span>
     <span class='ocr_line' id='line_1_24' title="bbox 246 2593 1032 2655; baseline -0.001 0"><span class='ocrx_word' id='word_1_164' title='bbox 246 2597 443 2655; x_wconf 82' lang='lat' dir='ltr'>vivens</span> <span class='ocrx_word' id='word_1_165' title='bbox 474 2593 725 2655; x_wconf 87' lang='lat' dir='ltr'>dedecus</span> <span class='ocrx_word' id='word_1_166' title='bbox 755 2595 1032 2655; x_wconf 66' lang='lat' dir='ltr'>afferam?</span> 
     </span>
    </p>
   </div>
   <div class='ocr_carea' id='block_1_6' title="bbox 248 2711 2286 2957">
    <p class='ocr_par' dir='ltr' id='par_1_8' title="bbox 248 2711 2286 2957">
     <span class='ocr_line' id='line_1_25' title="bbox 425 2711 2286 2792; baseline -0.003 -16"><span class='ocrx_word' id='word_1_167' title='bbox 425 2717 564 2777; x_wconf 75' lang='grc'><strong>164.</strong></span> <span class='ocrx_word' id='word_1_168' title='bbox 606 2717 710 2774; x_wconf 80' lang='lat' dir='ltr'>An</span> <span class='ocrx_word' id='word_1_169' title='bbox 739 2733 860 2773; x_wconf 85' lang='lat' dir='ltr'>rem</span> <span class='ocrx_word' id='word_1_170' title='bbox 878 2714 1145 2792; x_wconf 77' lang='lat' dir='ltr'>patriam</span> <span class='ocrx_word' id='word_1_171' title='bbox 1164 2756 1183 2785; x_wconf 90' lang='lat'>,</span> <span class='ocrx_word' id='word_1_172' title='bbox 1230 2732 1303 2772; x_wconf 80' lang='lat' dir='ltr'>an</span> <span class='ocrx_word' id='word_1_173' title='bbox 1333 2711 1481 2773; x_wconf 83' lang='lat' dir='ltr'>mala</span> <span class='ocrx_word' id='word_1_174' title='bbox 1505 2723 1567 2772; x_wconf 88' lang='lat' dir='ltr'>et</span> <span class='ocrx_word' id='word_1_175' title='bbox 1595 2712 1788 2781; x_wconf 80' lang='lat' dir='ltr'>infami</span> <span class='ocrx_word' id='word_1_176' title='bbox 1819 2713 2084 2791; x_wconf 86' lang='lat' dir='ltr'>opinione</span> <span class='ocrx_word' id='word_1_177' title='bbox 2113 2712 2286 2771; x_wconf 88' lang='lat' dir='ltr'>here-</span> 
     </span>
     <span class='ocr_line' id='line_1_26' title="bbox 248 2796 2286 2879; baseline -0.001 -20"><span class='ocrx_word' id='word_1_178' title='bbox 248 2796 479 2860; x_wconf 84' lang='lat' dir='ltr'>ditatem</span> <span class='ocrx_word' id='word_1_179' title='bbox 519 2798 652 2857; x_wconf 89' lang='lat' dir='ltr'>mihi</span> <span class='ocrx_word' id='word_1_180' title='bbox 696 2818 732 2857; x_wconf 84' lang='lat' dir='ltr'>a</span> <span class='ocrx_word' id='word_1_181' title='bbox 773 2809 937 2879; x_wconf 86' lang='lat' dir='ltr'>patre</span> <span class='ocrx_word' id='word_1_182' title='bbox 983 2796 1277 2857; x_wconf 86' lang='lat' dir='ltr'>diminuam</span> <span class='ocrx_word' id='word_1_183' title='bbox 1300 2802 1360 2872; x_wconf 79' lang='lat'>³,</span> <span class='ocrx_word' id='word_1_184' title='bbox 1415 2796 1543 2858; x_wconf 89' lang='lat' dir='ltr'>dum</span> <span class='ocrx_word' id='word_1_185' title='bbox 1586 2807 1720 2859; x_wconf 81' lang='lat' dir='ltr'>ante</span> <span class='ocrx_word' id='word_1_186' title='bbox 1765 2799 1924 2858; x_wconf 73' lang='lat' dir='ltr'>fores</span> <span class='ocrx_word' id='word_1_187' title='bbox 1967 2797 2286 2857; x_wconf 86' lang='lat' dir='ltr'>meretricis</span> 
     </span>
     <span class='ocr_line' id='line_1_27' title="bbox 248 2883 1264 2957; baseline -0.005 -10"><span class='ocrx_word' id='word_1_188' title='bbox 248 2885 473 2957; x_wconf 86' lang='lat' dir='ltr'>ebrius,</span> <span class='ocrx_word' id='word_1_189' title='bbox 506 2885 770 2944; x_wconf 80' lang='lat' dir='ltr'>extinctis</span> <span class='ocrx_word' id='word_1_190' title='bbox 802 2883 1024 2944; x_wconf 79' lang='lat' dir='ltr'>facibus</span> <span class='ocrx_word' id='word_1_191' title='bbox 1054 2887 1264 2943; x_wconf 71' lang='lat' dir='ltr'>canto?</span> 
     </span>
    </p>
   </div>
   <div class='ocr_carea' id='block_1_7' title="bbox 249 2983 2288 3238">
    <p class='ocr_par' dir='ltr' id='par_1_9' title="bbox 249 2983 2288 3238">
     <span class='ocr_line' id='line_1_28' title="bbox 424 2983 2288 3067; baseline -0.004 -17"><span class='ocrx_word' id='word_1_192' title='bbox 424 2990 567 3050; x_wconf 85' lang='lat'><strong>165.</strong></span> <span class='ocrx_word' id='word_1_193' title='bbox 598 2985 1096 3065; x_wconf 73' lang='lat' dir='ltr'>*Udassores</span> <span class='ocrx_word' id='word_1_194' title='bbox 1136 2983 1355 3058; x_wconf 83' lang='lat' dir='ltr'>dixit,</span> <span class='ocrx_word' id='word_1_195' title='bbox 1400 3004 1584 3067; x_wconf 81' lang='lat' dir='ltr'>quas</span> <span class='ocrx_word' id='word_1_196' title='bbox 1628 2993 1995 3045; x_wconf 82' lang='lat' dir='ltr'>amatores</span> <span class='ocrx_word' id='word_1_197' title='bbox 2038 2983 2288 3045; x_wconf 84' lang='lat' dir='ltr'>solent</span> 
     </span>
     <span class='ocr_line' id='line_1_29' title="bbox 250 3068 2286 3153; baseline -0.001 -20"><span class='ocrx_word' id='word_1_198' title='bbox 250 3084 636 3152; x_wconf 88' lang='lat' dir='ltr'>unguento</span> <span class='ocrx_word' id='word_1_199' title='bbox 706 3068 1216 3153; x_wconf 72' lang='lat' dir='ltr'>perfundere,</span> <span class='ocrx_word' id='word_1_200' title='bbox 1300 3081 1378 3133; x_wconf 83' lang='lat' dir='ltr'>et</span> <span class='ocrx_word' id='word_1_201' title='bbox 1447 3081 1616 3131; x_wconf 83' lang='lat' dir='ltr'>ante</span> <span class='ocrx_word' id='word_1_202' title='bbox 1684 3071 1979 3130; x_wconf 86' lang='lat' dir='ltr'>ianuam</span> <span class='ocrx_word' id='word_1_203' title='bbox 2038 3088 2286 3130; x_wconf 79' lang='lat' dir='ltr'>earnm</span> 
     </span>
     <span class='ocr_line' id='line_1_30' title="bbox 249 3155 1828 3238; baseline -0.003 -18"><span class='ocrx_word' id='word_1_204' title='bbox 249 3169 543 3220; x_wconf 88' lang='lat' dir='ltr'>noctem</span> <span class='ocrx_word' id='word_1_205' title='bbox 583 3159 882 3238; x_wconf 85' lang='lat' dir='ltr'>vigiliis</span> <span class='ocrx_word' id='word_1_206' title='bbox 930 3168 1004 3219; x_wconf 91' lang='lat' dir='ltr'>et</span> <span class='ocrx_word' id='word_1_207' title='bbox 1042 3167 1262 3218; x_wconf 86' lang='lat' dir='ltr'>cantu</span> <span class='ocrx_word' id='word_1_208' title='bbox 1319 3155 1828 3235; x_wconf 77' lang='lat' dir='ltr'>transigere.*</span> 
     </span>
    </p>
   </div>
   <div class='ocr_carea' id='block_1_8' title="bbox 246 3254 2324 3597">
    <p class='ocr_par' dir='ltr' id='par_1_10' title="bbox 246 3254 2324 3597">
     <span class='ocr_line' id='line_1_31' title="bbox 422 3254 2324 3339; baseline -0.004 -15"><span class='ocrx_word' id='word_1_209' title='bbox 422 3264 564 3324; x_wconf 90' lang='grc'><strong>167.</strong></span> <span class='ocrx_word' id='word_1_210' title='bbox 610 3262 781 3339; x_wconf 80' lang='lat' dir='ltr'>Euge</span> <span class='ocrx_word' id='word_1_211' title='bbox 805 3280 964 3339; x_wconf 83' lang='lat' dir='ltr'>puer</span> <span class='ocrx_word' id='word_1_212' title='bbox 984 3262 1212 3339; x_wconf 74' lang='lat' dir='ltr'>sapias.</span> <span class='ocrx_word' id='word_1_213' title='bbox 1268 3257 1393 3319; x_wconf 82' lang='lat' dir='ltr'>Hoc</span> <span class='ocrx_word' id='word_1_214' title='bbox 1423 3270 1552 3318; x_wconf 82' lang='lat' dir='ltr'>est=</span> <span class='ocrx_word' id='word_1_215' title='bbox 1596 3259 1855 3318; x_wconf 81' lang='lat' dir='ltr'>sacrifica</span> <span class='ocrx_word' id='word_1_216' title='bbox 1884 3255 1993 3318; x_wconf 89' lang='lat' dir='ltr'>diis</span> <span class='ocrx_word' id='word_1_217' title='bbox 2021 3254 2287 3337; x_wconf 84' lang='lat' dir='ltr'>depulso·</span> <span class='ocrx_word' id='word_1_218' title='bbox 2317 3281 2324 3287; x_wconf 95' lang='lat'>·</span> 
     </span>
     <span class='ocr_line' id='line_1_32' title="bbox 246 3342 2288 3426; baseline -0.002 -20"><span class='ocrx_word' id='word_1_219' title='bbox 246 3345 438 3419; x_wconf 85' lang='lat' dir='ltr'>ribus,</span> <span class='ocrx_word' id='word_1_220' title='bbox 481 3347 573 3426; x_wconf 89' lang='lat' dir='ltr'>qui</span> <span class='ocrx_word' id='word_1_221' title='bbox 601 3356 660 3406; x_wconf 89' lang='lat' dir='ltr'>te</span> <span class='ocrx_word' id='word_1_222' title='bbox 690 3343 821 3407; x_wconf 89' lang='lat' dir='ltr'>inde</span> <span class='ocrx_word' id='word_1_223' title='bbox 851 3343 1171 3425; x_wconf 87' lang='lat' dir='ltr'>depellunt,</span> <span class='ocrx_word' id='word_1_224' title='bbox 1223 3345 1316 3404; x_wconf 90' lang='lat' dir='ltr'>vel</span> <span class='ocrx_word' id='word_1_225' title='bbox 1344 3356 1471 3405; x_wconf 83' lang='lat' dir='ltr'>arte</span> <span class='ocrx_word' id='word_1_226' title='bbox 1502 3344 1649 3403; x_wconf 82' lang='lat' dir='ltr'>mala</span> <span class='ocrx_word' id='word_1_227' title='bbox 1678 3354 1989 3417; x_wconf 81' lang='lat' dir='ltr'>coercent3</span> <span class='ocrx_word' id='word_1_228' title='bbox 2039 3354 2138 3402; x_wconf 87' lang='lat' dir='ltr'>aut</span> <span class='ocrx_word' id='word_1_229' title='bbox 2178 3342 2288 3401; x_wconf 90' lang='lat' dir='ltr'>hoc</span> 
     </span>
     <span class='ocr_line' id='line_1_33' title="bbox 246 3426 2288 3511; baseline -0.002 -19"><span class='ocrx_word' id='word_1_230' title='bbox 246 3431 487 3511; x_wconf 84' lang='lat' dir='ltr'>intelligi</span> <span class='ocrx_word' id='word_1_231' title='bbox 530 3441 757 3510; x_wconf 76' lang='lat' dir='ltr'>potest:</span> <span class='ocrx_word' id='word_1_232' title='bbox 817 3429 941 3491; x_wconf 82' lang='lat' dir='ltr'>Diis</span> <span class='ocrx_word' id='word_1_233' title='bbox 984 3431 1279 3501; x_wconf 85' lang='lat' dir='ltr'>sacrifiea,</span> <span class='ocrx_word' id='word_1_234' title='bbox 1324 3450 1451 3490; x_wconf 87' lang='lat' dir='ltr'>cnm</span> <span class='ocrx_word' id='word_1_235' title='bbox 1495 3440 1555 3490; x_wconf 91' lang='lat' dir='ltr'>te</span> <span class='ocrx_word' id='word_1_236' title='bbox 1599 3427 1677 3489; x_wconf 89' lang='lat' dir='ltr'>dii</span> <span class='ocrx_word' id='word_1_237' title='bbox 1724 3428 2017 3509; x_wconf 84' lang='lat' dir='ltr'>depellant</span> <span class='ocrx_word' id='word_1_238' title='bbox 2057 3427 2129 3489; x_wconf 90' lang='lat' dir='ltr'>ab</span> <span class='ocrx_word' id='word_1_239' title='bbox 2176 3426 2288 3488; x_wconf 86' lang='lat' dir='ltr'>boe</span> 
     </span>
     <span class='ocr_line' id='line_1_34' title="bbox 246 3515 1380 3597; baseline -0.001 -21"><span class='ocrx_word' id='word_1_240' title='bbox 246 3518 398 3597; x_wconf 84' lang='lat' dir='ltr'>turpi</span> <span class='ocrx_word' id='word_1_241' title='bbox 426 3527 488 3577; x_wconf 92' lang='lat' dir='ltr'>et</span> <span class='ocrx_word' id='word_1_242' title='bbox 515 3515 786 3576; x_wconf 82' lang='lat' dir='ltr'>damnoso</span> <span class='ocrx_word' id='word_1_243' title='bbox 816 3534 1008 3576; x_wconf 86' lang='lat' dir='ltr'>amore</span> <span class='ocrx_word' id='word_1_244' title='bbox 1041 3516 1380 3576; x_wconf 88' lang='lat' dir='ltr'>meretricis.</span> 
     </span>
    </p>
   </div>
   <div class='ocr_carea' id='block_1_9' title="bbox 422 3614 2290 3697">
    <p class='ocr_par' dir='ltr' id='par_1_11' title="bbox 422 3614 2290 3697">
     <span class='ocr_line' id='line_1_35' title="bbox 422 3614 2290 3697; baseline -0.004 -14"><span class='ocrx_word' id='word_1_245' title='bbox 422 3623 568 3683; x_wconf 87' lang='lat'><strong>168.</strong></span> <span class='ocrx_word' id='word_1_246' title='bbox 616 3620 741 3679; x_wconf 80' lang='lat' dir='ltr'>Sed</span> <span class='ocrx_word' id='word_1_247' title='bbox 786 3617 1014 3679; x_wconf 82' lang='lat' dir='ltr'>censen’</span> <span class='ocrx_word' id='word_1_248' title='bbox 1049 3618 1336 3697; x_wconf 81' lang='lat' dir='ltr'>plorabit.</span> <span class='ocrx_word' id='word_1_249' title='bbox 1396 3615 1797 3678; x_wconf 82' lang='lat' dir='ltr'>Adolescentis</span> <span class='ocrx_word' id='word_1_250' title='bbox 1839 3615 2016 3678; x_wconf 87' lang='lat' dir='ltr'>verba</span> <span class='ocrx_word' id='word_1_251' title='bbox 2058 3614 2290 3677; x_wconf 86' lang='lat' dir='ltr'>suntad</span> 
     </span>
    </p>
   </div>
   <div class='ocr_carea' id='block_1_10' title="bbox 246 3700 2288 3873">
    <p class='ocr_par' dir='ltr' id='par_1_12' title="bbox 246 3700 2288 3873">
     <span class='ocr_line' id='line_1_36' title="bbox 246 3700 2288 3783; baseline -0.001 -18"><span class='ocrx_word' id='word_1_252' title='bbox 246 3724 506 3778; x_wconf 83' lang='lat' dir='ltr'>servum3</span> <span class='ocrx_word' id='word_1_253' title='bbox 564 3716 626 3766; x_wconf 89' lang='lat' dir='ltr'>et</span> <span class='ocrx_word' id='word_1_254' title='bbox 661 3704 774 3765; x_wconf 88' lang='lat' dir='ltr'>hoc</span> <span class='ocrx_word' id='word_1_255' title='bbox 815 3702 984 3763; x_wconf 82' lang='lat' dir='ltr'>dicit:</span> <span class='ocrx_word' id='word_1_256' title='bbox 1028 3701 1330 3765; x_wconf 82' lang='lat' dir='ltr'>Deliberas</span> <span class='ocrx_word' id='word_1_257' title='bbox 1372 3714 1472 3765; x_wconf 87' lang='lat' dir='ltr'>ant</span> <span class='ocrx_word' id='word_1_258' title='bbox 1515 3713 1676 3765; x_wconf 89' lang='lat' dir='ltr'>certe</span> <span class='ocrx_word' id='word_1_259' title='bbox 1707 3700 1932 3777; x_wconf 87' lang='lat' dir='ltr'>eredis,</span> <span class='ocrx_word' id='word_1_260' title='bbox 1976 3702 2106 3783; x_wconf 78' lang='lat' dir='ltr'>qnia</span> <span class='ocrx_word' id='word_1_261' title='bbox 2135 3723 2169 3763; x_wconf 83' lang='lat' dir='ltr'>a</span> <span class='ocrx_word' id='word_1_262' title='bbox 2200 3720 2288 3762; x_wconf 90' lang='lat' dir='ltr'>me</span> 
     </span>
     <span class='ocr_line' id='line_1_37' title="bbox 249 3787 1179 3873; baseline -0.002 -23"><span class='ocrx_word' id='word_1_263' title='bbox 249 3790 484 3873; x_wconf 83' lang='lat' dir='ltr'>Chrysis</span> <span class='ocrx_word' id='word_1_264' title='bbox 515 3791 718 3852; x_wconf 89' lang='lat' dir='ltr'>relicta</span> <span class='ocrx_word' id='word_1_265' title='bbox 745 3810 858 3850; x_wconf 91' lang='lat' dir='ltr'>non</span> <span class='ocrx_word' id='word_1_266' title='bbox 889 3787 1179 3871; x_wconf 72' lang='lat' dir='ltr'>plorabit?</span> 
     </span>
    </p>
   </div>
   <div class='ocr_carea' id='block_1_11' title="bbox 245 3975 1048 4181">
    <p class='ocr_par' dir='ltr' id='par_1_13' title="bbox 245 3975 1048 4181">
     <span class='ocr_line' id='line_1_38' title="bbox 251 3975 1048 4044; baseline -0.004 -15"><span class='ocrx_word' id='word_1_267' title='bbox 251 3976 277 4029; x_wconf 82' lang='lat'>1</span> <span class='ocrx_word' id='word_1_268' title='bbox 315 3975 440 4028; x_wconf 78' lang='lat' dir='ltr'>Hor.</span> <span class='ocrx_word' id='word_1_269' title='bbox 481 3985 585 4029; x_wconf 83' lang='lat' dir='ltr'>sat.</span> <span class='ocrx_word' id='word_1_270' title='bbox 621 3976 688 4041; x_wconf 86' lang='lat'>11,</span> <span class='ocrx_word' id='word_1_271' title='bbox 725 3977 780 4041; x_wconf 79' lang='lat'>3,</span> <span class='ocrx_word' id='word_1_272' title='bbox 815 3976 918 4031; x_wconf 77' lang='lat'>259</span> <span class='ocrx_word' id='word_1_273' title='bbox 939 3989 1048 4044; x_wconf 81' lang='lat' dir='ltr'>sqq.</span> 
     </span>
     <span class='ocr_line' id='line_1_39' title="bbox 245 4044 875 4111; baseline -0.008 -9"><span class='ocrx_word' id='word_1_274' title='bbox 245 4047 282 4102; x_wconf 77' lang='lat'><em>2</em></span> <span class='ocrx_word' id='word_1_275' title='bbox 315 4044 437 4097; x_wconf 82' lang='lat' dir='ltr'>Ter.</span> <span class='ocrx_word' id='word_1_276' title='bbox 476 4045 611 4097; x_wconf 83' lang='lat' dir='ltr'>Eun.</span> <span class='ocrx_word' id='word_1_277' title='bbox 650 4045 694 4110; x_wconf 87' lang='lat'>1,</span> <span class='ocrx_word' id='word_1_278' title='bbox 733 4047 787 4111; x_wconf 82' lang='lat'>1,</span> <span class='ocrx_word' id='word_1_279' title='bbox 825 4045 875 4100; x_wconf 86' lang='lat'>¹.</span> 
     </span>
     <span class='ocr_line' id='line_1_40' title="bbox 246 4113 772 4181; baseline 0 -14"><span class='ocrx_word' id='word_1_280' title='bbox 246 4114 278 4167; x_wconf 78' lang='lat'><strong>3</strong></span> <span class='ocrx_word' id='word_1_281' title='bbox 313 4113 593 4166; x_wconf 70' lang='lat' dir='ltr'>dimissam</span> <span class='ocrx_word' id='word_1_282' title='bbox 624 4116 772 4181; x_wconf 67' lang='lat' dir='ltr'>vulg.</span> 
     </span>
    </p>
   </div>
   <div class='ocr_carea' id='block_1_12' title="bbox 334 4185 1873 4247">
    <p class='ocr_par' dir='ltr' id='par_1_14' title="bbox 334 4185 1873 4247">
     <span class='ocr_line' id='line_1_41' title="bbox 334 4185 1873 4247; baseline 0.001 -3"><span class='ocrx_word' id='word_1_283' title='bbox 334 4203 571 4247; x_wconf 72' lang='lat' dir='ltr'>nasius.</span> <span class='ocrx_word' id='word_1_284' title='bbox 1789 4185 1873 4246; x_wconf 80' lang='lat'>22</span> 
     </span>
    </p>
   </div>
  </div>
 </body>
</html>
