<?xml version="1.0" encoding="UTF-8"?>
<!DOCTYPE html PUBLIC "-//W3C//DTD XHTML 1.0 Transitional//EN"
    "http://www.w3.org/TR/xhtml1/DTD/xhtml1-transitional.dtd">
<html xmlns="http://www.w3.org/1999/xhtml" xml:lang="en" lang="en">
 <head>
  <title>
</title>
<meta http-equiv="Content-Type" content="text/html;charset=utf-8" />
  <meta name='ocr-system' content='tesseract 3.04.00' />
  <meta name='ocr-capabilities' content='ocr_page ocr_carea ocr_par ocr_line ocrx_word'/>
</head>
<body>
  <div class='ocr_page' id='page_1' title='image "./satirarumliberc01jahngoog_0339.png"; bbox 0 0 2764 4738; ppageno 0'>
   <div class='ocr_carea' id='block_1_1' title="bbox 494 373 1828 450">
    <p class='ocr_par' dir='ltr' id='par_1_1' title="bbox 494 373 1828 450">
     <span class='ocr_line' id='line_1_1' title="bbox 494 373 1828 450; baseline -0.002 -11"><span class='ocrx_word' id='word_1_1' title='bbox 494 373 618 442; x_wconf 83' lang='lat'>1⁰8</span> <span class='ocrx_word' id='word_1_2' title='bbox 1189 376 1358 439; x_wconf 82' lang='lat' dir='ltr'>SAT.</span> <span class='ocrx_word' id='word_1_3' title='bbox 1391 378 1436 450; x_wconf 88' lang='lat'>1,</span> <span class='ocrx_word' id='word_1_4' title='bbox 1462 381 1545 442; x_wconf 78' lang='lat'>92</span> <span class='ocrx_word' id='word_1_5' title='bbox 1572 412 1656 423; x_wconf 93' lang='lat'>—-</span> <span class='ocrx_word' id='word_1_6' title='bbox 1686 381 1828 442; x_wconf 88' lang='grc'><strong>106.</strong></span> 
     </span>
    </p>
   </div>
   <div class='ocr_carea' id='block_1_2' title="bbox 485 544 2558 4127">
    <p class='ocr_par' dir='ltr' id='par_1_2' title="bbox 485 544 2558 4127">
     <span class='ocr_line' id='line_1_2' title="bbox 490 544 2547 628; baseline -0.001 -21"><span class='ocrx_word' id='word_1_7' title='bbox 490 559 662 628; x_wconf 88' lang='lat' dir='ltr'>caput</span> <span class='ocrx_word' id='word_1_8' title='bbox 685 548 984 618; x_wconf 75' lang='lat' dir='ltr'>scaberet,</span> <span class='ocrx_word' id='word_1_9' title='bbox 1027 551 1187 608; x_wconf 79' lang='lat' dir='ltr'>vinos</span> <span class='ocrx_word' id='word_1_10' title='bbox 1219 559 1284 608; x_wconf 82' lang='lat' dir='ltr'>et</span> <span class='ocrx_word' id='word_1_11' title='bbox 1307 551 1555 608; x_wconf 81' lang='lat' dir='ltr'>roderet</span> <span class='ocrx_word' id='word_1_12' title='bbox 1579 567 1823 627; x_wconf 77' lang='lat' dir='ltr'>ungues.</span> <span class='ocrx_word' id='word_1_13' title='bbox 1889 545 2091 606; x_wconf 89' lang='lat' dir='ltr'>Sidon.</span> <span class='ocrx_word' id='word_1_14' title='bbox 2122 544 2312 624; x_wconf 87' lang='lat' dir='ltr'>Apoll.</span> <span class='ocrx_word' id='word_1_15' title='bbox 2352 566 2547 606; x_wconf 73' lang='lat' dir='ltr'>carm.</span> 
     </span>
     <span class='ocr_line' id='line_1_3' title="bbox 487 631 2549 713; baseline -0.002 -19"><span class='ocrx_word' id='word_1_16' title='bbox 487 632 559 706; x_wconf 85' lang='lat'>11,</span> <span class='ocrx_word' id='word_1_17' title='bbox 594 638 744 697; x_wconf 85' lang='lat'><strong>170:</strong></span> <span class='ocrx_word' id='word_1_18' title='bbox 776 636 1008 693; x_wconf 82' lang='lat' dir='ltr'>Arroso</span> <span class='ocrx_word' id='word_1_19' title='bbox 1032 632 1292 713; x_wconf 89' lang='lat' dir='ltr'>quicquid</span> <span class='ocrx_word' id='word_1_20' title='bbox 1319 636 1472 713; x_wconf 87' lang='lat' dir='ltr'>sapit</span> <span class='ocrx_word' id='word_1_21' title='bbox 1501 654 1698 712; x_wconf 77' lang='lat' dir='ltr'>ungue</span> <span class='ocrx_word' id='word_1_22' title='bbox 1714 632 2055 702; x_wconf 82' lang='lat' dir='ltr'>Cleanthes;</span> <span class='ocrx_word' id='word_1_23' title='bbox 2089 632 2168 692; x_wconf 78' lang='lat' dir='ltr'>cf.</span> <span class='ocrx_word' id='word_1_24' title='bbox 2199 650 2329 710; x_wconf 89' lang='lat' dir='ltr'>epp.</span> <span class='ocrx_word' id='word_1_25' title='bbox 2348 631 2461 702; x_wconf 83' lang='lat' dir='ltr'>lx,</span> <span class='ocrx_word' id='word_1_26' title='bbox 2481 637 2549 695; x_wconf 95' lang='grc'>9.</span> 
     </span>
     <span class='ocr_line' id='line_1_4' title="bbox 485 717 2551 798; baseline -0.001 -19"><span class='ocrx_word' id='word_1_27' title='bbox 485 721 604 779; x_wconf 79' lang='lat' dir='ltr'>Aut</span> <span class='ocrx_word' id='word_1_28' title='bbox 633 718 703 778; x_wconf 90' lang='lat' dir='ltr'>de</span> <span class='ocrx_word' id='word_1_29' title='bbox 735 739 805 778; x_wconf 91' lang='lat' dir='ltr'>eo</span> <span class='ocrx_word' id='word_1_30' title='bbox 834 717 1058 790; x_wconf 90' lang='lat' dir='ltr'>dicitur,</span> <span class='ocrx_word' id='word_1_31' title='bbox 1092 720 1184 798; x_wconf 92' lang='lat' dir='ltr'>qui</span> <span class='ocrx_word' id='word_1_32' title='bbox 1222 721 1393 779; x_wconf 91' lang='lat' dir='ltr'>nimio</span> <span class='ocrx_word' id='word_1_33' title='bbox 1424 721 1592 778; x_wconf 85' lang='lat' dir='ltr'>animi</span> <span class='ocrx_word' id='word_1_34' title='bbox 1623 722 1830 798; x_wconf 89' lang='lat' dir='ltr'>impetu</span> <span class='ocrx_word' id='word_1_35' title='bbox 1860 717 2139 787; x_wconf 87' lang='lat' dir='ltr'>turbatur,</span> <span class='ocrx_word' id='word_1_36' title='bbox 2190 720 2551 795; x_wconf 86' lang='lat' dir='ltr'>praesertim</span> 
     </span>
     <span class='ocr_line' id='line_1_5' title="bbox 486 800 2553 884; baseline -0.001 -21"><span class='ocrx_word' id='word_1_37' title='bbox 486 806 779 884; x_wconf 76' lang='lat' dir='ltr'>zelotypia</span> <span class='ocrx_word' id='word_1_38' title='bbox 806 811 885 879; x_wconf 82' lang='lat' dir='ltr'>(v.</span> <span class='ocrx_word' id='word_1_39' title='bbox 923 803 995 875; x_wconf 84' lang='lat' dir='ltr'>V,</span> <span class='ocrx_word' id='word_1_40' title='bbox 1037 808 1157 866; x_wconf 82' lang='lat'>162</span> <span class='ocrx_word' id='word_1_41' title='bbox 1205 824 1291 883; x_wconf 92' lang='lat' dir='ltr'>sq.</span> <span class='ocrx_word' id='word_1_42' title='bbox 1334 804 1653 864; x_wconf 83' lang='lat' dir='ltr'>Mitscberl.</span> <span class='ocrx_word' id='word_1_43' title='bbox 1696 801 1766 863; x_wconf 87' lang='lat' dir='ltr'>ad</span> <span class='ocrx_word' id='word_1_44' title='bbox 1796 802 1933 861; x_wconf 86' lang='lat' dir='ltr'>Hor.</span> <span class='ocrx_word' id='word_1_45' title='bbox 1965 800 2133 882; x_wconf 88' lang='lat' dir='ltr'>epod.</span> <span class='ocrx_word' id='word_1_46' title='bbox 2166 800 2240 875; x_wconf 84' lang='lat' dir='ltr'>V,</span> <span class='ocrx_word' id='word_1_47' title='bbox 2290 807 2426 875; x_wconf 77' lang='grc'><strong>47).</strong></span> <span class='ocrx_word' id='word_1_48' title='bbox 2458 837 2553 848; x_wconf 91' lang='grc'>--</span> 
     </span>
     <span class='ocr_line' id='line_1_6' title="bbox 487 885 2551 968; baseline -0.002 -19"><span class='ocrx_word' id='word_1_49' title='bbox 487 890 576 949; x_wconf 89' lang='lat' dir='ltr'>De</span> <span class='ocrx_word' id='word_1_50' title='bbox 609 901 726 948; x_wconf 89' lang='lat' dir='ltr'>toto</span> <span class='ocrx_word' id='word_1_51' title='bbox 754 889 862 948; x_wconf 88' lang='lat' dir='ltr'>boc</span> <span class='ocrx_word' id='word_1_52' title='bbox 894 889 1041 960; x_wconf 82' lang='lat' dir='ltr'>loco,</span> <span class='ocrx_word' id='word_1_53' title='bbox 1073 891 1320 967; x_wconf 77' lang='lat' dir='ltr'>inprimis</span> <span class='ocrx_word' id='word_1_54' title='bbox 1342 888 1415 950; x_wconf 89' lang='lat' dir='ltr'>de</span> <span class='ocrx_word' id='word_1_55' title='bbox 1446 890 1707 949; x_wconf 87' lang='lat' dir='ltr'>versibus</span> <span class='ocrx_word' id='word_1_56' title='bbox 1737 908 1771 947; x_wconf 89' lang='lat' dir='ltr'>a</span> <span class='ocrx_word' id='word_1_57' title='bbox 1801 887 1999 947; x_wconf 86' lang='lat' dir='ltr'>Persio</span> <span class='ocrx_word' id='word_1_58' title='bbox 2032 885 2238 959; x_wconf 89' lang='lat' dir='ltr'>allatis,</span> <span class='ocrx_word' id='word_1_59' title='bbox 2269 886 2551 968; x_wconf 79' lang='lat' dir='ltr'>quidnam</span> 
     </span>
     <span class='ocr_line' id='line_1_7' title="bbox 489 972 2552 1056; baseline 0 -24"><span class='ocrx_word' id='word_1_60' title='bbox 489 977 547 1033; x_wconf 89' lang='lat' dir='ltr'>in</span> <span class='ocrx_word' id='word_1_61' title='bbox 577 976 646 1034; x_wconf 90' lang='lat' dir='ltr'>iis</span> <span class='ocrx_word' id='word_1_62' title='bbox 680 972 1103 1052; x_wconf 86' lang='lat' dir='ltr'>vituperandum</span> <span class='ocrx_word' id='word_1_63' title='bbox 1143 976 1235 1046; x_wconf 86' lang='lat' dir='ltr'>sit,</span> <span class='ocrx_word' id='word_1_64' title='bbox 1268 996 1303 1034; x_wconf 83' lang='lat' dir='ltr'>a</span> <span class='ocrx_word' id='word_1_65' title='bbox 1333 995 1573 1056; x_wconf 84' lang='lat' dir='ltr'>quonam</span> <span class='ocrx_word' id='word_1_66' title='bbox 1600 974 1798 1052; x_wconf 89' lang='lat' dir='ltr'>scripti</span> <span class='ocrx_word' id='word_1_67' title='bbox 1819 975 1949 1044; x_wconf 81' lang='lat' dir='ltr'>sint,</span> <span class='ocrx_word' id='word_1_68' title='bbox 1978 973 2147 1032; x_wconf 85' lang='lat' dir='ltr'>multa</span> <span class='ocrx_word' id='word_1_69' title='bbox 2172 974 2228 1031; x_wconf 92' lang='lat' dir='ltr'>in</span> <span class='ocrx_word' id='word_1_70' title='bbox 2274 974 2552 1033; x_wconf 79' lang='lat' dir='ltr'>diversas</span> 
     </span>
     <span class='ocr_line' id='line_1_8' title="bbox 489 1056 2552 1140; baseline -0.001 -21"><span class='ocrx_word' id='word_1_71' title='bbox 489 1071 682 1139; x_wconf 86' lang='lat' dir='ltr'>partes</span> <span class='ocrx_word' id='word_1_72' title='bbox 718 1080 754 1118; x_wconf 85' lang='lat' dir='ltr'>a</span> <span class='ocrx_word' id='word_1_73' title='bbox 779 1059 906 1118; x_wconf 87' lang='lat' dir='ltr'>VV.</span> <span class='ocrx_word' id='word_1_74' title='bbox 935 1058 1061 1120; x_wconf 93' lang='lat' dir='ltr'>DD.</span> <span class='ocrx_word' id='word_1_75' title='bbox 1096 1058 1376 1140; x_wconf 80' lang='lat' dir='ltr'>disputata</span> <span class='ocrx_word' id='word_1_76' title='bbox 1407 1071 1554 1120; x_wconf 87' lang='lat' dir='ltr'>sunt.</span> <span class='ocrx_word' id='word_1_77' title='bbox 1602 1060 1691 1118; x_wconf 79' lang='lat' dir='ltr'>Cf.</span> <span class='ocrx_word' id='word_1_78' title='bbox 1721 1056 1914 1119; x_wconf 88' lang='lat' dir='ltr'>lacobi</span> <span class='ocrx_word' id='word_1_79' title='bbox 1943 1078 1976 1117; x_wconf 90' lang='lat' dir='ltr'>a</span> <span class='ocrx_word' id='word_1_80' title='bbox 2009 1058 2193 1117; x_wconf 89' lang='lat' dir='ltr'>Cruce</span> <span class='ocrx_word' id='word_1_81' title='bbox 2227 1069 2454 1117; x_wconf 79' lang='lat' dir='ltr'>annott.</span> <span class='ocrx_word' id='word_1_82' title='bbox 2488 1060 2552 1117; x_wconf 85' lang='lat' dir='ltr'>in</span> 
     </span>
     <span class='ocr_line' id='line_1_9' title="bbox 492 1143 2555 1226; baseline -0.001 -22"><span class='ocrx_word' id='word_1_83' title='bbox 492 1145 721 1204; x_wconf 86' lang='lat' dir='ltr'>Gruteri</span> <span class='ocrx_word' id='word_1_84' title='bbox 751 1146 897 1204; x_wconf 88' lang='lat' dir='ltr'>thes.</span> <span class='ocrx_word' id='word_1_85' title='bbox 928 1146 1054 1203; x_wconf 88' lang='lat' dir='ltr'>crit.</span> <span class='ocrx_word' id='word_1_86' title='bbox 1087 1145 1113 1205; x_wconf 95' lang='lat'>1</span> <span class='ocrx_word' id='word_1_87' title='bbox 1141 1165 1196 1224; x_wconf 91' lang='lat' dir='ltr'>p.</span> <span class='ocrx_word' id='word_1_88' title='bbox 1232 1149 1358 1207; x_wconf 89' lang='grc'><strong>667</strong></span> <span class='ocrx_word' id='word_1_89' title='bbox 1389 1166 1514 1226; x_wconf 85' lang='lat' dir='ltr'>sqq.</span> <span class='ocrx_word' id='word_1_90' title='bbox 1562 1146 1904 1222; x_wconf 79' lang='lat' dir='ltr'>Breitinger‚</span> <span class='ocrx_word' id='word_1_91' title='bbox 1936 1145 1990 1202; x_wconf 90' lang='lat' dir='ltr'>in</span> <span class='ocrx_word' id='word_1_92' title='bbox 2041 1163 2156 1203; x_wconf 87' lang='lat' dir='ltr'>vss.</span> <span class='ocrx_word' id='word_1_93' title='bbox 2192 1143 2555 1202; x_wconf 87' lang='lat' dir='ltr'>obscurissi-</span> 
     </span>
     <span class='ocr_line' id='line_1_10' title="bbox 491 1229 2554 1308; baseline -0 -19"><span class='ocrx_word' id='word_1_94' title='bbox 491 1251 611 1290; x_wconf 90' lang='lat' dir='ltr'>mos</span> <span class='ocrx_word' id='word_1_95' title='bbox 643 1251 677 1289; x_wconf 86' lang='lat' dir='ltr'>a</span> <span class='ocrx_word' id='word_1_96' title='bbox 703 1229 903 1289; x_wconf 86' lang='lat' dir='ltr'>Persio</span> <span class='ocrx_word' id='word_1_97' title='bbox 945 1229 1067 1290; x_wconf 84' lang='lat' dir='ltr'>Sat.</span> <span class='ocrx_word' id='word_1_98' title='bbox 1109 1231 1367 1290; x_wconf 85' lang='lat' dir='ltr'>lcitatos</span> <span class='ocrx_word' id='word_1_99' title='bbox 1411 1229 1673 1290; x_wconf 87' lang='lat' dir='ltr'>diatribe.</span> <span class='ocrx_word' id='word_1_100' title='bbox 1750 1230 1944 1288; x_wconf 90' lang='lat' dir='ltr'>Turici</span> <span class='ocrx_word' id='word_1_101' title='bbox 1974 1232 2155 1291; x_wconf 88' lang='grc'><strong>1723.</strong></span> <span class='ocrx_word' id='word_1_102' title='bbox 2203 1232 2262 1290; x_wconf 91' lang='grc'>8.</span> <span class='ocrx_word' id='word_1_103' title='bbox 2294 1231 2554 1308; x_wconf 76' lang='lat' dir='ltr'>repetita</span> 
     </span>
     <span class='ocr_line' id='line_1_11' title="bbox 491 1314 2556 1397; baseline -0.001 -22"><span class='ocrx_word' id='word_1_104' title='bbox 491 1319 546 1375; x_wconf 89' lang='lat' dir='ltr'>in</span> <span class='ocrx_word' id='word_1_105' title='bbox 588 1315 737 1374; x_wconf 85' lang='lat' dir='ltr'>Mus.</span> <span class='ocrx_word' id='word_1_106' title='bbox 791 1315 1013 1374; x_wconf 83' lang='lat' dir='ltr'>Helvet.</span> <span class='ocrx_word' id='word_1_107' title='bbox 1052 1327 1094 1375; x_wconf 92' lang='lat' dir='ltr'>t.</span> <span class='ocrx_word' id='word_1_108' title='bbox 1146 1315 1250 1376; x_wconf 88' lang='lat' dir='ltr'>v11</span> <span class='ocrx_word' id='word_1_109' title='bbox 1286 1337 1345 1394; x_wconf 93' lang='lat' dir='ltr'>p.</span> <span class='ocrx_word' id='word_1_110' title='bbox 1395 1319 1520 1378; x_wconf 89' lang='grc'>376</span> <span class='ocrx_word' id='word_1_111' title='bbox 1559 1336 1682 1397; x_wconf 88' lang='lat' dir='ltr'>sqq.</span> <span class='ocrx_word' id='word_1_112' title='bbox 1776 1314 2043 1385; x_wconf 77' lang='lat' dir='ltr'>Meister,</span> <span class='ocrx_word' id='word_1_113' title='bbox 2085 1314 2351 1373; x_wconf 87' lang='lat' dir='ltr'>Versncb</span> <span class='ocrx_word' id='word_1_114' title='bbox 2398 1314 2556 1374; x_wconf 74' lang='lat' dir='ltr'>fiber</span> 
     </span>
     <span class='ocr_line' id='line_1_12' title="bbox 491 1398 2554 1478; baseline -0.001 -19"><span class='ocrx_word' id='word_1_115' title='bbox 491 1400 725 1460; x_wconf 89' lang='lat' dir='ltr'>Persius</span> <span class='ocrx_word' id='word_1_116' title='bbox 759 1399 876 1459; x_wconf 89' lang='lat' dir='ltr'>Sat.</span> <span class='ocrx_word' id='word_1_117' title='bbox 908 1400 952 1471; x_wconf 88' lang='lat'>1,</span> <span class='ocrx_word' id='word_1_118' title='bbox 986 1404 1304 1463; x_wconf 87' lang='grc'><strong>92-106.</strong></span> <span class='ocrx_word' id='word_1_119' title='bbox 1354 1401 1507 1461; x_wconf 80' lang='lat' dir='ltr'>Frcl&#39;.</span> <span class='ocrx_word' id='word_1_120' title='bbox 1540 1401 1612 1460; x_wconf 85' lang='lat' dir='ltr'>ad</span> <span class='ocrx_word' id='word_1_121' title='bbox 1647 1398 1844 1459; x_wconf 86' lang='lat' dir='ltr'>Viadr.</span> <span class='ocrx_word' id='word_1_122' title='bbox 1881 1411 1942 1458; x_wconf 90' lang='lat' dir='ltr'>et</span> <span class='ocrx_word' id='word_1_123' title='bbox 1972 1399 2133 1478; x_wconf 89' lang='lat' dir='ltr'>Lips.</span> <span class='ocrx_word' id='word_1_124' title='bbox 2163 1403 2351 1470; x_wconf 78' lang='lat'>1802,</span> <span class='ocrx_word' id='word_1_125' title='bbox 2381 1401 2554 1459; x_wconf 80' lang='lat' dir='ltr'>cuius</span> 
     </span>
     <span class='ocr_line' id='line_1_13' title="bbox 491 1484 2554 1564; baseline -0.001 -19"><span class='ocrx_word' id='word_1_126' title='bbox 491 1486 666 1545; x_wconf 90' lang='lat' dir='ltr'>libelli</span> <span class='ocrx_word' id='word_1_127' title='bbox 702 1487 950 1564; x_wconf 79' lang='lat' dir='ltr'>epitome</span> <span class='ocrx_word' id='word_1_128' title='bbox 982 1484 1115 1544; x_wconf 83' lang='lat' dir='ltr'>data</span> <span class='ocrx_word' id='word_1_129' title='bbox 1154 1488 1330 1545; x_wconf 87' lang='lat' dir='ltr'>estin</span> <span class='ocrx_word' id='word_1_130' title='bbox 1369 1487 1563 1545; x_wconf 81' lang='lat' dir='ltr'>Beckii</span> <span class='ocrx_word' id='word_1_131' title='bbox 1611 1497 1932 1545; x_wconf 86' lang='lat' dir='ltr'>commentt.</span> <span class='ocrx_word' id='word_1_132' title='bbox 1985 1505 2104 1544; x_wconf 87' lang='lat' dir='ltr'>soc.</span> <span class='ocrx_word' id='word_1_133' title='bbox 2150 1485 2348 1564; x_wconf 86' lang='lat' dir='ltr'>philol.</span> <span class='ocrx_word' id='word_1_134' title='bbox 2379 1485 2554 1564; x_wconf 87' lang='lat' dir='ltr'>Lips.</span> 
     </span>
     <span class='ocr_line' id='line_1_14' title="bbox 493 1569 2553 1651; baseline -0 -21"><span class='ocrx_word' id='word_1_135' title='bbox 493 1583 537 1631; x_wconf 89' lang='lat' dir='ltr'>t.</span> <span class='ocrx_word' id='word_1_136' title='bbox 573 1571 834 1650; x_wconf 76' lang='lat' dir='ltr'>111».1o3</span> <span class='ocrx_word' id='word_1_137' title='bbox 867 1591 986 1651; x_wconf 89' lang='lat' dir='ltr'><strong>sqq.</strong></span> <span class='ocrx_word' id='word_1_138' title='bbox 1027 1571 1230 1640; x_wconf 74' lang='lat' dir='ltr'>nitier,</span> <span class='ocrx_word' id='word_1_139' title='bbox 1267 1574 1551 1651; x_wconf 82' lang='lat' dir='ltr'>specimen</span> <span class='ocrx_word' id='word_1_140' title='bbox 1592 1569 1899 1631; x_wconf 77' lang='lat' dir='ltr'>animadvv.</span> <span class='ocrx_word' id='word_1_141' title='bbox 1935 1573 1988 1628; x_wconf 90' lang='lat' dir='ltr'>in</span> <span class='ocrx_word' id='word_1_142' title='bbox 2022 1572 2091 1629; x_wconf 78' lang='lat' dir='ltr'>A.</span> <span class='ocrx_word' id='word_1_143' title='bbox 2131 1570 2317 1630; x_wconf 84' lang='lat' dir='ltr'>Persii</span> <span class='ocrx_word' id='word_1_144' title='bbox 2350 1571 2553 1631; x_wconf 80' lang='lat' dir='ltr'>Flacci</span> 
     </span>
     <span class='ocr_line' id='line_1_15' title="bbox 494 1655 2553 1739; baseline 0 -23"><span class='ocrx_word' id='word_1_145' title='bbox 494 1669 603 1717; x_wconf 81' lang='lat' dir='ltr'>sat.</span> <span class='ocrx_word' id='word_1_146' title='bbox 651 1657 692 1716; x_wconf 91' lang='lat'>1.</span> <span class='ocrx_word' id='word_1_147' title='bbox 748 1657 930 1716; x_wconf 84' lang='lat' dir='ltr'>Marb.</span> <span class='ocrx_word' id='word_1_148' title='bbox 984 1661 1145 1720; x_wconf 88' lang='grc'><strong>1833</strong></span> <span class='ocrx_word' id='word_1_149' title='bbox 1187 1678 1242 1736; x_wconf 88' lang='lat' dir='ltr'>p.</span> <span class='ocrx_word' id='word_1_150' title='bbox 1277 1664 1358 1719; x_wconf 88' lang='grc'>57</span> <span class='ocrx_word' id='word_1_151' title='bbox 1402 1679 1529 1739; x_wconf 90' lang='lat' dir='ltr'><strong>sqq.</strong></span> <span class='ocrx_word' id='word_1_152' title='bbox 1591 1657 1873 1729; x_wconf 87' lang='lat' dir='ltr'>Lentscb‚</span> <span class='ocrx_word' id='word_1_153' title='bbox 1921 1656 2201 1715; x_wconf 85' lang='lat' dir='ltr'>Zeitschr.</span> <span class='ocrx_word' id='word_1_154' title='bbox 2249 1658 2297 1716; x_wconf 75' lang='lat' dir='ltr'>f.</span> <span class='ocrx_word' id='word_1_155' title='bbox 2347 1655 2553 1716; x_wconf 81' lang='lat' dir='ltr'>Alter-</span> 
     </span>
     <span class='ocr_line' id='line_1_16' title="bbox 494 1741 2551 1822; baseline 0 -21"><span class='ocrx_word' id='word_1_156' title='bbox 494 1746 652 1802; x_wconf 80' lang='lat' dir='ltr'>tbsw.</span> <span class='ocrx_word' id='word_1_157' title='bbox 689 1746 850 1805; x_wconf 88' lang='grc'><strong>1836</strong></span> <span class='ocrx_word' id='word_1_158' title='bbox 881 1764 936 1822; x_wconf 89' lang='lat' dir='ltr'>p.</span> <span class='ocrx_word' id='word_1_159' title='bbox 976 1747 1117 1805; x_wconf 89' lang='grc'><strong>168.</strong></span> <span class='ocrx_word' id='word_1_160' title='bbox 1169 1742 1438 1802; x_wconf 88' lang='lat' dir='ltr'>Permulti</span> <span class='ocrx_word' id='word_1_161' title='bbox 1486 1743 1540 1803; x_wconf 90' lang='lat' dir='ltr'>id</span> <span class='ocrx_word' id='word_1_162' title='bbox 1590 1745 1645 1802; x_wconf 95' lang='lat' dir='ltr'>in</span> <span class='ocrx_word' id='word_1_163' title='bbox 1674 1741 1761 1802; x_wconf 84' lang='lat' dir='ltr'>his</span> <span class='ocrx_word' id='word_1_164' title='bbox 1805 1743 2066 1801; x_wconf 86' lang='lat' dir='ltr'>versibus</span> <span class='ocrx_word' id='word_1_165' title='bbox 2109 1741 2551 1821; x_wconf 83' lang='lat' dir='ltr'>vituperandum</span> 
     </span>
     <span class='ocr_line' id='line_1_17' title="bbox 494 1826 2554 1909; baseline -0.001 -21"><span class='ocrx_word' id='word_1_166' title='bbox 494 1839 856 1899; x_wconf 85' lang='lat' dir='ltr'>censuerunt,</span> <span class='ocrx_word' id='word_1_167' title='bbox 881 1827 1026 1909; x_wconf 89' lang='lat' dir='ltr'>quod</span> <span class='ocrx_word' id='word_1_168' title='bbox 1046 1828 1497 1889; x_wconf 83' lang='lat' dir='ltr'>homoeoteleuta</span> <span class='ocrx_word' id='word_1_169' title='bbox 1513 1828 1786 1909; x_wconf 77' lang='lat' dir='ltr'>quaedam</span> <span class='ocrx_word' id='word_1_170' title='bbox 1813 1829 1867 1886; x_wconf 92' lang='lat' dir='ltr'>in</span> <span class='ocrx_word' id='word_1_171' title='bbox 1898 1829 1967 1886; x_wconf 88' lang='lat' dir='ltr'>iis</span> <span class='ocrx_word' id='word_1_172' title='bbox 2001 1847 2279 1907; x_wconf 90' lang='lat' dir='ltr'>apparere</span> <span class='ocrx_word' id='word_1_173' title='bbox 2307 1826 2554 1888; x_wconf 80' lang='lat' dir='ltr'>videan-</span> 
     </span>
     <span class='ocr_line' id='line_1_18' title="bbox 493 1912 2553 1992; baseline 0 -19"><span class='ocrx_word' id='word_1_174' title='bbox 493 1925 604 1985; x_wconf 86' lang='lat' dir='ltr'>tur,</span> <span class='ocrx_word' id='word_1_175' title='bbox 636 1912 925 1973; x_wconf 75' lang='lat' dir='ltr'>hodiernis</span> <span class='ocrx_word' id='word_1_176' title='bbox 958 1915 1203 1992; x_wconf 78' lang='lat' dir='ltr'>(Reime)</span> <span class='ocrx_word' id='word_1_177' title='bbox 1233 1916 1357 1974; x_wconf 84' lang='lat' dir='ltr'>fere</span> <span class='ocrx_word' id='word_1_178' title='bbox 1388 1917 1621 1973; x_wconf 89' lang='lat' dir='ltr'>similes.</span> <span class='ocrx_word' id='word_1_179' title='bbox 1666 1914 1738 1973; x_wconf 87' lang='lat' dir='ltr'>V.</span> <span class='ocrx_word' id='word_1_180' title='bbox 1776 1912 2076 1992; x_wconf 87' lang='lat' dir='ltr'>Spanbem.</span> <span class='ocrx_word' id='word_1_181' title='bbox 2109 1914 2193 1973; x_wconf 90' lang='lat' dir='ltr'>les</span> <span class='ocrx_word' id='word_1_182' title='bbox 2223 1913 2443 1973; x_wconf 73' lang='lat' dir='ltr'>Gesars</span> <span class='ocrx_word' id='word_1_183' title='bbox 2477 1914 2553 1973; x_wconf 90' lang='lat' dir='ltr'>de</span> 
     </span>
     <span class='ocr_line' id='line_1_19' title="bbox 494 1997 2549 2080; baseline -0 -22"><span class='ocrx_word' id='word_1_184' title='bbox 494 2000 748 2077; x_wconf 85' lang='lat' dir='ltr'>l&#39;emper.</span> <span class='ocrx_word' id='word_1_185' title='bbox 791 1999 979 2059; x_wconf 86' lang='lat' dir='ltr'>Julien</span> <span class='ocrx_word' id='word_1_186' title='bbox 1008 2019 1062 2077; x_wconf 89' lang='lat' dir='ltr'>p.</span> <span class='ocrx_word' id='word_1_187' title='bbox 1095 2003 1198 2062; x_wconf 89' lang='grc'>56.</span> <span class='ocrx_word' id='word_1_188' title='bbox 1236 1998 1535 2072; x_wconf 81' lang='lat' dir='ltr'>Gebauer,</span> <span class='ocrx_word' id='word_1_189' title='bbox 1581 2000 1872 2078; x_wconf 87' lang='lat' dir='ltr'>antholog.</span> <span class='ocrx_word' id='word_1_190' title='bbox 1904 1997 2153 2058; x_wconf 87' lang='lat' dir='ltr'>dissertt.</span> <span class='ocrx_word' id='word_1_191' title='bbox 2182 2020 2236 2077; x_wconf 89' lang='lat' dir='ltr'>p.</span> <span class='ocrx_word' id='word_1_192' title='bbox 2263 2003 2391 2062; x_wconf 84' lang='lat'>283</span> <span class='ocrx_word' id='word_1_193' title='bbox 2413 2020 2549 2080; x_wconf 88' lang='lat' dir='ltr'>sqq.</span> 
     </span>
     <span class='ocr_line' id='line_1_20' title="bbox 493 2082 2553 2163; baseline 0 -20"><span class='ocrx_word' id='word_1_194' title='bbox 493 2085 583 2143; x_wconf 85' lang='lat' dir='ltr'>El.</span> <span class='ocrx_word' id='word_1_195' title='bbox 619 2085 827 2162; x_wconf 86' lang='lat' dir='ltr'>Mayer</span> <span class='ocrx_word' id='word_1_196' title='bbox 870 2082 1004 2142; x_wconf 87' lang='lat' dir='ltr'>ibid.</span> <span class='ocrx_word' id='word_1_197' title='bbox 1069 2106 1127 2163; x_wconf 90' lang='lat' dir='ltr'>p.</span> <span class='ocrx_word' id='word_1_198' title='bbox 1175 2088 1324 2147; x_wconf 91' lang='grc'><strong>326.</strong></span> <span class='ocrx_word' id='word_1_199' title='bbox 1376 2086 1832 2145; x_wconf 83' lang='lat' dir='ltr'>Winckelmann.</span> <span class='ocrx_word' id='word_1_200' title='bbox 1890 2104 2028 2163; x_wconf 92' lang='lat' dir='ltr'>opp.</span> <span class='ocrx_word' id='word_1_201' title='bbox 2070 2094 2110 2144; x_wconf 88' lang='lat' dir='ltr'>t.</span> <span class='ocrx_word' id='word_1_202' title='bbox 2157 2084 2238 2143; x_wconf 86' lang='lat' dir='ltr'>Vl</span> <span class='ocrx_word' id='word_1_203' title='bbox 2291 2106 2354 2163; x_wconf 87' lang='lat' dir='ltr'>p.</span> <span class='ocrx_word' id='word_1_204' title='bbox 2398 2089 2553 2148; x_wconf 71' lang='grc'><strong>249.</strong></span> 
     </span>
     <span class='ocr_line' id='line_1_21' title="bbox 494 2169 2555 2250; baseline 0 -22"><span class='ocrx_word' id='word_1_205' title='bbox 494 2170 827 2228; x_wconf 88' lang='lat' dir='ltr'>Tborlacius</span> <span class='ocrx_word' id='word_1_206' title='bbox 858 2190 986 2248; x_wconf 87' lang='lat' dir='ltr'>opp.</span> <span class='ocrx_word' id='word_1_207' title='bbox 1015 2181 1056 2228; x_wconf 90' lang='lat' dir='ltr'>t.</span> <span class='ocrx_word' id='word_1_208' title='bbox 1085 2169 1164 2229; x_wconf 87' lang='lat' dir='ltr'>lv</span> <span class='ocrx_word' id='word_1_209' title='bbox 1193 2191 1248 2249; x_wconf 91' lang='lat' dir='ltr'>p.</span> <span class='ocrx_word' id='word_1_210' title='bbox 1280 2174 1361 2232; x_wconf 80' lang='grc'><strong>43</strong></span> <span class='ocrx_word' id='word_1_211' title='bbox 1392 2191 1513 2250; x_wconf 87' lang='lat' dir='ltr'>sqq.</span> <span class='ocrx_word' id='word_1_212' title='bbox 1564 2171 1777 2230; x_wconf 87' lang='lat' dir='ltr'>Verum</span> <span class='ocrx_word' id='word_1_213' title='bbox 1810 2172 1863 2228; x_wconf 90' lang='lat' dir='ltr'>in</span> <span class='ocrx_word' id='word_1_214' title='bbox 1912 2172 2089 2248; x_wconf 85' lang='lat' dir='ltr'>primo</span> <span class='ocrx_word' id='word_1_215' title='bbox 2138 2171 2405 2249; x_wconf 88' lang='lat' dir='ltr'>exemplo</span> <span class='ocrx_word' id='word_1_216' title='bbox 2453 2190 2555 2230; x_wconf 82' lang='lat' dir='ltr'>re·</span> 
     </span>
     <span class='ocr_line' id='line_1_22' title="bbox 494 2253 2554 2334; baseline -0 -19"><span class='ocrx_word' id='word_1_217' title='bbox 494 2266 662 2334; x_wconf 84' lang='lat' dir='ltr'>cepta</span> <span class='ocrx_word' id='word_1_218' title='bbox 691 2275 765 2313; x_wconf 84' lang='lat' dir='ltr'>ex</span> <span class='ocrx_word' id='word_1_219' title='bbox 797 2253 907 2314; x_wconf 84' lang='lat' dir='ltr'>fide</span> <span class='ocrx_word' id='word_1_220' title='bbox 940 2253 1103 2314; x_wconf 86' lang='lat' dir='ltr'>codd.</span> <span class='ocrx_word' id='word_1_221' title='bbox 1148 2256 1391 2315; x_wconf 90' lang='lat' dir='ltr'>lectione</span> <span class='ocrx_word' id='word_1_222' title='bbox 1433 2258 1575 2316; x_wconf 75' lang='lat' dir='ltr'>Acis</span> <span class='ocrx_word' id='word_1_223' title='bbox 1620 2256 1915 2316; x_wconf 85' lang='lat' dir='ltr'>evanescit</span> <span class='ocrx_word' id='word_1_224' title='bbox 1953 2253 2084 2313; x_wconf 90' lang='lat' dir='ltr'>illud</span> <span class='ocrx_word' id='word_1_225' title='bbox 2116 2255 2554 2316; x_wconf 83' lang='lat' dir='ltr'>homoeoteleu-</span> 
     </span>
     <span class='ocr_line' id='line_1_23' title="bbox 494 2339 2554 2421; baseline 0 -21"><span class='ocrx_word' id='word_1_226' title='bbox 494 2353 611 2413; x_wconf 87' lang='lat' dir='ltr'>ton,</span> <span class='ocrx_word' id='word_1_227' title='bbox 639 2351 699 2399; x_wconf 88' lang='lat' dir='ltr'>et</span> <span class='ocrx_word' id='word_1_228' title='bbox 723 2342 776 2398; x_wconf 92' lang='lat' dir='ltr'>in</span> <span class='ocrx_word' id='word_1_229' title='bbox 807 2341 987 2400; x_wconf 87' lang='lat' dir='ltr'>altero</span> <span class='ocrx_word' id='word_1_230' title='bbox 1018 2343 1095 2400; x_wconf 87' lang='lat' dir='ltr'>ita</span> <span class='ocrx_word' id='word_1_231' title='bbox 1125 2347 1505 2421; x_wconf 79' lang='lat' dir='ltr'>comparatum</span> <span class='ocrx_word' id='word_1_232' title='bbox 1529 2352 1638 2414; x_wconf 88' lang='lat' dir='ltr'>est,</span> <span class='ocrx_word' id='word_1_233' title='bbox 1674 2351 1738 2401; x_wconf 86' lang='lat' dir='ltr'>ut</span> <span class='ocrx_word' id='word_1_234' title='bbox 1765 2342 1860 2399; x_wconf 87' lang='lat' dir='ltr'>vix</span> <span class='ocrx_word' id='word_1_235' title='bbox 1884 2342 1955 2399; x_wconf 91' lang='lat' dir='ltr'>sit</span> <span class='ocrx_word' id='word_1_236' title='bbox 1986 2342 2268 2420; x_wconf 87' lang='lat' dir='ltr'>vituperio</span> <span class='ocrx_word' id='word_1_237' title='bbox 2296 2339 2554 2420; x_wconf 81' lang='lat' dir='ltr'>dignum,</span> 
     </span>
     <span class='ocr_line' id='line_1_24' title="bbox 494 2424 2556 2508; baseline 0 -22"><span class='ocrx_word' id='word_1_238' title='bbox 494 2447 618 2486; x_wconf 91' lang='lat' dir='ltr'>cnm</span> <span class='ocrx_word' id='word_1_239' title='bbox 645 2427 919 2504; x_wconf 85' lang='lat' dir='ltr'>permulta</span> <span class='ocrx_word' id='word_1_240' title='bbox 946 2424 1095 2505; x_wconf 86' lang='lat' dir='ltr'>apud</span> <span class='ocrx_word' id='word_1_241' title='bbox 1130 2430 1390 2508; x_wconf 86' lang='lat' dir='ltr'>antiquos</span> <span class='ocrx_word' id='word_1_242' title='bbox 1407 2428 1606 2485; x_wconf 82' lang='lat' dir='ltr'>similia</span> <span class='ocrx_word' id='word_1_243' title='bbox 1633 2428 1891 2504; x_wconf 81' lang='lat' dir='ltr'>exempla</span> <span class='ocrx_word' id='word_1_244' title='bbox 1924 2437 2183 2498; x_wconf 76' lang='lat' dir='ltr'>exstent3</span> <span class='ocrx_word' id='word_1_245' title='bbox 2218 2428 2295 2486; x_wconf 80' lang='lat' dir='ltr'>cf.</span> <span class='ocrx_word' id='word_1_246' title='bbox 2336 2426 2556 2486; x_wconf 85' lang='lat' dir='ltr'>Schra-</span> 
     </span>
     <span class='ocr_line' id='line_1_25' title="bbox 493 2510 2555 2592; baseline 0 -23"><span class='ocrx_word' id='word_1_247' title='bbox 493 2513 616 2572; x_wconf 90' lang='lat' dir='ltr'>der.</span> <span class='ocrx_word' id='word_1_248' title='bbox 652 2513 877 2571; x_wconf 84' lang='lat' dir='ltr'>animm.</span> <span class='ocrx_word' id='word_1_249' title='bbox 912 2510 982 2569; x_wconf 91' lang='lat' dir='ltr'>ad</span> <span class='ocrx_word' id='word_1_250' title='bbox 1012 2512 1302 2572; x_wconf 82' lang='lat' dir='ltr'>Musaeum</span> <span class='ocrx_word' id='word_1_251' title='bbox 1333 2532 1390 2572; x_wconf 87' lang='lat' dir='ltr'>c.</span> <span class='ocrx_word' id='word_1_252' title='bbox 1423 2516 1481 2574; x_wconf 90' lang='grc'><strong>3.</strong></span> <span class='ocrx_word' id='word_1_253' title='bbox 1513 2533 1569 2592; x_wconf 90' lang='lat' dir='ltr'>p.</span> <span class='ocrx_word' id='word_1_254' title='bbox 1623 2516 1741 2574; x_wconf 87' lang='grc'><strong>139</strong></span> <span class='ocrx_word' id='word_1_255' title='bbox 1772 2532 1896 2592; x_wconf 86' lang='lat' dir='ltr'>sqq.</span> <span class='ocrx_word' id='word_1_256' title='bbox 1929 2512 2107 2570; x_wconf 85' lang='lat' dir='ltr'>Bothe</span> <span class='ocrx_word' id='word_1_257' title='bbox 2144 2511 2214 2570; x_wconf 87' lang='lat' dir='ltr'>ad</span> <span class='ocrx_word' id='word_1_258' title='bbox 2250 2511 2390 2571; x_wconf 83' lang='lat' dir='ltr'>Hor.</span> <span class='ocrx_word' id='word_1_259' title='bbox 2426 2513 2555 2572; x_wconf 87' lang='lat' dir='ltr'>Sat.</span> 
     </span>
     <span class='ocr_line' id='line_1_26' title="bbox 494 2596 2553 2678; baseline -0.001 -21"><span class='ocrx_word' id='word_1_260' title='bbox 494 2598 563 2669; x_wconf 83' lang='lat'>11,</span> <span class='ocrx_word' id='word_1_261' title='bbox 597 2601 656 2668; x_wconf 88' lang='lat'>8,</span> <span class='ocrx_word' id='word_1_262' title='bbox 693 2602 718 2658; x_wconf 88' lang='lat'>1</span> <span class='ocrx_word' id='word_1_263' title='bbox 767 2617 821 2675; x_wconf 90' lang='lat' dir='ltr'>p.</span> <span class='ocrx_word' id='word_1_264' title='bbox 861 2599 1003 2658; x_wconf 88' lang='grc'><strong>139.</strong></span> <span class='ocrx_word' id='word_1_265' title='bbox 1047 2617 1171 2677; x_wconf 88' lang='lat' dir='ltr'>sqq.</span> <span class='ocrx_word' id='word_1_266' title='bbox 1230 2597 1510 2657; x_wconf 88' lang='lat' dir='ltr'>Obbarius</span> <span class='ocrx_word' id='word_1_267' title='bbox 1557 2596 1631 2657; x_wconf 87' lang='lat' dir='ltr'>ad</span> <span class='ocrx_word' id='word_1_268' title='bbox 1674 2598 1810 2657; x_wconf 85' lang='lat' dir='ltr'>Hor.</span> <span class='ocrx_word' id='word_1_269' title='bbox 1859 2617 1988 2676; x_wconf 87' lang='lat' dir='ltr'>epp.</span> <span class='ocrx_word' id='word_1_270' title='bbox 2033 2598 2077 2667; x_wconf 90' lang='lat'>1,</span> <span class='ocrx_word' id='word_1_271' title='bbox 2106 2601 2167 2668; x_wconf 85' lang='grc'>2,</span> <span class='ocrx_word' id='word_1_272' title='bbox 2216 2603 2292 2660; x_wconf 87' lang='grc'>17</span> <span class='ocrx_word' id='word_1_273' title='bbox 2339 2619 2395 2678; x_wconf 90' lang='lat' dir='ltr'>p.</span> <span class='ocrx_word' id='word_1_274' title='bbox 2446 2603 2553 2661; x_wconf 74' lang='lat'>34.</span> 
     </span>
     <span class='ocr_line' id='line_1_27' title="bbox 494 2680 2557 2760; baseline -0.001 -17"><span class='ocrx_word' id='word_1_275' title='bbox 494 2685 539 2744; x_wconf 92' lang='lat'>1.</span> <span class='ocrx_word' id='word_1_276' title='bbox 572 2683 639 2742; x_wconf 89' lang='lat' dir='ltr'>C.</span> <span class='ocrx_word' id='word_1_277' title='bbox 678 2682 833 2741; x_wconf 80' lang='lat' dir='ltr'>labn.</span> <span class='ocrx_word' id='word_1_278' title='bbox 865 2681 936 2740; x_wconf 89' lang='lat' dir='ltr'>ad</span> <span class='ocrx_word' id='word_1_279' title='bbox 974 2681 1135 2760; x_wconf 86' lang='lat' dir='ltr'>Virg.</span> <span class='ocrx_word' id='word_1_280' title='bbox 1174 2681 1322 2742; x_wconf 86' lang='lat' dir='ltr'>Aen.</span> <span class='ocrx_word' id='word_1_281' title='bbox 1365 2683 1468 2755; x_wconf 79' lang='lat' dir='ltr'>IV,</span> <span class='ocrx_word' id='word_1_282' title='bbox 1498 2687 1643 2746; x_wconf 88' lang='grc'><strong>256.</strong></span> <span class='ocrx_word' id='word_1_283' title='bbox 1719 2680 1862 2755; x_wconf 86' lang='lat' dir='ltr'>Quid</span> <span class='ocrx_word' id='word_1_284' title='bbox 1895 2685 1947 2740; x_wconf 92' lang='lat' dir='ltr'>in</span> <span class='ocrx_word' id='word_1_285' title='bbox 1985 2685 2303 2741; x_wconf 85' lang='lat' dir='ltr'>universnm</span> <span class='ocrx_word' id='word_1_286' title='bbox 2337 2685 2393 2741; x_wconf 92' lang='lat' dir='ltr'>in</span> <span class='ocrx_word' id='word_1_287' title='bbox 2424 2703 2557 2743; x_wconf 87' lang='lat' dir='ltr'>car-</span> 
     </span>
     <span class='ocr_line' id='line_1_28' title="bbox 493 2767 2556 2848; baseline -0 -21"><span class='ocrx_word' id='word_1_288' title='bbox 493 2767 735 2829; x_wconf 82' lang='lat' dir='ltr'>minibus</span> <span class='ocrx_word' id='word_1_289' title='bbox 770 2767 857 2826; x_wconf 90' lang='lat' dir='ltr'>sui</span> <span class='ocrx_word' id='word_1_290' title='bbox 889 2769 1178 2845; x_wconf 88' lang='lat' dir='ltr'>temporis,</span> <span class='ocrx_word' id='word_1_291' title='bbox 1208 2787 1440 2847; x_wconf 85' lang='lat' dir='ltr'>quornm</span> <span class='ocrx_word' id='word_1_292' title='bbox 1473 2768 1616 2827; x_wconf 86' lang='lat' dir='ltr'>haec</span> <span class='ocrx_word' id='word_1_293' title='bbox 1644 2767 1902 2847; x_wconf 83' lang='lat' dir='ltr'>exempla</span> <span class='ocrx_word' id='word_1_294' title='bbox 1936 2778 2082 2839; x_wconf 76' lang='lat' dir='ltr'>sunt,</span> <span class='ocrx_word' id='word_1_295' title='bbox 2111 2769 2556 2848; x_wconf 76' lang='lat' dir='ltr'>vituperaverit.</span> 
     </span>
     <span class='ocr_line' id='line_1_29' title="bbox 495 2851 2555 2932; baseline -0 -20"><span class='ocrx_word' id='word_1_296' title='bbox 495 2856 633 2913; x_wconf 83' lang='lat' dir='ltr'>satis</span> <span class='ocrx_word' id='word_1_297' title='bbox 678 2854 831 2912; x_wconf 89' lang='lat' dir='ltr'>clare</span> <span class='ocrx_word' id='word_1_298' title='bbox 880 2851 1088 2911; x_wconf 85' lang='lat' dir='ltr'>indicat</span> <span class='ocrx_word' id='word_1_299' title='bbox 1138 2852 1367 2911; x_wconf 76' lang='lat' dir='ltr'>Persius</span> <span class='ocrx_word' id='word_1_300' title='bbox 1411 2863 1472 2912; x_wconf 90' lang='lat' dir='ltr'>et</span> <span class='ocrx_word' id='word_1_301' title='bbox 1517 2856 1624 2911; x_wconf 88' lang='lat' dir='ltr'>iam</span> <span class='ocrx_word' id='word_1_302' title='bbox 1669 2855 1983 2932; x_wconf 77' lang='lat' dir='ltr'>expositum</span> <span class='ocrx_word' id='word_1_303' title='bbox 2026 2864 2149 2924; x_wconf 73' lang='lat' dir='ltr'>est3</span> <span class='ocrx_word' id='word_1_304' title='bbox 2193 2852 2264 2912; x_wconf 85' lang='lat' dir='ltr'>de</span> <span class='ocrx_word' id='word_1_305' title='bbox 2309 2855 2555 2932; x_wconf 80' lang='lat' dir='ltr'>singuiis</span> 
     </span>
     <span class='ocr_line' id='line_1_30' title="bbox 496 2936 2554 3017; baseline 0 -20"><span class='ocrx_word' id='word_1_306' title='bbox 496 2938 764 3007; x_wconf 81' lang='lat' dir='ltr'>iudicare,</span> <span class='ocrx_word' id='word_1_307' title='bbox 801 2957 924 2996; x_wconf 91' lang='lat' dir='ltr'>cnm</span> <span class='ocrx_word' id='word_1_308' title='bbox 964 2938 1122 2996; x_wconf 90' lang='lat' dir='ltr'>nobis</span> <span class='ocrx_word' id='word_1_309' title='bbox 1165 2939 1301 2995; x_wconf 82' lang='lat' dir='ltr'>nihil</span> <span class='ocrx_word' id='word_1_310' title='bbox 1352 2936 1614 2996; x_wconf 90' lang='lat' dir='ltr'>traditum</span> <span class='ocrx_word' id='word_1_311' title='bbox 1661 2940 1765 3009; x_wconf 90' lang='lat' dir='ltr'>sit,</span> <span class='ocrx_word' id='word_1_312' title='bbox 1814 2949 2045 3017; x_wconf 86' lang='lat' dir='ltr'>praeter</span> <span class='ocrx_word' id='word_1_313' title='bbox 2098 2938 2239 2997; x_wconf 86' lang='lat' dir='ltr'>baec</span> <span class='ocrx_word' id='word_1_314' title='bbox 2282 2940 2554 3010; x_wconf 74' lang='lat' dir='ltr'>frustula,</span> 
     </span>
     <span class='ocr_line' id='line_1_31' title="bbox 495 3022 2555 3102; baseline 0 -18"><span class='ocrx_word' id='word_1_315' title='bbox 495 3042 706 3102; x_wconf 87' lang='lat' dir='ltr'>anceps</span> <span class='ocrx_word' id='word_1_316' title='bbox 749 3033 843 3081; x_wconf 84' lang='lat' dir='ltr'>est</span> <span class='ocrx_word' id='word_1_317' title='bbox 881 3043 948 3082; x_wconf 87' lang='lat' dir='ltr'>ac</span> <span class='ocrx_word' id='word_1_318' title='bbox 993 3024 1409 3101; x_wconf 87' lang='lat' dir='ltr'>periculosum,</span> <span class='ocrx_word' id='word_1_319' title='bbox 1458 3042 1643 3102; x_wconf 91' lang='lat' dir='ltr'>neque</span> <span class='ocrx_word' id='word_1_320' title='bbox 1702 3022 1773 3082; x_wconf 88' lang='lat' dir='ltr'>ad</span> <span class='ocrx_word' id='word_1_321' title='bbox 1819 3022 2241 3101; x_wconf 86' lang='lat' dir='ltr'>intelligendum</span> <span class='ocrx_word' id='word_1_322' title='bbox 2298 3035 2555 3084; x_wconf 82' lang='lat' dir='ltr'>nostrum</span> 
     </span>
     <span class='ocr_line' id='line_1_32' title="bbox 496 3106 2556 3189; baseline 0 -22"><span class='ocrx_word' id='word_1_323' title='bbox 496 3121 718 3189; x_wconf 87' lang='lat' dir='ltr'>poetam</span> <span class='ocrx_word' id='word_1_324' title='bbox 745 3110 1146 3167; x_wconf 86' lang='lat' dir='ltr'>necessarium.</span> <span class='ocrx_word' id='word_1_325' title='bbox 1207 3107 1348 3167; x_wconf 90' lang='lat' dir='ltr'>Nam</span> <span class='ocrx_word' id='word_1_326' title='bbox 1382 3109 1489 3166; x_wconf 88' lang='lat' dir='ltr'>hoc</span> <span class='ocrx_word' id='word_1_327' title='bbox 1521 3106 1743 3188; x_wconf 90' lang='lat' dir='ltr'>quidem</span> <span class='ocrx_word' id='word_1_328' title='bbox 1774 3109 1942 3167; x_wconf 76' lang='lat' dir='ltr'>facile</span> <span class='ocrx_word' id='word_1_329' title='bbox 1974 3121 2229 3188; x_wconf 78' lang='lat' dir='ltr'>apparet,</span> <span class='ocrx_word' id='word_1_330' title='bbox 2260 3128 2386 3168; x_wconf 86' lang='lat' dir='ltr'>eam</span> <span class='ocrx_word' id='word_1_331' title='bbox 2417 3130 2556 3169; x_wconf 82' lang='lat' dir='ltr'>ver-</span> 
     </span>
     <span class='ocr_line' id='line_1_33' title="bbox 495 3192 2558 3273; baseline 0 -19"><span class='ocrx_word' id='word_1_332' title='bbox 495 3215 655 3254; x_wconf 89' lang='lat' dir='ltr'>suum</span> <span class='ocrx_word' id='word_1_333' title='bbox 683 3192 1104 3273; x_wconf 79' lang='lat' dir='ltr'>pangendorum</span> <span class='ocrx_word' id='word_1_334' title='bbox 1137 3194 1530 3272; x_wconf 79' lang='lat' dir='ltr'>orationisque</span> <span class='ocrx_word' id='word_1_335' title='bbox 1564 3192 1865 3253; x_wconf 76' lang='lat' dir='ltr'>struendae</span> <span class='ocrx_word' id='word_1_336' title='bbox 1884 3206 2085 3265; x_wconf 80' lang='lat' dir='ltr'>artem,</span> <span class='ocrx_word' id='word_1_337' title='bbox 2123 3215 2245 3253; x_wconf 88' lang='lat' dir='ltr'>eam</span> <span class='ocrx_word' id='word_1_338' title='bbox 2286 3194 2558 3254; x_wconf 83' lang='lat' dir='ltr'>diffluen-</span> 
     </span>
     <span class='ocr_line' id='line_1_34' title="bbox 495 3277 2555 3359; baseline 0 -20"><span class='ocrx_word' id='word_1_339' title='bbox 495 3291 609 3340; x_wconf 86' lang='lat' dir='ltr'>tem</span> <span class='ocrx_word' id='word_1_340' title='bbox 650 3279 940 3338; x_wconf 90' lang='lat' dir='ltr'>mollitiem</span> <span class='ocrx_word' id='word_1_341' title='bbox 986 3289 1045 3338; x_wconf 87' lang='lat' dir='ltr'>et</span> <span class='ocrx_word' id='word_1_342' title='bbox 1090 3277 1390 3339; x_wconf 79' lang='lat' dir='ltr'>delicatam</span> <span class='ocrx_word' id='word_1_343' title='bbox 1431 3279 1757 3352; x_wconf 86' lang='lat' dir='ltr'>lasciviam,</span> <span class='ocrx_word' id='word_1_344' title='bbox 1819 3299 1982 3359; x_wconf 88' lang='lat' dir='ltr'>quam</span> <span class='ocrx_word' id='word_1_345' title='bbox 2039 3298 2177 3358; x_wconf 89' lang='lat' dir='ltr'>prae</span> <span class='ocrx_word' id='word_1_346' title='bbox 2231 3281 2450 3339; x_wconf 88' lang='lat' dir='ltr'>ceteris</span> <span class='ocrx_word' id='word_1_347' title='bbox 2498 3283 2555 3339; x_wconf 91' lang='lat' dir='ltr'>in</span> 
     </span>
     <span class='ocr_line' id='line_1_35' title="bbox 495 3363 2557 3445; baseline 0 -21"><span class='ocrx_word' id='word_1_348' title='bbox 495 3366 682 3445; x_wconf 88' lang='lat' dir='ltr'>poetis</span> <span class='ocrx_word' id='word_1_349' title='bbox 726 3363 820 3422; x_wconf 88' lang='lat' dir='ltr'>illo</span> <span class='ocrx_word' id='word_1_350' title='bbox 860 3374 1116 3442; x_wconf 89' lang='lat' dir='ltr'>tempore</span> <span class='ocrx_word' id='word_1_351' title='bbox 1169 3363 1590 3423; x_wconf 78' lang='lat' dir='ltr'>admirabantur</span> <span class='ocrx_word' id='word_1_352' title='bbox 1648 3364 1918 3436; x_wconf 84' lang='lat' dir='ltr'>Romani,</span> <span class='ocrx_word' id='word_1_353' title='bbox 1996 3377 2056 3426; x_wconf 89' lang='lat' dir='ltr'>et</span> <span class='ocrx_word' id='word_1_354' title='bbox 2110 3384 2250 3444; x_wconf 85' lang='lat' dir='ltr'>prae</span> <span class='ocrx_word' id='word_1_355' title='bbox 2297 3366 2557 3424; x_wconf 85' lang='lat' dir='ltr'>masculo</span> 
     </span>
     <span class='ocr_line' id='line_1_36' title="bbox 496 3448 2554 3528; baseline -0.001 -17"><span class='ocrx_word' id='word_1_356' title='bbox 496 3452 705 3511; x_wconf 88' lang='lat' dir='ltr'>robore</span> <span class='ocrx_word' id='word_1_357' title='bbox 736 3468 912 3509; x_wconf 88' lang='lat' dir='ltr'>verae</span> <span class='ocrx_word' id='word_1_358' title='bbox 954 3450 1149 3528; x_wconf 89' lang='lat' dir='ltr'>poesis</span> <span class='ocrx_word' id='word_1_359' title='bbox 1180 3449 1574 3508; x_wconf 87' lang='lat' dir='ltr'>contemnebat</span> <span class='ocrx_word' id='word_1_360' title='bbox 1601 3448 1867 3521; x_wconf 85' lang='lat' dir='ltr'>Persius,</span> <span class='ocrx_word' id='word_1_361' title='bbox 1913 3452 1967 3508; x_wconf 91' lang='lat' dir='ltr'>in</span> <span class='ocrx_word' id='word_1_362' title='bbox 2014 3452 2173 3510; x_wconf 86' lang='lat' dir='ltr'>hisce</span> <span class='ocrx_word' id='word_1_363' title='bbox 2207 3451 2554 3528; x_wconf 79' lang='lat' dir='ltr'>fragmentis</span> 
     </span>
     <span class='ocr_line' id='line_1_37' title="bbox 496 3532 2555 3614; baseline -0 -18"><span class='ocrx_word' id='word_1_364' title='bbox 496 3536 770 3614; x_wconf 85' lang='lat' dir='ltr'>conspici,</span> <span class='ocrx_word' id='word_1_365' title='bbox 802 3554 978 3614; x_wconf 89' lang='lat' dir='ltr'>qnare</span> <span class='ocrx_word' id='word_1_366' title='bbox 1015 3534 1254 3594; x_wconf 86' lang='lat' dir='ltr'>Vossius</span> <span class='ocrx_word' id='word_1_367' title='bbox 1288 3532 1384 3608; x_wconf 88' lang='lat' dir='ltr'>(de</span> <span class='ocrx_word' id='word_1_368' title='bbox 1432 3544 1610 3612; x_wconf 89' lang='lat' dir='ltr'>poett.</span> <span class='ocrx_word' id='word_1_369' title='bbox 1646 3534 1795 3593; x_wconf 85' lang='lat' dir='ltr'>Latt.</span> <span class='ocrx_word' id='word_1_370' title='bbox 1832 3555 1885 3613; x_wconf 87' lang='lat' dir='ltr'>p.</span> <span class='ocrx_word' id='word_1_371' title='bbox 1918 3538 2024 3606; x_wconf 82' lang='grc'><strong>43)</strong></span> <span class='ocrx_word' id='word_1_372' title='bbox 2057 3536 2321 3594; x_wconf 89' lang='lat' dir='ltr'>meliores</span> <span class='ocrx_word' id='word_1_373' title='bbox 2354 3535 2555 3595; x_wconf 87' lang='lat' dir='ltr'>dicere</span> 
     </span>
     <span class='ocr_line' id='line_1_38' title="bbox 498 3619 2558 3699; baseline 0 -19"><span class='ocrx_word' id='word_1_374' title='bbox 498 3640 721 3692; x_wconf 87' lang='lat' dir='ltr'>versus,</span> <span class='ocrx_word' id='word_1_375' title='bbox 755 3639 916 3699; x_wconf 85' lang='lat' dir='ltr'>quam</span> <span class='ocrx_word' id='word_1_376' title='bbox 949 3619 1182 3679; x_wconf 88' lang='lat' dir='ltr'>Persius</span> <span class='ocrx_word' id='word_1_377' title='bbox 1219 3621 1477 3690; x_wconf 82' lang='lat' dir='ltr'>fecisset,</span> <span class='ocrx_word' id='word_1_378' title='bbox 1517 3639 1626 3677; x_wconf 89' lang='lat' dir='ltr'>non</span> <span class='ocrx_word' id='word_1_379' title='bbox 1658 3619 1953 3679; x_wconf 80' lang='lat' dir='ltr'>dubitavit.</span> <span class='ocrx_word' id='word_1_380' title='bbox 2005 3621 2095 3680; x_wconf 84' lang='lat' dir='ltr'>Ex</span> <span class='ocrx_word' id='word_1_381' title='bbox 2133 3642 2222 3679; x_wconf 85' lang='lat' dir='ltr'>vv.</span> <span class='ocrx_word' id='word_1_382' title='bbox 2255 3631 2319 3680; x_wconf 83' lang='lat' dir='ltr'>et</span> <span class='ocrx_word' id='word_1_383' title='bbox 2347 3623 2407 3679; x_wconf 78' lang='lat' dir='ltr'>in</span> <span class='ocrx_word' id='word_1_384' title='bbox 2440 3623 2558 3680; x_wconf 78' lang='lat' dir='ltr'>udo</span> 
     </span>
     <span class='ocr_line' id='line_1_39' title="bbox 498 3704 2558 3779; baseline 0 -14"><span class='ocrx_word' id='word_1_385' title='bbox 498 3717 592 3766; x_wconf 78' lang='lat' dir='ltr'>est</span> <span class='ocrx_word' id='word_1_386' title='bbox 614 3707 867 3765; x_wconf 79' lang='lat' dir='ltr'>Maenas</span> <span class='ocrx_word' id='word_1_387' title='bbox 897 3716 962 3765; x_wconf 82' lang='lat' dir='ltr'>et</span> <span class='ocrx_word' id='word_1_388' title='bbox 985 3708 1162 3765; x_wconf 73' lang='lat' dir='ltr'>Attin</span> <span class='ocrx_word' id='word_1_389' title='bbox 1208 3712 1288 3779; x_wconf 86' lang='lat' dir='ltr'>(v.</span> <span class='ocrx_word' id='word_1_390' title='bbox 1345 3708 1490 3777; x_wconf 88' lang='grc'><strong>105)</strong></span> <span class='ocrx_word' id='word_1_391' title='bbox 1539 3704 1799 3764; x_wconf 90' lang='lat' dir='ltr'>concludi</span> <span class='ocrx_word' id='word_1_392' title='bbox 1845 3706 2011 3775; x_wconf 81' lang='lat' dir='ltr'>licet,</span> <span class='ocrx_word' id='word_1_393' title='bbox 2055 3705 2125 3765; x_wconf 91' lang='lat' dir='ltr'>ad</span> <span class='ocrx_word' id='word_1_394' title='bbox 2164 3704 2274 3763; x_wconf 89' lang='lat' dir='ltr'>duo</span> <span class='ocrx_word' id='word_1_395' title='bbox 2306 3709 2558 3765; x_wconf 86' lang='lat' dir='ltr'>carmina</span> 
     </span>
     <span class='ocr_line' id='line_1_40' title="bbox 496 3790 2557 3870; baseline -0.001 -18"><span class='ocrx_word' id='word_1_396' title='bbox 496 3793 661 3852; x_wconf 87' lang='lat' dir='ltr'>buius</span> <span class='ocrx_word' id='word_1_397' title='bbox 708 3792 947 3849; x_wconf 89' lang='lat' dir='ltr'>nominis</span> <span class='ocrx_word' id='word_1_398' title='bbox 996 3792 1284 3869; x_wconf 86' lang='lat' dir='ltr'>pertinere</span> <span class='ocrx_word' id='word_1_399' title='bbox 1326 3811 1432 3862; x_wconf 85' lang='lat' dir='ltr'>ea,</span> <span class='ocrx_word' id='word_1_400' title='bbox 1483 3810 1628 3870; x_wconf 81' lang='lat' dir='ltr'>quae</span> <span class='ocrx_word' id='word_1_401' title='bbox 1672 3791 1741 3849; x_wconf 89' lang='lat' dir='ltr'>ab</span> <span class='ocrx_word' id='word_1_402' title='bbox 1786 3810 1857 3849; x_wconf 89' lang='lat' dir='ltr'>eo</span> <span class='ocrx_word' id='word_1_403' title='bbox 1892 3790 2060 3850; x_wconf 86' lang='lat' dir='ltr'>allata</span> <span class='ocrx_word' id='word_1_404' title='bbox 2101 3799 2250 3851; x_wconf 86' lang='lat' dir='ltr'>sunt.</span> <span class='ocrx_word' id='word_1_405' title='bbox 2298 3791 2557 3853; x_wconf 88' lang='lat' dir='ltr'>Consen-</span> 
     </span>
     <span class='ocr_line' id='line_1_41' title="bbox 498 3875 2555 3955; baseline -0.001 -19"><span class='ocrx_word' id='word_1_406' title='bbox 498 3890 725 3936; x_wconf 84' lang='lat' dir='ltr'>taneum</span> <span class='ocrx_word' id='word_1_407' title='bbox 776 3895 914 3934; x_wconf 82' lang='lat' dir='ltr'>vero</span> <span class='ocrx_word' id='word_1_408' title='bbox 961 3887 1081 3948; x_wconf 85' lang='lat' dir='ltr'>est,</span> <span class='ocrx_word' id='word_1_409' title='bbox 1122 3876 1262 3935; x_wconf 86' lang='lat' dir='ltr'>baec</span> <span class='ocrx_word' id='word_1_410' title='bbox 1308 3886 1642 3955; x_wconf 85' lang='lat' dir='ltr'>argumenta</span> <span class='ocrx_word' id='word_1_411' title='bbox 1669 3875 1888 3947; x_wconf 81' lang='lat' dir='ltr'>abiis,</span> <span class='ocrx_word' id='word_1_412' title='bbox 1956 3878 2050 3955; x_wconf 91' lang='lat' dir='ltr'>qni</span> <span class='ocrx_word' id='word_1_413' title='bbox 2101 3877 2322 3935; x_wconf 88' lang='lat' dir='ltr'>Graece</span> <span class='ocrx_word' id='word_1_414' title='bbox 2353 3878 2555 3955; x_wconf 83' lang='lat' dir='ltr'>nugari</span> 
     </span>
     <span class='ocr_line' id='line_1_42' title="bbox 496 3960 2553 4041; baseline -0.001 -19"><span class='ocrx_word' id='word_1_415' title='bbox 496 3972 771 4031; x_wconf 71' lang='lat' dir='ltr'>amarent,</span> <span class='ocrx_word' id='word_1_416' title='bbox 801 3970 1042 4020; x_wconf 78' lang='lat' dir='ltr'>tractata</span> <span class='ocrx_word' id='word_1_417' title='bbox 1073 3981 1207 4020; x_wconf 86' lang='lat' dir='ltr'>esse</span> <span class='ocrx_word' id='word_1_418' title='bbox 1227 4005 1242 4027; x_wconf 83' lang='lat'>.</span> <span class='ocrx_word' id='word_1_419' title='bbox 1294 3981 1421 4021; x_wconf 87' lang='lat' dir='ltr'>cum</span> <span class='ocrx_word' id='word_1_420' title='bbox 1451 3963 1834 4041; x_wconf 85' lang='lat' dir='ltr'>cuiuscunque</span> <span class='ocrx_word' id='word_1_421' title='bbox 1867 3963 2099 4039; x_wconf 79' lang='lat' dir='ltr'>generis</span> <span class='ocrx_word' id='word_1_422' title='bbox 2127 3963 2182 4019; x_wconf 90' lang='lat' dir='ltr'>in</span> <span class='ocrx_word' id='word_1_423' title='bbox 2213 3960 2465 4021; x_wconf 87' lang='lat' dir='ltr'>numeris</span> <span class='ocrx_word' id='word_1_424' title='bbox 2496 3973 2553 4020; x_wconf 88' lang='lat' dir='ltr'>et</span> 
     </span>
     <span class='ocr_line' id='line_1_43' title="bbox 496 4045 2549 4127; baseline -0.001 -19"><span class='ocrx_word' id='word_1_425' title='bbox 496 4049 754 4109; x_wconf 88' lang='lat' dir='ltr'>oratione</span> <span class='ocrx_word' id='word_1_426' title='bbox 785 4048 1055 4107; x_wconf 74' lang='lat' dir='ltr'>lasciviae</span> <span class='ocrx_word' id='word_1_427' title='bbox 1086 4047 1227 4105; x_wconf 86' lang='lat' dir='ltr'>baec</span> <span class='ocrx_word' id='word_1_428' title='bbox 1269 4048 1422 4106; x_wconf 81' lang='lat' dir='ltr'>sacri</span> <span class='ocrx_word' id='word_1_429' title='bbox 1464 4048 1672 4105; x_wconf 78' lang='lat' dir='ltr'>furoris</span> <span class='ocrx_word' id='word_1_430' title='bbox 1717 4045 2026 4126; x_wconf 86' lang='lat' dir='ltr'>descriptio</span> <span class='ocrx_word' id='word_1_431' title='bbox 2064 4047 2277 4127; x_wconf 77' lang='lat' dir='ltr'>largam</span> <span class='ocrx_word' id='word_1_432' title='bbox 2327 4048 2549 4126; x_wconf 86' lang='lat' dir='ltr'>copiam</span> 
     </span>
    </p>
   </div>
   <div class='ocr_carea' id='block_1_3' title="bbox 516 4450 620 4573">
    <p class='ocr_par' dir='ltr' id='par_1_3' title="bbox 516 4450 620 4573">
     <span class='ocr_line' id='line_1_44' title="bbox 516 4450 620 4573; baseline 0 -23"><span class='ocrx_word' id='word_1_433' title='bbox 516 4450 620 4573; x_wconf 49' lang='grc' dir='ltr'>ᾖ,</span> 
     </span>
    </p>
   </div>
  </div>
 </body>
</html>
