2764 4738
69 4097 263 4293 pr

490 425 667 470 cmm
1141 398 1869 464 PRoLEGoMENA.

558 576 694 629 unde
740 589 938 641 qnoque
1001 570 1232 626 iuven.
1293 572 1630 640 mediumque
1673 571 1955 624 ostendens
1999 584 2250 638 unguem.
2325 569 2427 624 Vel
2480 571 2545 623 dr

558 677 748 728 uerpus
782 661 911 728 quod
950 659 1062 711 sinc
1097 660 1409 710 verecundia
1447 658 1841 725 superexercuit
1874 655 2026 707 alios.

559 747 621 811 ΙΙ,
667 749 750 799 55.
792 749 991 807 Oualo,
1029 759 1137 795 sec.
1165 745 1522 795 Cornutum
1558 761 1589 795 a
1616 752 1668 795 te
1694 750 1867 810 optato
1891 750 1946 794 ct
1969 743 2296 804 desiderato,
2333 751 2544 811 propter

500 832 505 835 “
559 832 686 898 qnod
725 847 849 882 ovas
884 838 940 881 et
981 830 1213 881 laetaris.

557 918 622 983 n,
662 919 745 970 64.
789 918 1125 968 Cornutus
1162 916 1326 979 dicit,
1362 914 1496 981 quod
1523 914 1854 981 reprehendit
1876 914 1960 964 bic
1994 914 2240 966 mulieres
2275 921 2541 980 unguenta

561 1003 808 1055 facientes
844 1008 898 1053 et
932 1008 1104 1052 vestes
1142 1002 1434 1065 tingentes,
1483 1000 1573 1050 sed
1607 999 1741 1051 male
1776 999 2024 1065 procedit.

556 1087 648 1153 IV,
683 1091 741 1144 2.
777 1087 1014 1139 Socrates
1052 1088 1134 1138 bic
1168 1086 1454 1138 Alcibiadis
1488 1100 1663 1137 amore
1712 1085 2011 1135 stimulatus
2045 1093 2099 1136 et
2132 1094 2407 1137 accusatus
2444 1086 2536 1137 ad·

555 1175 740 1227 ductus
787 1173 888 1224 fuit
932 1174 995 1224 ad
1050 1173 1330 1235 iudicium,
1398 1179 1459 1222 ut
1503 1171 1745 1222 inl'amiae
1793 1171 1983 1221 crimen
2033 1172 2281 1223 evaderet
2329 1187 2541 1222 succum

558 1262 760 1311 cicutae
810 1260 1009 1327 potavit
1058 1265 1116 1309 ct
1153 1257 1243 1310 illa
1279 1258 1396 1307 vice
1435 1258 1624 1307 evasit.
1686 1256 1871 1308 Postea
1905 1273 2029 1308 vcro
2064 1258 2348 1325 composuit
2383 1273 2542 1323 quen-

558 1346 673 1396 dam
721 1345 943 1405 librum,
996 1361 1141 1411 quem
1192 1342 1482 1394 intitulavit
1531 1342 1695 1394 libros
1746 1342 1810 1393 de
1856 1342 1952 1393 deo
2002 1343 2277 1405 Socratis,
2334 1344 2386 1392 in
2435 1359 2542 1408 quo

560 1431 912 1495 praedicavit,
972 1429 1068 1480 deo
1113 1436 1167 1480 et
1215 1444 1311 1479 uon
1361 1428 1462 1478 diis
1507 1442 1621 1477 csse
1670 1430 2091 1491 sacrificandum,
2152 1435 2205 1479 et
2269 1443 2331 1478 ea
2379 1444 2543 1478 cansa

559 1517 779 1567 secundo
813 1522 1086 1568 accusatus
1121 1522 1220 1566 est.
1259 1513 1359 1580 Qui
1396 1527 1508 1564 cum
1544 1528 1602 1565 se
1637 1523 1943 1579 excusaret,
1991 1515 2288 1566 attulerunt
2322 1515 2370 1564 ei
2408 1515 2541 1565 duas

559 1602 805 1666 imagines
828 1640 842 1666 ,
910 1617 1061 1653 unam
1120 1600 1252 1653 lovis
1312 1614 1647 1650 marmoream
1669 1637 1685 1664 ,
1757 1601 1976 1652 alteram
2035 1602 2224 1652 Phoebi
2292 1601 2541 1665 ligneam,

560 1688 820 1738 dicentes=
873 1687 990 1739 lura
1025 1703 1117 1754 per
1152 1687 1244 1737 bos
1281 1685 1422 1735 deos.
1480 1684 1588 1737 Non
1624 1684 1840 1751 iurabo,
1880 1687 2076 1752 inquit,
2129 1703 2219 1755 per
2265 1689 2356 1737 bos
2395 1687 2540 1749 deos,

559 1776 647 1824 sed
683 1774 730 1824 si
766 1774 955 1839 vultis,
1007 1772 1188 1823 iurabo
1234 1787 1327 1839 per
1375 1772 1470 1821 boc
1519 1786 1742 1822 marmor
1793 1780 1847 1822 et
1894 1774 1985 1822 boc
2029 1773 2244 1837 lignum.
2301 1770 2355 1822 ln
2393 1774 2543 1823 euius

561 1861 635 1909 rei
675 1859 951 1910 vindictam
987 1858 1177 1909 iterum
1214 1856 1414 1923 potavit
1448 1873 1656 1908 succum
1692 1858 1892 1908 cicutae
1928 1866 1982 1909 et
2018 1858 2189 1925 periit.

557 1943 620 2008 V,
659 1945 742 1998 25.
787 1944 1061 1995 Plecton’a
1096 1942 1179 1996 vel
1217 1945 1450 1992 tector-ta
1486 1943 1522 1993 i.
1564 1944 1778 2009 d‘xpnes
1815 1950 1868 1993 et
1904 1951 2217 2007 tegumenta.
2271 1944 2539 2007 Tectoria‚

560 2033 693 2094 quod
728 2031 859 2093 tegit
882 2068 897 2094 ,
935 2030 1070 2096 quod
1107 2029 1159 2079 in
1196 2028 1348 2085 eorde
1385 2036 1504 2093 est,
1546 2028 1632 2078 vel
1670 2029 1934 2096 plectoria.

559 2113 647 2179 Vl,
686 2114 770 2167 71.
811 2114 878 2165 Ut
914 2114 1043 2165 dicit
1075 2113 1427 2178 Remigius
1461 2130 1597 2180 nepa
1633 2122 1713 2166 est
1749 2115 1958 2180 qnidam
1995 2131 2238 2184 serpens,
2276 2116 2362 2182 qui
2405 2116 2545 2167 l'etns

561 2214 679 2249 suos
716 2199 965 2264 devorat,
1019 2216 1132 2251 cum
1167 2199 1431 2263 famescit,
1484 2200 1602 2250 inde
1639 2216 1801 2266 nepos
1838 2202 2065 2269 dicitur,
2115 2203 2261 2268 quasi
2302 2203 2547 2268 patrimo-

562 2285 696 2335 nium
731 2299 1032 2335 consumens
1067 2292 1121 2336 et
1157 2286 1414 2336 devorans
1449 2285 1562 2335 sive
1603 2287 1879 2354 dissipans.

492 2386 685 2449 Attuli
716 2389 1007 2471 quaedam
1040 2388 1353 2472 exempla,
1404 2387 1503 2451 ubi
1555 2400 1619 2452 ut
1659 2389 1722 2453 in
1755 2391 1857 2454 illo
1892 2387 2226 2454 Bartbiano
2258 2400 2544 2473 tanquam

491 2486 754 2552 Cornuti
798 2489 1155 2568 laudantur,
1203 2511 1354 2574 quae
1401 2513 1562 2556 nunc
1608 2492 1670 2554 iu
1714 2512 1786 2557 eo
1833 2514 1955 2556 non
2002 2494 2321 2576 leguntur,
2381 2492 2544 2577 quod

492 2591 608 2654 iam
651 2592 726 2656 de
773 2587 1034 2656 Cornuti
1077 2591 1138 2655 iu
1182 2589 1531 2659 Iuvenalem
1580 2596 2014 2659 commentario
2057 2596 2357 2673 vidimus,
2421 2617 2543 2661 nec

489 2693 839 2773 mirabitur,
875 2696 974 2778 qui
1007 2695 1531 2774 consideraverit,
1567 2697 1807 2779 quoties
1838 2698 1988 2762 baec
2020 2698 2540 2774 describerentur,

492 2818 600 2881 pro
643 2796 831 2861 lubitu
876 2799 1005 2861 fere
1049 2787 1350 2862 addidisse
1398 2809 1504 2860 aut
1555 2798 1829 2862 omisisse
1885 2801 2176 2882 quaedam
2228 2798 2540 2873 librario&

493 2900 651 2963 unde
697 2902 919 2965 factum
964 2911 1095 2978 est,
1157 2909 1226 2963 ut
1271 2899 1568 2983 hodieque
1613 2901 1676 2964 in
1727 2901 1987 2964 diversis
2050 2900 2358 2965 codicibus
2415 2922 2544 2965 nun

491 3002 666 3085 plane
699 3003 878 3067 iidem
912 3011 1159 3066 exstent
1188 3001 1249 3064 hi
1279 3001 1733 3078 commentarii,
1781 3003 1886 3065 sed
1936 3003 2031 3066 hic
2078 3003 2200 3068 illic
2245 3004 2544 3087 quaedam

491 3104 593 3168 vel
640 3105 861 3169 omissa
906 3104 1005 3168 vel
1047 3103 1287 3169 adiecta
1328 3105 1487 3181 sint,
1538 3114 1602 3169 et
1645 3125 1844 3168 sermo
1883 3115 1988 3168 aut
2017 3106 2167 3168 ordo
2199 3107 2397 3190 paullo
2429 3107 2544 3169 im·

493 3218 751 3270 mutatus
782 3207 884 3270 sit.
946 3201 1072 3269 Sed
1120 3226 1192 3270 ea
1235 3207 1440 3271 omnia
1483 3207 1544 3270 in
1588 3207 1690 3270 tali
1722 3208 2018 3290 scriptore
2051 3209 2221 3293 parvi
2252 3211 2542 3273 momenti

490 3319 654 3372 sunt.
716 3306 890 3390 Quae
938 3329 1023 3373 ex
1070 3308 1461 3393 locupletiore
1506 3306 1744 3373 Bonav.
1795 3305 2081 3373 Vulcauii
2124 3311 2334 3375 codice
2381 3307 2544 3374 Cor-

494 3411 621 3473 nuti
679 3409 927 3495 protulit
972 3408 1047 3473 P.
1097 3407 1407 3475 Merula
1463 3411 1570 3492 (ad
1614 3408 1796 3475 Ennii
1845 3412 2084 3496 l'rgmm.
2130 3433 2187 3496 p.
2222 3410 2336 3492 67)
2381 3423 2543 3476 teste

495 3510 778 3578 Fabricio
832 3511 1018 3597 (Bibl.
1069 3510 1214 3577 Lat.
1262 3508 1324 3575 11
1368 3533 1423 3595 p.
1458 3508 1612 3592 165)
1672 3533 1795 3576 non
1853 3513 2015 3590 vidi,
2081 3523 2349 3578 ceterum
2393 3514 2545 3579 fides

493 3633 701 3677 eorum
733 3637 923 3699 penes
952 3624 1260 3680 auctorem
1306 3625 1475 3695 esto,
1525 3614 1879 3714 ceteroquin
1921 3616 2073 3679 satis
2106 3626 2447 3701 suspectum
2490 3625 2540 3678 ¹.

497 3820 520 3871 1
563 3818 642 3871 (ΞΓ.
682 3819 819 3871 Hocb
841 3857 856 3883 ,
895 3822 957 3872 de
992 3819 1339 3871 Ennianornm
1376 3821 1637 3872 annalium
1664 3820 1965 3884 fragmentis
1989 3837 2020 3872 a
2043 3820 2103 3873 Ρ.
2129 3820 2327 3874 Merula
2349 3823 2539 3875 auctis.

561 3889 701 3940 Bonn
745 3890 892 3942 1839.
931 3888 1132 3953 Ritter,
1172 3890 1221 3939 in
1258 3889 1514 3940 Zeitscbr.
1546 3890 1582 3940 f.
1611 3890 1988 3942 Altertbswiss.
2018 3905 2065 3942 a.
2098 3891 2230 3944 184⁰
2255 3908 2304 3958 p.
2333 3892 2432 3943 382
2456 3906 2542 3959 sq.

561 3972 611 4008 a.
641 3959 768 4011 ¹841
799 3975 846 4025 p.
879 3958 997 4011 33⁵.
1043 3956 1260 4009 Prorsus
1284 3958 1463 4021 simili,
1503 3967 1659 4025 atque
1689 3975 1749 4010 eo
1773 3960 1904 4026 quod
1932 3961 2130 4010 notavit
2164 3958 2420 4022 Ritterus,
2457 3975 2548 4011 ar·

561 4027 718 4079 tilicin
770 4027 987 4078 conficta
1039 4033 1197 4087 sunt,
1252 4041 1384 4093 quae
1420 4025 1619 4078 Merula
1657 4045 1704 4095 p.
1741 4029 1842 4080 308
1878 4028 2066 4091 affert,
2117 4028 2302 4094 quibus
2355 4030 2543 4081 nollem

562 4104 666 4149 tam
716 4097 936 4148 fidenter
981 4110 1131 4147 usum
1178 4110 1292 4148 esse
1336 4094 1632 4148 Munckium
1680 4097 1767 4164 (de
1814 4095 1955 4150 sabb.
2002 4097 2165 4150 Atell.
2217 4114 2265 4166 p.
2307 4099 2374 4151 ⁹8
2399 4099 2542 4167 sqq.)
