2764 4738
525 429 652 497 196
1197 431 1365 494 8ΑΤ.
1398 433 1472 505 V,
1506 438 1587 497 93
1618 468 1700 479 -
1737 437 1878 497 103.

526 602 989 685 pronuntiandum
1008 646 1026 676 ,
1068 615 1133 664 ut
1160 624 1371 684 saepe,
1412 623 1466 664 v.
1498 603 1672 665 Fon-b.
1708 601 1780 664 ad
1809 602 1980 663 Lucr.
2014 602 2059 675 1,
2091 607 2237 666 874.
2299 602 2388 662 Cf.
2418 604 2569 682 prol.

527 696 587 753 4.
620 690 690 762 11,
730 695 804 752 10
847 691 923 749 cl.
960 688 1125 750 Both.
1162 688 1232 749 nd
1264 691 1402 750 Hor.
1438 700 1547 749 sat.
1578 689 1646 760 11,
1679 694 1739 760 8,
1776 694 1829 751 1.
1863 689 2018 749 ΙιιΙιιι.
2051 688 2122 747 ad
2152 688 2317 766 Vin-g.
2350 688 2568 766 Georg.

529 777 627 847 lv,
657 779 846 847 243),
892 794 1071 855 quae,
1115 786 1177 833 ut
1222 775 1446 834 Seneca
1487 778 1567 835 ait
1598 783 1749 854 (epp.
1784 774 1987 845 XCIV,
2019 779 2124 843 35)
2170 785 2369 833 tenues
2399 773 2568 833 diffe-

526 863 742 922 rentias
773 860 1013 932 habent,
1044 871 1103 919 et
1132 863 1476 939 permittere
1506 881 1672 919 usum
1699 862 1853 919 vitae
1881 862 2157 938 rapidae,
2194 879 2338 939 quae
2370 878 2567 918 secun

530 950 681 1007 ferat
726 956 786 1005 et
827 946 1012 1023 rapiat
1054 949 1313 1017 stultum,
1373 946 1725 1024 philosophia
1767 966 1875 1004 non
1921 947 2214 1003 firmatum.
2291 945 2408 1004 Hoc
2451 957 2567 1014 est,

530 1031 679 1113 quod
709 1031 913 1089 Cicero
945 1032 1026 1089 ait
1056 1031 1149 1105 (de
1182 1032 1275 1090 off.
1308 1030 1403 1100 111,
1440 1036 1538 1101 17,
1572 1034 1709 1103 68),
1741 1030 1911 1090 aliter·
1938 1031 2098 1107 leges
2118 1074 2136 1100 ,
2184 1031 2353 1088 aliter
2383 1030 2567 1108 philo-

530 1119 742 1196 sophos
773 1116 975 1175 tollere
1007 1117 1263 1176 astutias.
1309 1118 1602 1176 Sambuea
1623 1160 1640 1187 ,
1675 1116 1837 1192 lyrae
1867 1136 2083 1193 genus,
2128 1126 2371 1195 quatuor
2399 1116 2568 1174 chor-

530 1203 618 1262 dis
648 1206 922 1261 instructa
953 1212 1080 1260 erat
1110 1201 1340 1275 (Athen.
1362 1201 1512 1282 IVp.
1538 1206 1659 1264 175
1677 1201 1747 1259 D.
1768 1200 1836 1260 Ε.
1873 1200 2007 1260 XIV
2036 1222 2087 1278 p.
2108 1204 2232 1263 633
2249 1201 2313 1258 F.
2335 1204 2457 1263 637
2475 1200 2569 1270 Β),

530 1291 690 1348 cuius
722 1285 979 1346 diversas
1027 1288 1276 1365 origines
1308 1288 1588 1346 linxerunt
1616 1289 1966 1364 grammatici
1998 1285 2441 1358 (Schneidewin.
2497 1284 2570 1344 ad

530 1374 688 1453 ibyc.
719 1393 775 1449 p.
807 1377 882 1434 71
908 1378 1053 1451 sq.),
1099 1373 1348 1431 mollitiei
1391 1384 1452 1431 et
1491 1373 1728 1431 luxuriei
1760 1373 2221 1441 instrumentum,
2265 1373 2342 1430 cs.
2379 1370 2572 1450 Scipio

531 1457 679 1538 apud
709 1455 962 1516 Maon-ob.
998 1456 1123 1517 Sat.
1160 1457 1226 1528 11,
1263 1461 1339 1519 10
1372 1459 1619 1535 (frgmm.
1651 1477 1766 1515 οιϊ.
1791 1456 2022 1536 Meyeri
2051 1477 2107 1534 p.
2146 1462 2315 1529 104).
2367 1456 2571 1536 Polyb.

532 1544 606 1616 V,
638 1548 738 1605 37.
785 1543 942 1602 Hanc
967 1545 1196 1614 caloni,
1231 1562 1401 1602 servo
1432 1545 1524 1622 qui
1555 1542 1737 1620 ligna,
1769 1563 1967 1620 aquam
1999 1545 2121 1601 sim.
2155 1554 2346 1622 portat
2378 1540 2570 1614 (Serv.

533 1629 605 1690 nd
634 1628 795 1705 Virg-
826 1626 974 1686 Aen.
1008 1626 1053 1698 l,
1084 1633 1186 1689 41.
1219 1627 1316 1696 vl,
1353 1634 1449 1700 1),
1495 1631 1651 1699 alto,
1699 1623 1942 1706 procera
1977 1638 2192 1686 statura
2228 1628 2469 1700 (Colum.
2503 1626 2572 1685 R.

535 1716 606 1776 R.
642 1714 685 1785 1,
717 1717 778 1784 9,
809 1717 870 1774 4.
917 1711 1078 1791 Vir-g.
1111 1713 1258 1772 Aen.
1289 1713 1363 1784 X,
1399 1718 1583 1785 734),
1625 1712 1727 1772 sed
1767 1711 1892 1772 rudi
1932 1725 1993 1772 et
2020 1714 2264 1784 inculto,
2310 1724 2370 1772 ut
2399 1724 2490 1771 est
2519 1710 2574 1771 id

533 1819 713 1880 genus
758 1798 1055 1868 hominum,
1086 1800 1260 1858 ciffus
1293 1799 1496 1871 (Hand.
1528 1799 1695 1857 Ture.
1728 1797 1777 1857 11
1806 1819 1862 1877 p.
1894 1802 2000 1871 78)
2033 1800 2362 1879 aptaveris,
2411 1818 2573 1877 quam

535 1894 767 1966 praetor
826 1884 1065 1963 aliquem
1123 1903 1260 1944 vere
1318 1885 1552 1943 liberum
1619 1885 1852 1943 efficiat.
1939 1886 2086 1943 Stat
2125 1895 2350 1942 ,eontra
2416 1885 2575 1942 ratic)

538 1982 615 2045 (v.
648 1974 831 2040 119),
873 1970 949 2027 cf.
981 1969 1225 2028 Martial.
1256 1969 1301 2040 1,
1333 1973 1436 2040 53,
1473 1973 1584 2032 12:
1617 1968 1789 2041 „Stat
1817 1980 2034 2040 contra,
2066 1968 2312 2048 dicitque
2344 1969 2447 2028 tihi
2478 1979 2576 2027 tua

536 2058 773 2136 pagina:
820 2055 912 2112 fur
941 2074 1005 2113 es
1022 2060 1082 2124 ‚⁴¹⁶
1141 2064 1203 2113 et
1235 2057 1481 2132 garrit,
1528 2074 1582 2112 v.
1614 2074 1744 2113 nnn.
1793 2057 1920 2115 crit.
1955 2056 2176 2114 chiam
2206 2052 2578 2114 Hildehrandi

535 2151 726 2201 annot.
758 2136 830 2198 ad
860 2137 1027 2218 Apul.
1055 2138 1193 2198 Met.
1225 2139 1437 2210 111‚2o‚
1470 2142 1629 2199 cuius
1662 2150 1847 2199 tamen
1879 2138 1950 2199 de
1980 2161 2108 2199 voc.
2135 2141 2355 2217 gonire
2382 2138 2578 2218 dispu-

535 2229 674 2287 tatio
720 2225 853 2283 mihi
899 2221 1120 2304 quidem
1161 2245 1305 2284 vnnn
1335 2224 1576 2284 videtur.
1642 2227 1892 2285 Garrire
1922 2227 2067 2284 sicut
2091 2227 2352 2302 gannire
2381 2227 2440 2283 in
2472 2245 2577 2285 usu

535 2314 713 2374 fuisse
757 2308 980 2368 videtur
1023 2308 1093 2368 de
1138 2310 1251 2369 leni
1296 2330 1563 2382 susurro,
1603 2323 1905 2391 utrumque
1949 2311 2277 2369 vocabulum
2324 2313 2578 2371 sermoni

536 2395 863 2479 quotidiano
895 2405 1112 2475 aptum,
1157 2416 1263 2456 nec
1295 2394 1515 2456 ratione
1548 2398 1687 2455 satis
1720 2396 1992 2475 dignum..
2021 2399 2093 2457 In
2123 2417 2327 2457 aurem
2354 2416 2535 2475 gor-r.
2557 2442 2577 2467 ,

534 2496 598 2544 ut
625 2485 681 2542 in
714 2482 855 2540 locis
886 2481 1054 2539 Mart.
1088 2482 1123 2540 l.
1143 2524 1159 2550 ,
1191 2481 1263 2541 cl.
1294 2480 1532 2552 v1,·21‚
1565 2485 1624 2552 3,
1656 2484 1715 2540 in
1747 2483 1994 2541 auribus
2018 2502 2204 2559 gann.
2238 2482 2414 2560 Apul.
2434 2482 2577 2543 Met.

534 2570 589 2627 V
622 2590 679 2669 p.
721 2571 828 2628 171
881 2566 1023 2625 Elm.
1069 2567 1140 2625 cl.
1187 2567 1592 2637 1uv.X1‚59.
1650 2566 1816 2626 Ratio
1847 2577 2005 2626 vetat
2035 2570 2100 2626 id
2123 2566 2379 2646 faeere,
2425 2568 2586 2647 quod

537 2656 707 2736 quis,
742 2654 870 2733 quia
901 2671 1012 2710 non
1045 2653 1234 2724 novit,
1265 2653 1521 2724 vi'‘‚tmb1t
1556 2673 1679 2711 nam
1705 2654 1947 2732 publica
1981 2654 2082 2711 lex
2110 2654 2429 2724 homimem,
2464 2654 2581 2721 lex,

538 2759 702 2821 quum
748 2757 944 2796 omnes
990 2748 1335 2815 agnoscunt,
1387 2749 1447 2797 et
1474 2748 1742 2811 natura,
1781 2759 1931 2817 quae
1960 2740 2260 2818 uuicuique
2291 2740 2378 2797 rei
2411 2741 2584 2797 insita

538 2836 664 2898 est,
710 2826 819 2883 ltoc
846 2821 960 2901 sas
997 2824 1293 2894 continet,
1341 2833 1413 2882 nt
1449 2825 1684 2882 inscitm
1729 2824 1976 2895 debitae,
2021 2844 2130 2903 qua
2174 2823 2308 2881 nihil
2338 2826 2491 2882 iuste
2522 2835 2582 2883 et

537 2912 703 2991 plene
750 2909 1074 2988 perficitur,
1115 2910 1324 2967 ventos
1366 2918 1534 2966 octus
1579 2919 1813 2980 teneat,
1858 2911 1936 2968 ita
1979 2920 2041 2967 ut
2088 2911 2424 2968 necessario
2455 2928 2581 2968 enm

540 3006 868 3076 sequantur.
943 2992 1327 3073 Quodcunque
1371 2995 1594 3052 inscitia
1626 2997 1775 3071 agit,
1827 2992 1884 3052 id
1911 2995 2142 3053 vetitum
2176 3005 2285 3052 est.
2360 2993 2424 3054 Id
2471 2996 2580 3052 iam

539 3081 758 3141 duobus
789 3080 1061 3156 exemplis
1093 3081 1414 3138 accuratius
1444 3078 1824 3149 demonstrat,
1868 3079 2068 3160 quibus
2110 3081 2278 3139 etiam
2310 3079 2582 3139 Horatius

541 3186 679 3227 usus
709 3177 803 3224 est
818 3173 969 3243 (epp.
992 3164 1058 3233 11,
1082 3169 1432 3243 1‚114sq.)2
1464 3163 1702 3235 „Navim
1735 3184 1913 3241 agere
1945 3164 2176 3242 ignarus
2206 3167 2367 3222 navis
2402 3167 2582 3235 timet,

541 3255 871 3312 abrotonum
905 3269 1080 3326 aegro
1111 3249 1238 3308 Non
1254 3250 1445 3320 audet,
1478 3252 1582 3308 nisi
1600 3252 1690 3328 qni
1712 3249 1922 3319 didicit,
1954 3250 2156 3308 dare.“
2200 3250 2584 3308 Helleborun

543 3338 667 3412 (lV,
718 3339 819 3407 16)
865 3334 1079 3405 diluis,
1127 3335 1332 3394 misces
1380 3356 1527 3416 aqua
1570 3336 1661 3394 vel
1707 3336 1818 3394 alio
1864 3335 2083 3414 liquore
2131 3334 2308 3403 (Cels.
2352 3335 2429 3406 V,
2475 3340 2581 3406 20,

540 3424 715 3483 Varr.
767 3420 834 3480 R.
865 3418 933 3478 R.
981 3418 1089 3491 Vl,
1127 3423 1225 3490 16,
1277 3425 1415 3492 14),
1456 3423 1687 3479 nescius
1726 3439 1971 3478 examen
2014 3431 2175 3479 certo
2217 3440 2584 3499 compescere

534 3516 794 3588 puncto,
840 3524 985 3585 quae
1028 3503 1100 3563 de
1147 3517 1360 3565 statera
1404 3504 1770 3584 intelligenda
1801 3516 1963 3575 sunt,
2003 3510 2058 3563 in
2091 3525 2196 3585 qua
2227 3526 2338 3564 unu
2368 3516 2584 3565 tantum

541 3598 671 3652 lanx
704 3604 828 3662 est,
874 3601 932 3649 et
976 3588 1190 3669 pondus
1223 3591 1278 3650 in
1312 3611 1485 3671 scapo
1520 3590 1772 3668 pendens
1804 3593 2026 3670 punctis
2058 3589 2321 3649 distincto
2354 3612 2586 3651 mensu·

538 3700 659 3739 ram
704 3675 947 3746 indicat,
993 3678 1186 3756 quales
1232 3673 1510 3756 hodieque
1556 3688 1811 3735 servatas
1856 3674 2054 3734 videre
2096 3676 2264 3746 licet,
2310 3677 2395 3736 cf.
2429 3676 2582 3737 Mus.

543 3762 768 3824 norm
812 3772 854 3820 t.
888 3766 988 3823 55.
1050 3761 1359 3832 Cattaueo,
1405 3760 1699 3841 Equeiade
1747 3773 1786 3821 t.
1819 3766 1859 3824 2
1905 3781 1958 3839 p.
1992 3766 2074 3823 75
2104 3781 2189 3839 sq.
2254 3764 2438 3821 Vetat
2477 3763 2588 3820 hoe

539 3859 762 3909 natura
796 3848 1084 3906 medendi.
1146 3848 1222 3906 Si
1241 3849 1434 3906 navim
1460 3848 1583 3908 sibi
1599 3857 1816 3927 poscat
1840 3856 2054 3906 arator
2075 3856 2449 3924 peronatus,
2485 3866 2588 3925 pe·

541 3954 715 4004 tona,
764 3929 911 4011 quod
955 3943 1048 3990 est
1089 3933 1524 3992 calceamentum
1570 3934 1839 3992 rusticum
1888 3930 2084 4007 (Serv.
2134 3930 2205 3989 ad
2234 3931 2402 4011 Vin-g.
2435 3935 2588 3992 Aen.

540 4019 667 4091 vll,
689 4019 836 4080 690.
874 4015 1176 4089 lsid.xlx‚
1208 4021 1309 4079 34.
1342 4018 1460 4077 Iuv.
1492 4018 1648 4089 XIV,
1674 4022 1840 4091 186),
1871 4019 2038 4076 rudis
2066 4015 2362 4094 Luciferi,
2398 4029 2589 4078 astro-

540 4126 661 4165 rum
690 4103 921 4175 notitia,
968 4123 1077 4182 qua
1108 4113 1277 4164 nauta
1308 4124 1416 4163 non
1448 4113 1638 4184 potest
1668 4123 1870 4165 carere
1889 4147 1908 4177 ,
1957 4123 2136 4183 usque
2169 4100 2314 4163 adeo
2343 4102 2590 4165 destitu-

468 4446 619 4563 x.
