2764 4738
913 436 1323 499 SATIRA
1386 439 1454 500 V.
2122 437 2204 502 55

205 602 360 669 Tolle
381 625 593 669 recens
613 607 864 691 prtinus
882 609 1074 693 piper
1100 630 1135 671 e
1163 609 1418 672 sitiente
1446 609 1675 672 camelo
1692 637 1717 682 ,-

200 705 369 769 Verte
389 707 629 795 aliquid
639 737 664 784 ,-
716 710 902 772 iure!
952 706 1131 788 „Sed
1176 707 1440 795 Iuppiter
1483 711 1765 774 audiet.“
1813 710 1995 775 Eheu

198 805 374 884 Vero,
406 819 799 894 regustatum
833 810 1041 896 digito
1074 810 1395 876 terebrare
1424 813 1691 877 salz'num

249 1011 552 1077 praefertur,
603 1014 672 1066 cf.
706 1015 942 1066 Oudend.
981 1016 1047 1066 ad
1078 1014 1220 1067 Suet.
1255 1014 1377 1068 Ner.
1412 1015 1499 1070 38.
1550 1018 1785 1084 stipulas
1811 1016 1944 1072 W2.
1997 1045 2065 1054 —-
2116 1021 2203 1067 tus

249 1081 308 1130 εἴ.
337 1082 397 1131 ad
427 1081 470 1146 1,
495 1085 586 1134 ⁴3.
624 1110 696 1121 —
730 1085 949 1135 rubrica
980 1083 1082 1152 up.
1101 1084 1177 1136 Tr
1200 1087 1362 1152 (supr.
1393 1085 1456 1149 l).

192 1164 232 1198 v.
255 1149 356 1202 136.
384 1156 627 1216 primum
651 1150 695 1202 R
716 1151 837 1207 1.2.
878 1181 943 1189 —
981 1158 1039 1203 et
1058 1156 1125 1219 pi
1162 1188 1176 1202 .
1207 1154 1313 1205 83.
1352 1182 1424 1191 —
1458 1157 1514 1204 et
1537 1157 1759 1205 sitiente
1774 1154 1834 1206 Α.
1855 1155 1963 1208 133.
1985 1156 2034 1206 5.
2060 1154 2128 1204 Br
2144 1156 2196 1205 2.

245 1218 303 1268 Β,
322 1220 431 1270 1.2.
453 1219 515 1272 Ι).
533 1219 600 1271 G.
629 1219 691 1270 Η.
707 1219 769 1272 L.
789 1220 908 1273 MAE.
924 1222 976 1274 9.
999 1222 1080 1274 11.
1164 1238 1213 1289 p.
1231 1220 1335 1274 1²3.
1354 1221 1405 1274 7.
1443 1222 1512 1275 Ut
1535 1223 1790 1286 vidimus,
1817 1241 1896 1287 ee,
1925 1224 2056 1290 quod
2084 1231 2203 1273 ante

232 1287 512 1352 slitteram
555 1290 612 1339 iu
637 1305 747 1340 eom
814 1290 931 1341 sitis
962 1305 1051 1358 pro
1085 1305 1130 1340 ω
1152 1291 1378 1357 ponitur,
1414 1306 1445 1341 a
1482 1291 1716 1343 librariis
1762 1295 2016 1360 corrumpi
2056 1294 2105 1342 in
2148 1296 2205 1341 et

245 1353 311 1415 (v.
340 1355 400 1406 ad
429 1356 471 1420 1,
503 1358 619 1425 65),
648 1358 725 1409 ita
791 1359 837 1410 ic
863 1373 1068 1425 quoque
1086 1364 1143 1409 et
1156 1359 1314 1409 simili
1342 1375 1522 1410 errore
1547 1367 1722 1411 uatum
1741 1363 2036 1429 suspiceris.
2077 1358 2201 1411 Nam

243 1437 345 1472 cum
373 1424 589 1488 primum
622 1440 679 1474 cs
716 1439 808 1490 pro
837 1440 881 1474 ω
974 1427 1174 1478 suerint
1197 1427 1412 1479 Romani
1447 1428 1538 1492 (cf.
1581 1429 1763 1481 Scaur.
1797 1431 1860 1481 de
1886 1431 2114 1493 orthogr.
2152 1447 2198 1494 p.

241 1489 384 1543 2256.
415 1491 540 1542 isid.
573 1491 722 1556 Orig.
754 1491 797 1555 1,
827 1495 878 1544 ⁴.
907 1441 1078 1545 fflria.
1109 1496 1290 1546 Cenot.
1323 1493 1429 1544 Pis.
1463 1494 1553 1552 IV,
1580 1496 1635 1554 2,
1663 1495 1697 1549 2
1729 1512 1778 1561 p.
1818 1496 1922 1549 447
1948 1497 2085 1562 sqq.)
2130 1498 2201 1546 id-

242 1571 330 1620 que
360 1560 533 1609 serius
558 1559 717 1610 etiam
744 1560 950 1625 quidam
978 1558 1311 1617 retinuerint,
1332 1568 1728 1610 cousentaneum
1760 1574 1883 1610 saue
1909 1564 2135 1619 videtur,
2158 1560 2205 1607 si

243 1625 301 1673 iis
323 1625 497 1676 verbis
515 1660 534 1683 ‚
577 1640 711 1690 quae
741 1639 772 1674 a
801 1623 978 1676 littera
1005 1642 1033 1675 s
1058 1625 1409 1693 incipiebant,
1457 1634 1857 1693 praeponeretur
1897 1627 2205 1695 praepositio

242 1706 320 1753 ex,
353 1708 410 1742 ee
433 1693 611 1760 potius
630 1693 873 1760 scripisse
891 1701 946 1744 et
976 1696 1333 1760 pronuntiasse
1360 1694 1645 1758 Rom-nm
1697 1695 1765 1746 cf.
1794 1695 2092 1747 Schneider.
2121 1710 2202 1758 gr.

245 1759 326 1809 lat.
356 1758 376 1810 l
405 1777 454 1826 p.
493 1762 614 1813 558.
654 1759 846 1813 Verum
884 1769 1036 1813 caute
1059 1769 1227 1814 tanen
1259 1764 1322 1813 de
1360 1764 1441 1813 his
1462 1764 1790 1814 statuendum
1815 1771 1869 1814 et
1901 1763 2203 1823 cavendum,

245 1843 299 1878 ne
327 1829 542 1890 talibus,
575 1845 709 1894 quae
737 1846 829 1897 per
855 1845 912 1882 se
943 1831 1144 1882 incerta
1174 1839 1314 1892 sunt,
1355 1839 1596 1897 tanquam
1631 1837 1948 1897 argumentis
1975 1841 2202 1892 utamur,

243 1898 362 1961 qnod
385 1898 445 1948 C.
480 1897 821 1949 Schmidtium
851 1915 1012 1966 nuper
1039 1900 1227 1952 fecisse
1254 1900 1436 1961 video,
1481 1906 1541 1950 ut
1567 1900 1746 1951 iuven.
1780 1900 1865 1956 lv.
1901 1903 1965 1955 63
1995 1915 2203 1969 pravam

243 1964 500 2017 lectionem
529 1970 770 2017 excessit
794 1968 1104 2020 vindicaret.

191 2033 350 2085 v.137.
382 2035 632 2101 Iuppiter
661 2033 730 2085 of.
760 2036 824 2086 ad
849 2036 914 2099 ΙΙ,
943 2037 1031 2090 22.
1093 2065 1164 2074 -
1209 2038 1374 2087 heheu
1400 2035 1496 2088 P5.
1520 2037 1571 2089 7.
1625 2039 1785 2088 hebete
1815 2039 1852 2087 Β
1872 2040 1920 2089 4.
1940 2039 1988 2087 5.
2039 2038 2206 2087 cullen

246 2102 335 2155 82.
360 2105 570 2154 heuheu
593 2104 653 2154 A.
673 2104 871 2160 Br1.2.
896 2107 946 2156 4.
974 2104 1155 2171 F1(in
1185 2106 1335 2171 ras.).
1365 2107 1417 2160 2.
1446 2106 1507 2156 Η.
1534 2106 1598 2156 L.
1629 2106 1780 2158 Μ10.
1808 2107 1888 2159 11.
1917 2104 2022 2157 112.
2052 2105 2113 2156 Τ.
2135 2106 2199 2157 V.

245 2171 333 2223 ⁶3.
352 2175 404 2224 ⁴.
425 2177 479 2224 5.
507 2173 560 2225 6.
601 2173 706 2223 lieu
735 2174 796 2236 (i.
824 2189 871 2223 e.
901 2174 1130 2238 heuheu)
1156 2173 1218 2224 D.
1251 2173 1315 2225 G.
1346 2173 1389 2224 R
1408 2174 1454 2225 1.
1523 2176 1674 2236 Eheu
1701 2184 1899 2226 rectum
1926 2180 2074 2241 putat
2100 2174 2203 2225 Ou-

245 2240 565 2308 dendorpinm
593 2249 803 2293 secutos
831 2241 893 2292 Η.
921 2242 1217 2309 Peerlkamp
1243 2243 1304 2293 ad
1334 2243 1509 2293 Horat.
1541 2259 1587 2293 c.
1617 2260 1665 2310 p.
1694 2245 1781 2306 80,
1805 2251 1858 2294 et
1882 2245 1931 2294 in
1957 2244 2204 2309 antiquis-

243 2309 327 2358 nis
363 2310 570 2361 Horatii
607 2311 755 2362 codd.
803 2312 1030 2362 inveniri
1065 2312 1127 2362 ad
1166 2314 1216 2362 h.
1247 2312 1284 2362 l.
1314 2318 1540 2363 testatur
1570 2312 1813 2363 Hauthal.
1835 2350 1851 2373 ,
1886 2313 1975 2364 alii
2002 2313 2206 2363 heuheu

244 2382 521 2442 ponendum
554 2382 888 2432 crediderunt
909 2417 925 2445 ,
960 2382 1047 2432 ubi
1071 2382 1233 2448 prima
1258 2382 1657 2448 produceretur,
1699 2382 1767 2433 cf.
1796 2383 2003 2449 specim.
2038 2382 2201 2449 epigr.

190 2527 231 2562 v.
253 2515 354 2567 138.
381 2533 518 2568 varo
544 2516 660 2566 Α.Β
679 2517 725 2567 1.
744 2520 791 2569 5.
824 2517 958 2573 urz.
977 2519 1027 2570 4.
1048 2520 1098 2569 5.
1121 2516 1181 2567 D.
1199 2516 1259 2567 E.
1287 2516 1392 2572 1⁴¹2.
1418 2517 1476 2568 Η.
1494 2516 1545 2569 Μ
1564 2518 1744 2570 1.2.3.
1764 2522 1815 2571 4.
1836 2520 1885 2571 6.
1908 2520 1959 2572 7.
1980 2520 2099 2571 8.9.
2122 2520 2202 2570 10.

249 2584 321 2635 11.
354 2584 463 2638 Ρ1.
483 2585 532 2637 3.
552 2586 604 2637 4.
628 2587 676 2636 5.
695 2584 747 2636 7.
792 2584 971 2638 R1.2.
1018 2586 1113 2637 Tr.
1172 2585 1242 2638 W
1262 2586 1306 2638 1.
1326 2587 1378 2641 2.
1424 2587 1527 2639 «22.
1560 2590 1611 2638 4.
1630 2589 1738 2655 5.y.
1786 2588 1928 2655 prob.
1977 2587 2202 2638 Turneb.

247 2654 399 2703 Advv.
428 2652 560 2712 XX,
587 2654 634 2704 1.
674 2668 838 2704 varro
863 2652 924 2703 L.
943 2653 1005 2705 Τ.
1027 2654 1093 2706 V.
1133 2660 1258 2706 vato
1300 2656 1464 2721 (supr.
1493 2655 1575 2720 re)
1608 2656 1665 2705 C.
1722 2672 1849 2706 vare
1883 2658 1949 2707 Br
1968 2658 2013 2709 1.
2033 2659 2084 2707 6.
2114 2655 2199 2707 ΕἻ

245 2722 309 2783 (ἰιι
332 2724 488 2786 ras.).
515 2719 580 2772 G.
611 2720 729 2773 M5.
758 2721 864 2773 023.
901 2736 1061 2773 verre
1086 2725 1189 2774 α6.
1229 2724 1360 2774 baro
1394 2724 1431 2773 B
1452 2725 1503 2774 3.
1547 2725 1747 2774 Bam.
1786 2724 1889 2790 Mp.
1920 2724 2019 2779 1²2.
2060 2725 2131 2787 Sg
2157 2726 2201 2775 1.

246 2791 374 2854 prob.
402 2791 542 2841 Pith.
567 2790 734 2841 Advv.
779 2789 918 2840 subs.
951 2789 994 2852 1,
1024 2792 1077 2842 8.
1116 2791 1175 2841 C.
1204 2793 1363 2843 Barth
1412 2793 1579 2843 Advv.
1617 2792 1780 2854 xm,
1802 2794 1853 2845 6.
1909 2795 2071 2844 barro
2097 2794 2201 2844 Pe.

247 2860 375 2924 Apud
409 2859 709 2910 Ciceronem
730 2858 793 2909 de
817 2857 1005 2909 finibus
1022 2858 1084 2921 11,
1110 2860 1196 2919 23,
1225 2859 1309 2913 77.
1340 2862 1403 2912 (1ο
1430 2862 1592 2911 divin.
1623 2861 1691 2920 11,
1720 2863 1943 2924 70,144.
1983 2861 2111 2928 Epp.
2141 2864 2205 2912 ad

245 2927 353 2978 fam.
380 2927 478 2989 lx,
505 2927 595 2990 26,
622 2927 673 2978 3.
701 2927 764 2977 ad
791 2929 951 2979 Attin.
979 2928 1046 2992 V,
1078 2928 1159 2991 11,
1189 2929 1219 2979 6
1245 2944 1310 2978 ex
1335 2931 1539 2996 optimis
1565 2931 1714 2980 libris
1760 2930 2012 2980 scribitur
2053 2932 2206 2987 baro,

248 2994 325 3045 ubi
356 3004 527 3047 tanen
565 2997 654 3046 alii
680 3011 812 3047 varo
837 3003 891 3046 et
933 3013 1058 3048 vero
1105 2998 1364 3062 praebent.
1440 2998 1493 3048 ln
1534 2999 1757 3049 Petronii
1795 3015 1952 3050 coena
1985 2998 2208 3050 Trimal-

243 3065 431 3115 chionis
474 3065 586 3115 cod.
625 3063 1013 3130 Traguriensis,
1054 3066 1141 3131 qui
1169 3067 1332 3128 solus,
1377 3074 1435 3116 ut
1464 3075 1639 3118 nolum
1666 3075 1781 3127 est,
1818 3084 1927 3119 eam
1954 3070 2204 3129 servavit,

245 3132 316 3182 bis
345 3134 502 3185 habet
543 3134 672 3184 baro
697 3149 744 3183 c.
781 3134 867 3185 53.
902 3134 986 3185 63.
1038 3133 1265 3184 Eandem
1303 3135 1514 3186 formam
1556 3143 1737 3187 tuetur
1774 3136 1973 3201 quidem
2010 3138 2209 3202 glossa-

249 3203 369 3253 rium
397 3202 463 3252 fl.
494 3201 741 3268 Stephani
766 3219 814 3268 p.
843 3202 943 3253 27:
998 3203 1148 3265 baro,
1174 3198 1339 3272 ἀνήρ,
1381 3220 1559 3255 verum
1585 3205 1795 3256 videtur
1817 3208 1909 3256 hoc
1949 3207 2012 3256 ad
2046 3207 2207 3256 serio-

247 3285 343 3321 rem
370 3287 519 3321 nsum
550 3271 826 3338 pertinere.
878 3270 1067 3335 Quodsi
1090 3273 1289 3335 glossa:
1345 3275 1526 3335 barbo,
1564 3268 1815 3339 βάκηλος,
1855 3274 2003 3338 (ibid.
2033 3291 2080 3341 p.
2117 3274 2205 3337 28)

247 3354 272 3386 a
297 3339 599 3405 quibusdum
638 3340 937 3390 emendatur
976 3341 1139 3403 baro,
1191 3348 1358 3406 potest
1390 3344 1483 3392 hoc
1517 3357 1760 3408 perquam
1802 3350 1973 3409 aptum
2014 3344 2204 3400 videri,

250 3423 351 3459 nam
374 3403 631 3477 βάκηλος,
657 3409 790 3473 quod
815 3410 1104 3459 eunuchum
1131 3411 1216 3460 vel
1239 3409 1585 3461 effeminatum
1614 3411 1909 3495 siffnilicare
1934 3411 2083 3470 solet,
2126 3417 2207 3461 est

246 3478 411 3539 etiam,
442 3485 501 3528 ut
524 3476 811 3548 Hesychius
836 3477 1028 3543 aliique
1047 3479 1366 3540 grammatici
1396 3479 1630 3543 tradunt,
1656 3498 1687 3531 o
1710 3480 1874 3548 μέγας
1895 3476 1935 3543 ἢ
1957 3476 2204 3544 ἀνόητος,

245 3561 365 3610 quae
389 3545 702 3611 significatio
729 3549 844 3597 usui
874 3563 925 3596 v.
953 3546 1082 3597 baro
1111 3561 1235 3596 sane
1264 3548 1470 3612 egregie
1497 3550 1756 3599 convenit.
1818 3549 2009 3599 Verum
2039 3556 2206 3599 tamen

246 3616 418 3679 barbo,
453 3631 484 3666 a
513 3615 675 3666 barba
699 3616 989 3678 oriundum,
1019 3615 1281 3679 significat
1304 3617 1613 3678 barbatum,
1648 3625 1703 3668 et
1725 3618 1767 3668 si
1800 3619 2096 3668 consideres
2141 3618 2207 3665 Ιο-

247 3697 342 3745 cos,
371 3692 430 3735 ut
461 3683 641 3735 luveu.
674 3684 764 3745 lv,
801 3683 933 3736 103:
967 3683 1150 3749 facile
1165 3690 1267 3744 est,
1298 3685 1521 3736 barbato
1550 3689 1821 3751 imponere
1845 3690 1983 3751 regi,
2014 3686 2208 3736 intelli-

247 3767 327 3813 ges
350 3755 444 3803 hoe
471 3768 522 3802 v.
546 3759 600 3803 et
632 3752 800 3803 simile
825 3753 987 3804 barbo
1026 3753 1160 3818 poni.
1185 3769 1331 3820 posse
1365 3769 1455 3820 pro
1490 3756 1681 3806 stulto.
1757 3754 1930 3821 Quare
1971 3756 2209 3821 quamvis

248 3821 538 3873 verisimilia
558 3821 651 3872 illa
675 3822 963 3872 emendatio
993 3823 1082 3886 sit,
1108 3838 1198 3887 pro
1220 3830 1362 3874 certa
1385 3830 1553 3873 tamen
1584 3839 1645 3873 ea
1676 3840 1773 3873 non
1805 3839 2075 3890 possumus
2107 3824 2207 3873 uti.

249 3889 384 3941 Baro
412 3890 540 3941 illud
581 3890 815 3941 omnibus
856 3890 985 3941 loeis
1023 3898 1217 3942 certam
1243 3892 1670 3956 significationem
1703 3893 1876 3957 habet,
1922 3909 2088 3959 neque
2117 3893 2213 3943 du-

248 3956 374 4011 bium
398 3959 522 4010 mihi
550 3967 631 4009 est
651 3997 665 4023 ,
707 3960 827 4025 quin
857 3959 991 4010 idem
1041 3960 1249 4010 verbum
1279 3962 1360 4010 hic
1384 3962 1661 4012 habeamus
1680 3997 1694 4024 ,
1739 3963 1827 4013 ubi
1860 3963 2009 4013 unice
2036 3968 2208 4029 aptum

247 4035 337 4079 eat.
383 4026 620 4079 Formam
649 4042 780 4078 varo
799 4035 968 4079 autem
1005 4029 1227 4088 servari,
1264 4044 1358 4079 uon
1386 4031 1532 4094 quasi
1553 4031 1797 4091 nesciam,
1831 4033 1881 4080 in
1908 4030 2058 4080 codd.
2078 4044 2212 4080 sem-

247 4110 328 4160 per
351 4098 591 4150 confundi
627 4098 831 4149 litteras
859 4098 887 4149 b
912 4105 964 4149 et
994 4114 1042 4161 v,
1074 4105 1126 4150 et
1155 4100 1267 4149 siue
1301 4098 1623 4151 dubitatione
1652 4100 1713 4151 ab
1742 4100 2025 4152 editoribus
2063 4113 2209 4166 posse
