2764 4738
488 371 523 508 <³-
626 463 635 477 ¹
981 448 1146 509 SAT.
1181 450 1249 520 11,
1284 453 1382 514 56.
2092 448 2213 514 133

210 634 368 674 rerum
397 617 759 678 humanarum
805 621 1133 693 maximum,
1182 642 1305 681 cum
1350 623 1498 698 grati
1541 619 1723 680 videri
1754 622 1978 692 volunt,
2010 642 2213 682 conse-

210 711 403 759 crant.“
470 705 719 764 Fratres
761 708 904 764 aem·
955 709 1175 785 quinam
1234 705 1587 784 intelligendi
1648 709 1789 778 sint,
1823 706 2043 767 dubium
2103 719 2211 767 est.

210 788 393 860 Acron,
421 798 479 846 ut
507 799 754 849 testatur
796 790 978 850 schol.
1013 791 1083 850 ad
1116 791 1171 849 b.
1216 793 1288 863 l.,
1317 790 1548 851 tradidit
1590 794 1644 850 iu
1687 795 1905 872 porticu
1937 791 2213 871 Apollinis

212 869 417 931 Palatini
457 874 502 931 L
544 873 855 934 Danaidum
902 877 1080 936 fuisse
1130 877 1355 955 efligies
1418 889 1478 937 et
1531 888 1729 937 contra
1773 897 1874 937 eas
1921 879 2024 936 sub
2083 876 2212 937 divo

210 956 408 1017 totidem
452 971 752 1038 equestres
808 962 1043 1020 filiorum
1092 961 1361 1041 Aegypti.
1409 961 1718 1021 Danaidum
1767 974 1989 1022 statuae
2021 964 2076 1021 in
2118 963 2212 1021 illa

208 1045 395 1117 porticu
424 1047 642 1123 positae
675 1047 843 1104 etiam
875 1047 943 1104 ab
975 1048 1101 1124 aliis
1133 1059 1643 1107 commemorantur
1688 1047 1971 1127 (Propert.
2004 1048 2100 1120 Ill,
2130 1052 2212 1111 29

207 1127 420 1208 [11‚23].
448 1135 508 1191 4.
560 1129 720 1189 Ovid.
765 1131 841 1192 A.
880 1133 950 1190 A.
982 1133 1023 1204 Ι,
1072 1137 1152 1194 73
1200 1153 1288 1212 sq.
1333 1132 1461 1192 Am.
1508 1133 1577 1203 11,
1623 1138 1682 1206 2,
1715 1139 1774 1195 4.
1820 1134 1994 1193 Trist.
2026 1134 2120 1204 111,
2157 1138 2213 1204 1,

206 1216 275 1274 60
314 1220 488 1295 sqq.),
533 1216 681 1275 unde
728 1214 1029 1287 discimuS,
1076 1218 1253 1277 fuisse
1300 1239 1402 1277 eas
1445 1220 1595 1278 inter
1637 1218 1923 1278 columnas
1965 1221 2214 1297 porticus

202 1299 512 1371 collocatae,
560 1322 783 1381 unaque
827 1323 951 1362 cum
982 1305 1050 1362 iis
1094 1315 1311 1382 patrem
1344 1304 1595 1363 Danaum
1627 1306 1825 1364 stricto
1868 1323 2029 1364 ense.
2075 1302 2216 1364 Per-

204 1387 373 1443 mirum
401 1406 539 1445 vero
571 1386 809 1459 accidit,
866 1388 1014 1468 quod
1058 1410 1327 1469 nusquam
1360 1389 1841 1468 Aegyptiadarum
1875 1391 2214 1449 mentionem

204 1470 393 1530 faciunt
419 1475 729 1551 scriptores
750 1517 766 1546 ,
800 1477 891 1553 qui
915 1473 1203 1535 Danaides
1236 1474 1601 1546 admirantur,
1633 1477 1783 1556 atqui
1815 1477 2212 1557 quinquaginta

203 1566 400 1616 statuae
442 1569 743 1638 equestres
806 1579 1024 1619 aeneae
1084 1562 1252 1620 etiam
1295 1560 1506 1620 Romae
1550 1581 1644 1620 res
1689 1574 1816 1620 erat
1846 1559 2212 1619 admiratione

203 1661 321 1702 sane
349 1641 533 1721 digna.
596 1642 774 1703 Porro
817 1665 919 1704 cur
945 1645 1200 1726 Aegypti
1246 1647 1372 1704 filiis
1425 1658 1646 1706 statuae
1693 1657 1993 1726 equestres
2038 1665 2212 1724 pone-

201 1738 391 1799 rentur,
435 1729 585 1788 nulla
616 1742 878 1809 quantum
923 1730 1087 1790 video
1119 1752 1295 1791 causa
1339 1731 1576 1792 inveniri
1609 1743 1816 1810 potest.
1891 1732 2081 1804 Quare
2113 1751 2213 1789 ve-

197 1832 334 1882 rcor,
375 1835 445 1874 ne
490 1817 544 1873 in
590 1816 695 1874 bac
739 1819 1062 1876 narratione
1107 1838 1274 1877 error
1303 1816 1522 1895 quidam
1555 1820 1718 1888 insit,
1751 1829 1811 1877 et
1841 1828 2062 1877 statuae
2094 1819 2212 1875 Ae·

194 1899 567 1977 gyptiadarum
600 1922 708 1960 non
742 1904 902 1961 nimis
933 1903 1090 1961 lirmo
1121 1904 1236 1961 talo
1266 1906 1598 1962 consistant.
1631 1904 1842 1963 Verum
1873 1915 1935 1963 ut
1979 1904 2212 1974 fuerint,

198 1985 280 2044 bic
307 2005 402 2044 eos
433 1987 488 2044 in
519 1998 707 2047 mente
740 1988 953 2048 babere
986 1988 1219 2048 Persius
1250 2010 1359 2048 non
1392 1992 1591 2068 potuit.
1652 1987 1892 2051 Primum
1926 1992 2072 2049 euim
2103 2009 2212 2047 non

194 2081 279 2128 est
315 2071 583 2132 credibile
647 2072 901 2154 Aegypti
945 2075 1087 2133 filios
1133 2076 1348 2133 somnia
1393 2077 1616 2135 misisse
1663 2087 1722 2134 et
1765 2088 2027 2155 tanquam
2073 2072 2211 2134 deos

194 2155 438 2216 fatidicos
491 2161 912 2219 venerationem
960 2162 1291 2239 accepisse,
1351 2171 1466 2220 tum
1526 2180 1609 2221 ex
1653 2161 1750 2234 tali
1815 2161 2214 2241 quinquaginta

193 2253 481 2301 statuarum
515 2245 667 2303 serie
699 2242 770 2303 ad
801 2243 1163 2304 ordinandam
1198 2249 1470 2323 porticum
1514 2247 1937 2318 collocatarum,
1969 2249 2118 2305 inter
2147 2265 2211 2304 se

192 2330 349 2407 igitur
376 2330 795 2403 simillimarum,
827 2352 992 2391 unum
1023 2332 1330 2393 alterumve
1362 2331 1565 2393 eximie
1612 2332 1922 2393 beneficum
1969 2331 2212 2391 habitum

193 2414 377 2486 fuisse,
409 2426 469 2475 et
499 2416 594 2475 tali
625 2436 764 2495 prae
796 2421 1005 2477 ceteris
1035 2418 1264 2477 barbam
1284 2439 1386 2496 pro
1415 2419 1590 2478 lubitu
1638 2414 1916 2479 deaurare
1962 2417 2212 2487 licuisse,

191 2502 275 2558 vix
303 2502 432 2560 mibi
479 2501 873 2580 persuadeam.
922 2503 1075 2563 Nihil
1118 2501 1300 2581 magis
1342 2503 1566 2565 videtur
1607 2515 2079 2574 consentaneum,
2140 2500 2211 2561 de

190 2607 288 2664 quo
319 2589 485 2646 etiam
517 2587 696 2646 schol.
728 2591 1032 2667 cogitavit,
1077 2609 1240 2669 quam
1256 2588 1502 2669 fratres
1545 2590 1865 2667 intelligere
1895 2592 2214 2648 De'oscuros

192 2673 302 2731 sive
351 2676 655 2734 Castores.
720 2673 785 2731 Hi
830 2676 977 2732 cuim
1025 2694 1229 2752 magna
1271 2675 1417 2753 apud
1462 2675 1744 2734 Romanos
1789 2685 1848 2735 et
1890 2695 1996 2753 per
2041 2685 2213 2732 totam

190 2757 389 2817 ltaliam
419 2760 786 2818 veneratione
820 2760 1152 2819 fruebantur
1197 2760 1495 2832 (Klausen.
1525 2759 1674 2820 Aen.
1711 2762 1758 2820 11
1790 2782 1849 2838 p.
1887 2764 2008 2822 663
2042 2764 2212 2838 sqq.)‚

189 2844 273 2901 dii
304 2847 512 2922 magni
544 2844 891 2904 vocabantur
934 2844 1119 2919 (Gt-ut.
1166 2849 1268 2917 98,
1325 2851 1387 2908 9.
1434 2844 1611 2906 Orell.
1660 2866 1714 2903 n.
1764 2849 1985 2918 1565),
2047 2846 2214 2902 vitam

189 2930 529 3009 salutemque
591 2927 831 3003 dabant,
888 2942 946 2990 et
1002 2932 1144 2989 sicut
1205 2932 1465 3010 populum
1513 2931 1818 2991 Romanum
1865 2928 1936 2989 de
1979 2931 2218 2987 victoria

191 3015 499 3086 monebant,
561 3018 777 3074 somnia
824 3036 1044 3096 quoque
1092 3016 1323 3075 fatidica
1364 3019 1590 3076 mittere
1635 3027 1917 3094 poterant.
2014 3014 2214 3092 Neque

187 3097 414 3160 deerant
444 3100 658 3160 Romae
686 3120 876 3159 eorum
912 3104 1072 3179 signa
1117 3121 1329 3171 aenea,
1376 3104 1525 3161 inter
1555 3123 1697 3182 quae
1732 3102 2016 3179 Hegesiae
2051 3099 2214 3175 (Plin.

190 3184 451 3258 XXXIV,
482 3192 543 3256 8,
593 3189 695 3260 19)
748 3187 1122 3246 celeberrima
1169 3189 1269 3260 (cf.
1317 3187 1630 3259 Welcker,
1677 3185 1840 3246 akad.
1887 3186 2215 3245 Kunstmus.

189 3289 239 3347 p.
272 3276 389 3334 133
420 3292 566 3351 sqq.
615 3270 706 3331 ed.
754 3278 928 3345 nov.).
989 3272 1201 3331 Verum
1250 3273 1303 3331 bi
1336 3271 1411 3330 dii
1457 3293 1686 3350 semper
1715 3275 1949 3332 iuvenes
1981 3291 2217 3349 reprae-

190 3358 582 3427 sentabantur,
615 3377 720 3416 nec
768 3370 1002 3435 possunt
1047 3358 1316 3436 intelligi,
1362 3358 1454 3416 ubi
1501 3357 1572 3416 de
1605 3378 1779 3417 aurea
1809 3357 1984 3415 barba
2029 3378 2216 3415 sermo

190 3454 287 3499 cst.
356 3440 640 3502 Videntur
683 3446 867 3520 potius
912 3445 1123 3502 fratres
1164 3446 1289 3501 aeni
1336 3444 1666 3502 ioculariter
1708 3442 1782 3502 dii
1813 3444 1865 3501 in
1901 3444 2216 3502 universum

190 3530 362 3587 vocati
408 3548 574 3600 esse,
622 3529 819 3607 quibus
864 3528 1117 3587 omnibus
1160 3539 1382 3588 statuae
1432 3549 1506 3588 ex
1549 3549 1686 3588 aere
1730 3529 2083 3607 ponebantur
2115 3529 2213 3600 (cf.

190 3609 346 3672 Varr.
379 3612 452 3673 R.
489 3612 558 3672 R.
607 3613 651 3684 Ι,
687 3619 755 3674 1:
818 3613 1018 3693 Neque
1059 3624 1249 3673 tamen
1294 3634 1397 3672 eos
1430 3615 1676 3673 urbanos
1708 3613 1866 3691 [deos
1899 3614 2216 3690 invocabo],

191 3717 412 3775 quorum
444 3701 722 3777 imagines
770 3698 840 3757 ad
884 3700 1065 3758 forum
1110 3711 1343 3758 auratae
1391 3709 1574 3770 stant,
1608 3720 1715 3758 sex
1746 3719 1930 3758 mares
1963 3710 2023 3759 et
2053 3700 2215 3757 femi-

191 3802 286 3842 nae
316 3784 615 3857 totidem),
662 3786 867 3864 quique
914 3785 1038 3844 fere
1084 3805 1284 3844 omnes
1331 3787 1561 3844 somniis
1594 3797 1652 3844 et
1683 3786 1971 3844 nocturnis
2004 3784 2215 3843 visibus

191 3865 432 3929 bomines
465 3890 697 3929 monere
728 3868 1131 3930 credebantur.
1162 3868 1363 3950 Neque
1398 3872 1783 3930 necessarium
1816 3880 1926 3940 est,
1959 3868 2028 3929 de
2060 3871 2217 3928 incu-

190 3950 493 4014 bationibus
550 3955 843 4035 cogitare,
903 3955 1098 4035 quales
1143 3956 1197 4013 in
1250 3955 1581 4036 Aesculapii
1640 3958 1986 4035 potissimum
2047 3965 2213 4033 atque

196 4035 472 4118 Serapidis
532 4041 755 4119 templis
816 4042 994 4100 locum
1054 4040 1340 4099 habebant
1402 4042 1502 4113 (cf.
1551 4041 1746 4112 Wolf,
1806 4062 1983 4100 verm.
2048 4039 2210 4098 Scbr.

192 4140 238 4198 p-
268 4129 389 4190 382
421 4147 544 4207 sqq.
577 4126 913 4187 Thorlacius
963 4146 1091 4209 opp.
1136 4127 1208 4186 111
1239 4146 1292 4205 p.
1346 4132 1463 4189 127
1497 4147 1618 4207 sqq.
1664 4127 1941 4206 Buttiger.
1989 4124 2161 4187 ldeeu
2195 4125 2217 4182 1
