2764 4738
519 410 651 478 2⁷⁸
980 413 1246 477 scnoL.
1274 404 1382 477 AD
1416 412 1588 475 SA'r.
1622 415 1668 487 1,
1701 418 1826 478 13⁴
1850 449 1937 461 -—
1959 415 2030 487 11,
2064 421 2125 478 1.

521 586 720 645 facere
751 581 1149 645 creditoribus.
1212 585 1369 664 Ergo
1400 586 1449 645 si
1481 584 1793 645 huiusmodi
1823 584 2081 644 homines
2112 581 2409 644 derisores
2442 597 2576 644 sunt

520 690 709 732 rernm
769 671 1183 750 propositarum
1228 690 1264 730 a
1305 692 1429 742 me,
1485 672 1722 731 invicem
1779 671 2004 730 mutabo
2049 689 2245 730 eornm
2291 670 2468 728 risum
2515 672 2573 729 iu

520 755 817 826 lacrimas,
875 754 1226 815 ostendendo
1257 758 1341 816 eis
1371 756 1615 817 edictum
1658 758 2035 836 praetorium,
2087 757 2248 815 cuins
2295 766 2570 833 aspectus

518 840 868 901 debitoribus
912 841 1195 900 horribilis
1242 852 1366 914 est3
1420 861 1488 902 ac
1531 843 1866 921 simulatque
1910 842 2247 901 incaluerint
2275 851 2447 919 potu,
2495 839 2569 899 «lo

517 928 602 987 eis
646 925 975 987 cantandam
1026 924 1373 1004 tragoediam
1415 938 1623 1007 poetae
1668 926 1956 987 cuiusdam
2001 925 2245 996 indocti,
2288 928 2387 1005 qui
2425 927 2570 985 Cal-

518 1015 708 1073 liroen
737 1012 829 1071 vel
862 1013 1101 1092 aliquam
1133 1013 1426 1074 historiam
1461 1009 1759 1091 pueriliter
1787 1024 1845 1071 et
1876 1011 2101 1071 indocte
2131 1012 2387 1088 scripsit.
2434 1011 2568 1081 Vel,

516 1110 577 1158 ut
616 1098 713 1157 alii
758 1097 980 1168 dicunt,
1024 1097 1166 1157 haec
1219 1098 1524 1157 Callirhoe
1568 1097 1811 1178 nympha
1853 1097 1990 1167 fuit,
2036 1117 2199 1177 qnam
2234 1096 2399 1156 Paris
2434 1108 2566 1157 ante

517 1183 773 1245 Helenae
817 1193 1033 1261 raptum
1082 1182 1362 1254 habebat,
1432 1202 1578 1263 qnae
1623 1181 1852 1242 deserta
1897 1183 2121 1241 multum
2166 1181 2378 1241 dicitur
2417 1184 2565 1262 rupti

514 1269 722 1328 amoris
781 1266 948 1328 dulce
1005 1269 1233 1328 flevisse
1296 1269 1664 1329 consortium.
1734 1267 1893 1327 Hanc
1939 1265 2290 1328 comoediam
2335 1270 2567 1346 scripsit
2691 1313 2696 1317 .

514 1355 716 1413 Atines
773 1354 945 1413 Celer
985 1354 1299 1432 pueriliter.
1378 1354 1489 1415 Vel
1534 1364 1696 1414 certe
1752 1353 2001 1412 Calliroe
2039 1353 2383 1432 pantomima
2440 1354 2561 1412 l'nit.

512 1440 682 1499 Mane
727 1457 869 1515 ergo
914 1437 1155 1498 edictum
1188 1440 1502 1518 praetoris,
1548 1439 1771 1499 seilicet
1799 1438 1872 1497 ob
1902 1438 2155 1516 culpam,
2200 1439 2293 1497 vel
2326 1448 2567 1518 propter

515 1545 617 1585 nes
647 1523 887 1583 alienum
909 1567 926 1594 ‚
971 1522 1178 1590 deinde
1208 1533 1341 1604 post
1367 1522 1660 1603 prandium
1689 1525 1858 1583 animi
1887 1524 2229 1603 voluptates.
2288 1524 2444 1584 Nolo
2476 1543 2563 1583 me

515 1611 708 1688 legant
736 1610 1135 1681 circulatores,
1185 1610 1279 1689 qni
1317 1629 1482 1670 mane
1513 1607 1759 1670 edictum
1791 1610 2042 1669 consulis
2074 1620 2171 1668 aut
2197 1610 2561 1690 imperatoris

512 1696 717 1777 populo
749 1697 1021 1767 recitant,
1053 1693 1285 1757 meridie
1315 1694 1466 1758 levia
1493 1697 1743 1757 carmina
1772 1692 1982 1755 dicunt.

1045 2133 1796 2200 SATIRA
1939 2133 2017 2200 11.

684 2313 743 2371 1.
792 2310 963 2368 Hunc
991 2309 1264 2368 Macrine
1298 2309 1469 2368 diem.
1517 2308 1674 2371 Hanc
1704 2321 1953 2388 satyram
1985 2308 2182 2369 scribit
2212 2306 2285 2368 ad
2319 2309 2556 2371 Plotium

508 2392 816 2454 Macrinum
860 2392 932 2454 de
977 2393 1123 2453 bona
1170 2404 1395 2466 mente,
1451 2397 1842 2476 significatque
1893 2393 2092 2455 eodem
2148 2394 2240 2455 die
2301 2396 2557 2457 eiusdem

507 2478 745 2540 Macrini
804 2480 1046 2539 natalem
1094 2499 1265 2551 esse,
1322 2500 1486 2560 quem
1536 2480 1734 2541 diebus
1785 2482 1912 2541 latis
1960 2481 2088 2539 albo
2130 2480 2356 2540 calculo
2401 2493 2555 2541 more

508 2565 863 2626 Cretensium
912 2565 1123 2626 indicat
1167 2564 1584 2643 assignandum.
1662 2563 1802 2627 Nam
1849 2569 2161 2626 Cretenses
2208 2566 2556 2627 diffinientes

507 2651 676 2710 vitam
725 2671 801 2710 ex
844 2651 1058 2710 laetitia
1102 2662 1409 2721 constare,
1456 2649 1580 2710 dies
1630 2652 1811 2711 laetos
1843 2652 1970 2711 albo
2004 2652 2224 2730 lapillo,
2267 2664 2326 2711 et
2359 2656 2556 2712 tristes

507 2737 669 2815 nigro
711 2734 1069 2810 indicabant3
1129 2746 1329 2814 postea
1374 2747 1638 2815 computo
1685 2737 1840 2796 facto
1900 2738 2209 2815 lapillorum
2265 2735 2556 2810 videbant,

507 2832 746 2901 quantos
776 2820 899 2881 dies
932 2822 987 2880 in
1019 2842 1166 2881 anno
1200 2822 1381 2881 laetos
1414 2824 1707 2893 vixerant,
1753 2824 1841 2883 vel
1877 2822 2227 2894 habueruut,
2261 2834 2323 2881 et
2354 2843 2459 2884 eos
2491 2843 2554 2883 se

504 2908 719 2968 vixisse
748 2904 1217 2967 testificabantur.
1271 2905 1416 2966 Nam
1449 2909 1616 2966 etiam
1649 2909 1704 2967 in
1739 2909 1948 2967 tumulo
1978 2907 2267 2967 cuiusdam
2301 2910 2383 2968 ita
2415 2909 2555 2968 scri-

504 2992 782 3052 bebatnrz
854 2994 1028 3052 Via-it
1066 3011 1252 3052 annos
1296 3001 1423 3064 tot,
1474 2995 1723 3053 duravit
1757 3004 1951 3053 autem
1999 3003 2089 3052 !ot
2123 2999 2162 3052 ¹.
2227 2993 2335 3052 Est
2366 3006 2551 3053 autem

502 3077 598 3138 hie
628 3097 832 3138 sensns
864 3087 926 3139 et
953 3078 1007 3137 in
1041 3077 1276 3137 Horatio
1308 3082 1364 3136 2:

843 3165 1056 3223 Cressa
1088 3184 1162 3222 ne
1192 3172 1406 3221 careat
1419 3163 1684 3242 pulchra
1715 3165 1840 3224 dies
1869 3173 2029 3223 nota.

502 3247 579 3307 Et
621 3246 761 3308 dicit
802 3246 1108 3328 placandos
1155 3248 1311 3308 Deos
1358 3268 1469 3306 uon
1526 3250 1829 3308 sumtuosis
1889 3249 2218 3320 sacrificiis,
2279 3245 2385 3307 sed
2430 3250 2551 3308 solo

503 3354 694 3406 mero,
727 3331 857 3393 ideo
889 3332 1034 3414 quod
1066 3333 1351 3392 Macrinus
1385 3332 1518 3391 nihil
1549 3333 1808 3393 iniustum
1842 3335 1913 3394 ab
1944 3336 2029 3395 eis
2060 3344 2251 3414 petat,
2300 3335 2412 3393 nisi
2442 3334 2554 3394 hoc

502 3420 719 3491 solum,
766 3419 910 3500 quod
960 3421 1142 3498 possit
1182 3420 1349 3478 etiam
1397 3420 1521 3479 sine
1566 3420 1860 3479 sacrificiis
1907 3421 2139 3480 mereri.
2196 3418 2356 3479 Bona
2401 3422 2551 3479 euim

740 3604 845 3655 mili
882 3602 977 3654 sub
1016 3602 1274 3655 Hadriano
1312 3603 1609 3687 praefecto,
1649 3605 1776 3655 haec
1814 3610 1994 3655 narrat
2028 3602 2125 3655 Dio
2163 3603 2313 3656 Cass.
2347 3603 2545 3667 LXIX,

740 3675 786 3723 ἰν
809 3669 953 3741 ἃγρῴ·
979 3667 1173 3739 ἥσυχος
1200 3670 1337 3723 ἑπτα
1361 3670 1455 3738 ἔτη
1480 3670 1550 3724 τὰ
1572 3668 1740 3723 λοιπὰ
1759 3673 1857 3724 τοῦ
1891 3673 2014 3741 βίον
2048 3666 2265 3742 διήγαγε
2285 3710 2301 3735 ,
2337 3680 2429 3724 καὶ
2457 3670 2553 3724 ἐπι·

768 3743 958 3807 μνῆμα
1000 3738 1167 3793 ahto&
1205 3740 1367 3793 τοῦτο
1409 3737 1506 3793 ἐπέ
1535 3757 1742 3810 power,
1779 3737 1867 3794 ὅτι
1915 3737 2127 3808 Σίμιλισ
2166 3740 2269 3809 μέν
2298 3738 2549 3794 ἐνταῦθα

749 3847 767 3870 ,
802 3808 955 3878 βιοὺς
991 3809 1092 3876 μὲν
1134 3809 1226 3875 ἔτη
1267 3807 1438 3871 τόσα,
1516 3808 1650 3876 ἡσας
1694 3805 1752 3861 δὲ
1790 3807 1882 3876 ἔτη
1921 3808 2079 3861 ἑπτά.
2140 3810 2334 3863 Eadem
2370 3828 2438 3863 ex
2469 3811 2540 3863 lo.

746 3879 821 3930 sis
866 3879 998 3930 libro
1043 3875 1172 3946 περὶ
1223 3874 1597 3948 ἆρχαωλογίασ
1647 3880 1842 3931 inedito
1892 3880 2111 3947 protulit
2149 3879 2442 3932 Salmasius
2478 3880 2545 3931 ad

778 3964 935 4015 Hadr.
977 3964 1034 4017 tt
1076 3981 1125 4046 p.
1166 3966 1266 4027 77,
1322 3966 1421 4018 nisi
1457 3967 1587 4034 quod
1627 3967 1698 4017 ibi
1734 3966 1958 4031 leg-itur:
2018 3963 2172 4033 βιοὺς
2208 3964 2312 4031 μὲν
2353 3962 2448 4033 ἔτη
2484 3952 2540 4028 ⁹⁸3,

757 4028 815 4083 δὲ
842 4030 933 4098 ἴτη
964 4030 1120 4084 ἑπτα.

740 4134 746 4151 .
784 4117 945 4154 carm.
984 4102 1027 4167 1,
1065 4103 1151 4166 36,
1194 4104 1277 4156 10.
