2764 4738
880 419 1048 483 SAT.
1078 423 1156 496 V,
1184 424 1271 487 32
1294 455 1379 470 -·
1401 425 1509 485 38.
2097 414 2225 486 187

187 591 341 671 gotia
371 589 563 663 (Mart.
588 590 715 664 xli,
751 596 852 664 18,
880 596 944 656 2.
977 593 1096 653 Iuv.
1122 592 1216 664 111,
1235 598 1295 656 5.
1325 592 1427 664 XI,
1454 597 1622 665 141),
1652 593 1832 653 omnis
1863 591 2096 671 generis
2125 609 2225 652 res

188 675 573 737 vendebantur
604 677 805 749 (Mart.
836 677 960 749 vll,
986 682 1090 749 31,
1130 683 1229 740 12.
1260 678 1338 749 Χ,
1369 682 1473 749 94,
1502 684 1564 749 5)
1583 720 1602 749 ,
1644 687 1704 738 et
1733 678 2004 758 plurimae
2037 695 2227 738 mere·

188 764 357 822 trices
388 762 726 839 prostabant
747 763 940 836 (Mart.
966 762 1065 834 Vl,
1089 767 1191 836 66,
1221 769 1282 826 2.
1313 764 1417 835 xl,
1445 768 1547 835 61,
1573 768 1610 825 3
1629 784 1714 843 sq.
1743 768 1847 835 78,
1867 768 1994 835 11),
2044 780 2224 842 quaro

186 849 477 907 iuvenibus
520 850 830 929 puerisque
871 849 1188 927 periculosa
1219 860 1379 922 erat,
1425 850 1521 929 qui
1550 849 1624 907 ibi
1654 849 1911 927 grassari
1942 848 2224 920 amabant,

185 932 336 1010 (biv.
367 931 467 1002 ΙΙΙ,
501 937 604 1005 13,
631 938 721 1006 2).
787 934 876 993 Cf.
923 934 1138 993 Statius
1181 934 1343 1008 (Silv.
1374 934 1449 1005 V,
1478 939 1541 1005 2,
1570 938 1652 997 68
1682 954 1770 1015 sq.
1777 939 1837 1008 )·
1902 933 2079 1006 Quem
2112 951 2226 992 nou

186 1019 494 1097 corrumpit
532 1020 712 1096 pubes
757 1019 975 1079 effrena
1015 1039 1308 1099 novaeque
1355 1020 1621 1079 Libertas
1666 1029 1973 1098 properata
2016 1027 2224 1094 togae,

185 1105 255 1164 el.
282 1103 459 1181 Prop.
487 1103 590 1176 IV,
611 1108 688 1166 14
718 1101 1323 1205 [111415]‚3sq.1²lut.
1356 1104 1427 1165 de
1453 1103 1583 1165 aud.
1615 1110 1681 1167 1.
1715 1101 1916 1164 Ενιοι
1930 1103 2050 1162 τῶν
2073 1097 2228 1161 νέων

185 1184 307 1265 ἅμα
342 1211 430 1266 τῳ
474 1183 546 1249 τὰ
581 1185 871 1250 παιδικὸν
922 1180 1159 1267 ἱματιον
1218 1185 1579 1250 ἀποθέσθαι
1631 1184 2115 1287 συναποθέμενοι
2154 1180 2225 1249 τὸ

184 1271 501 1333 αἰδεῖσθαι
527 1272 631 1334 καῖ
653 1272 988 1353 φοβεῖσθαι
1017 1274 1124 1333 και
1144 1268 1428 1345 λύσαντες
1452 1270 1562 1348 τὴν
1591 1265 2226 1353 κατασχηματιζούσαν

185 1379 404 1428 aurove
433 1354 761 1438 περιβολὴν
784 1354 975 1429 εὐθὺς
1007 1356 1397 1436 ἐμπίπλανται
1422 1361 1526 1433 τῆς·
1555 1355 1915 1437 ἀναγωγίας.
1967 1360 2223 1436 Cumque

184 1446 295 1502 iter
334 1444 677 1519 ambiguum
718 1455 829 1503 etc.
891 1444 993 1504 nic
1036 1446 1237 1504 iterum
1283 1446 1455 1503 utitur
1483 1446 1725 1522 imagine
1757 1443 1828 1503 de
1859 1442 2080 1522 duplice
2110 1444 2225 1514 via,

183 1548 339 1607 quam
372 1528 469 1600 111,
501 1534 585 1592 56
611 1548 697 1608 sq.
728 1529 1010 1602 adhibuit,
1054 1530 1148 1589 ubi
1191 1549 1249 1590 v.
1293 1550 1441 1609 quae
1483 1528 1783 1612 adscripsi.
1838 1531 2038 1588 Error
2063 1529 2226 1586 vitae

181 1616 453 1684 nescius,
499 1615 595 1693 qui
639 1617 696 1673 in
741 1616 945 1673 iuvene
988 1613 1227 1673 nondum
1269 1619 1417 1674 vitae
1462 1616 1814 1693 experientia
1856 1612 2060 1673 edocto
2088 1631 2224 1673 esse

183 1697 372 1769 debet,
409 1709 632 1758 mentes
663 1701 954 1778 trepidus,
994 1701 1267 1771 incertas,
1297 1702 1534 1758 deducit
1561 1702 1622 1759 in
1665 1701 1917 1778 compita
1960 1715 2222 1769 ramosa,

181 1783 327 1843 unde
372 1783 699 1862 complures
740 1785 904 1853 viae,
948 1788 1107 1865 quasi
1152 1786 1327 1856 rami,
1372 1783 1615 1856 ducunt,
1666 1803 1897 1865 quarum
1946 1802 2225 1863 quaenam

181 1867 452 1946 eligenda
496 1870 606 1939 sit,
653 1871 838 1929 nescit
875 1871 1116 1929 iuvenis.
1175 1868 1439 1929 Notanda
1480 1880 1732 1949 tempora
1762 1868 1986 1929 diversa
2015 1869 2071 1927 in
2102 1869 2224 1928 his:

189 1957 331 2012 Cum
372 1987 464 1997 —-
499 1955 681 2012 cessit
718 1988 799 1999 -—
838 1957 1117 2034 permisit
1138 1987 1220 2001 —
1249 1965 1450 2014 est—
1478 1956 1731 2015 deducit.
1800 1957 1942 2013 Cum
1978 1952 2227 2032 perfecti

181 2039 541 2098 indicativum
587 2038 759 2098 habet
797 2038 1146 2110 adiunctum,
1193 2040 1285 2099 ubi
1331 2041 1683 2117 significatur
1726 2051 1942 2100 eertum
1982 2050 2226 2117 tempus,

182 2144 291 2203 quo
336 2125 494 2182 aetio
537 2125 793 2201 perfecta
836 2145 967 2184 esse
1010 2125 1213 2185 dicitur
1241 2145 1364 2184 eum
1396 2126 1631 2183 alterum
1665 2127 1887 2196 evenit,
1918 2123 2067 2203 qnod
2095 2124 2153 2184 b.
2185 2124 2227 2183 l.

182 2208 374 2268 addito
396 2209 656 2287 primum
685 2209 894 2269 clarius
936 2212 1103 2269 etiam
1136 2212 1440 2281 indicatur,
1487 2212 1586 2283 (ef.
1615 2209 1784 2269 Iacob
1815 2212 1871 2268 in
1898 2209 2055 2268 Iabn.
2083 2228 2222 2269 ann.

187 2299 372 2364 1828,
405 2293 458 2353 ll
488 2314 543 2374 p.
579 2298 749 2367 132).
818 2295 959 2355 Tum
1004 2297 1096 2355 ubi
1129 2295 1256 2377 quid
1288 2307 1451 2355 certo
1481 2306 1736 2375 tempore
1770 2295 1892 2354 lieri
1921 2295 2110 2353 solere
2138 2295 2227 2353 in-

182 2379 441 2451 dicatur,
487 2381 536 2438 si
576 2378 631 2439 id
662 2393 880 2460 tempus
913 2384 1151 2441 actionis
1182 2401 1563 2462 praegressae
1595 2382 1945 2441 absolutione
1977 2390 2226 2454 notatur,

182 2486 307 2526 eum
356 2466 601 2543 perfecti
645 2465 947 2526 indicativo
992 2469 1350 2546 coniungitur
1395 2465 1664 2544 (Madvig.
1711 2466 1783 2526 ad
1814 2466 1936 2525 Cio.
1969 2465 2039 2527 de
2084 2466 2223 2525 finn.

180 2571 237 2630 p.
272 2554 401 2614 690
430 2569 517 2630 sq.
545 2555 729 2623 880„
777 2553 829 2611 si
874 2552 978 2611 boe
1023 2573 1131 2611 non
1177 2552 1249 2611 ad
1293 2554 1662 2631 praeteritum
1705 2563 1924 2630 tempus
1954 2552 2228 2624 refertur,

180 2636 289 2696 sed
319 2640 374 2695 in
407 2637 727 2696 uuiversum
757 2640 836 2696 ita
865 2638 987 2697 fieri
1019 2639 1210 2697 solere
1242 2636 1554 2708 indicatur,
1603 2639 1925 2716 praesentis
1967 2635 2228 2696 indicati-

179 2741 288 2781 vus
319 2722 565 2800 ponitur.
611 2721 801 2794 Quare
833 2722 972 2782 dixit
1012 2722 1245 2783 Persius
1286 2743 1415 2783 cum
1459 2724 1575 2782 iter
1613 2723 1950 2800 ambiguum
1991 2732 2119 2793 est,
2165 2731 2232 2781 et

180 2826 363 2866 error·
405 2816 621 2867 mentes
662 2809 931 2879 deducit,
977 2810 1107 2888 quia
1151 2808 1260 2867 boe
1303 2807 1376 2867 ad
1407 2828 1603 2868 omues
1634 2809 1914 2886 pertinet,
1959 2808 2138 2886 quiin
2169 2804 2228 2868 id

180 2892 393 2952 aetatis
423 2893 660 2970 spatium
691 2894 937 2971 ingressi
967 2905 1115 2953 sunt.
1184 2893 1274 2952 Cr.
1310 2893 1434 2953 Cie.
1465 2914 1520 2972 p.
1554 2893 1747 2953 Plane.
1777 2896 1880 2963 26,
1908 2897 2027 2956 65:
2081 2895 2226 2953 Cum

181 2996 325 3038 casu
366 2975 566 3036 diebus
610 2979 679 3036 iis
722 3012 809 3023 —
853 2978 1121 3038 Puteolos
1166 2979 1317 3038 forte
1362 2981 1684 3049 vem'ssem,
1729 2997 1857 3038 eum
1903 2977 2123 3058 plurimi
2165 2986 2228 3039 et

182 3058 483 3122 lautissimi
510 3063 702 3123 solent
729 3082 863 3123 esse
892 3065 949 3122 in
980 3065 1050 3122 iis
1081 3065 1222 3134 loci,
1267 3062 1488 3124 concidi
1517 3083 1724 3144 paene.
1791 3064 1894 3122 Me
1934 3063 2048 3122 tibi
2082 3083 2226 3142 sup-

174 3150 394 3226 posui,
439 3159 504 3206 ut
544 3148 712 3208 filium
757 3146 1142 3221 adscitieium,
1190 3168 1354 3229 quem
1401 3150 1508 3208 sihi
1552 3168 1872 3227 supponere
1904 3149 2095 3208 dieunt
2123 3168 2226 3227 pa-

181 3243 382 3293 rentes
428 3231 639 3307 (Plaut.
684 3233 825 3293 Cist.
859 3234 930 3307 11,
960 3238 1022 3306 3,
1057 3241 1156 3297 11.
1200 3234 1370 3293 Truc.
1398 3234 1498 3306 lv,
1527 3239 1589 3306 3,
1619 3238 1748 3307 30).
1819 3236 1904 3293 Tu
1942 3235 2224 3313 suscipis,

184 3316 334 3398 quod
380 3329 575 3396 patres
619 3318 911 3391 fecerunt,
960 3320 1052 3400 qui
1082 3320 1294 3379 liberos
1326 3320 1715 3398 agnoscebant
1754 3319 1915 3392 (Ter.
1943 3317 2123 3378 Andr.
2152 3318 2226 3391 11,

184 3408 251 3475 3,
279 3407 387 3475 27)
421 3414 651 3463 teneros
678 3421 862 3462 annos
885 3406 1021 3465 sinu
1053 3406 1153 3479 (cf.
1185 3405 1395 3465 Senee.
1421 3404 1574 3464 Med.
1609 3408 1767 3467 284:
1817 3405 1932 3463 Hos
1964 3415 2227 3482 paterno,

183 3498 249 3549 ut
289 3489 549 3566 genitor,
591 3489 866 3567 excipiam
909 3492 1058 3563 sinu)
1098 3491 1443 3560 Socratico,
1490 3501 1688 3549 saneto
1718 3509 1942 3561 amore,
1974 3509 2083 3569 quo
2117 3488 2226 3548 So·

183 3584 379 3633 erates
435 3575 673 3634 iuvenes
731 3576 1020 3653 amplexus
1063 3586 1188 3647 est,
1246 3574 1317 3634 de
1364 3596 1473 3655 quo
1519 3574 1952 3635 dissertationes
1996 3576 2228 3654 scripsit

181 3657 465 3718 Maximus
494 3658 705 3738 Tyrius
738 3660 953 3733 (xxlv
968 3665 1146 3741 sqq.).
1188 3663 1395 3720 Mores
1418 3662 1671 3720 intorms
1689 3704 1709 3733 ,
1743 3680 1948 3721 curvos
1981 3660 2099 3735 (111,
2117 3664 2224 3733 52)

183 3746 455 3803 extendit
485 3746 701 3823 regula
729 3747 1003 3823 apposita
1028 3748 1066 3804 i.
1103 3765 1157 3806 e.
1187 3747 1447 3824 apposita
1475 3746 1674 3824 regula
1702 3747 2005 3806 fleetuntur
2032 3756 2094 3806 et
2122 3765 2226 3806 ex-

183 3828 526 3899 tenduntur,
556 3828 737 3889 donee
767 3833 911 3890 recti
941 3831 1108 3902 fiant,
1138 3833 1217 3891 ef.
1248 3831 1458 3891 Senee.
1492 3850 1621 3910 epp.
1652 3832 1721 3902 L,
1751 3835 1822 3894 6:
1868 3829 2136 3904 „Robora
2166 3832 2224 3891 iu

185 3926 402 3975 reetum
435 3917 686 3994 quamvis
716 3917 865 3975 flexa
894 3917 1226 3988 revocabis;
1258 3928 1523 3976 curvatas
1544 3919 1736 3977 trabes
1768 3917 1928 3977 calor
1955 3916 2224 3996 explieat,

185 4010 247 4059 et
272 4002 448 4060 aliter
476 4011 643 4059 natae
675 4001 728 4059 in
759 3999 813 4059 id
829 4002 1133 4080 linguntur,
1164 4000 1310 4082 quod
1324 4021 1461 4061 usus
1490 4012 1690 4062 noster
1721 4004 1959 4082 exigit.“
2005 4001 2223 4080 Regula

186 4083 391 4147 dicium
417 4086 634 4146 sollers
643 4084 909 4165 fallere,
943 4108 1053 4147 non
1084 4106 1230 4167 quae
1260 4087 1528 4148 sollerter
1559 4086 1741 4158 fallit,
1790 4086 1894 4148 sed
1925 4106 2067 4167 quae
2099 4086 2222 4146 sol-
