2764 4738
889 437 1610 502 PROLEGOMENA.
2093 461 2274 502 xxvn

202 612 404 676 bendi
469 611 626 676 ratio
699 610 844 674 iude
914 610 1214 695 pendeat:
1296 610 1373 674 de
1433 631 1550 694 qua
1613 629 1685 675 re
1744 609 2087 676 accuratius
2147 611 2266 678 erit

204 715 627 780 tractandum.

393 816 628 899 Quodsi
655 817 746 880 ita
762 812 1043 881 Persium
1076 815 1559 881 doctissimorum
1591 826 1735 881 tunc
1766 818 2056 902 temporis
2086 827 2264 901 atque

200 920 689 985 clarissimorum
730 930 1189 1003 praeceptorum
1218 917 1602 983 institutione
1634 920 1906 1003 gavisum
1939 940 2078 983 esse
2109 920 2263 985 vidi-

200 1042 387 1099 mus,
430 1021 594 1086 idem
639 1022 1023 1104 egregiorum
1067 1031 1128 1084 et
1171 1019 1437 1084 moribus
1479 1020 1845 1104 ingenioque
1877 1022 2266 1086 excellentis-

201 1125 623 1207 simorumque
653 1124 921 1188 virorum
954 1123 1393 1188 consuetudine
1423 1143 1568 1187 usus
1600 1134 1732 1201 est,
1782 1144 1933 1207 quae
1980 1134 2262 1207 quautam

198 1232 332 1295 vim
375 1231 448 1293 ad
499 1229 632 1292 eius
676 1225 940 1290 animum
984 1225 1361 1289 formandum
1409 1227 1778 1290 contulerint
1828 1211 2006 1291 facile
2064 1236 2266 1310 potest

203 1330 495 1414 eogitari.
547 1327 777 1392 Horum
809 1329 1127 1412 plerosque
1157 1349 1268 1413 per
1298 1325 1633 1392 Cornutum
1666 1330 1992 1413 cognovit:
2038 1329 2103 1393 iu
2136 1328 2264 1410 qui-

201 1432 323 1497 bus
353 1434 477 1497 duo
509 1441 904 1495 numerantur
930 1430 1045 1495 viri
1069 1475 1086 1509 ,
1136 1450 1286 1513 quos
1330 1430 1848 1495 sanctissimorum
1892 1442 1955 1495 et
1984 1431 2264 1494 doctissi-

201 1556 446 1600 morum
493 1534 673 1598 laude
720 1543 942 1597 mactat
984 1533 1151 1598 vitae
1193 1544 1446 1614 auctor,
1505 1544 1567 1597 et
1622 1555 1755 1598 cum
1814 1534 1924 1597 sub
1987 1530 2263 1598 Cornuto

200 1637 507 1722 magistro
535 1636 763 1701 acriter
787 1633 1335 1720 philosophassent‚
1368 1656 1577 1700 eorum
1611 1637 1894 1702 convictu
1923 1657 2091 1702 usum
2123 1656 2260 1701 esse

199 1734 495 1803 Persium
537 1747 786 1813 namt,
836 1739 936 1821 qui
981 1756 1190 1801 eorum
1238 1739 1437 1802 studio
1481 1738 1798 1823 flagrabat.
1873 1738 2106 1803 Horum
2151 1760 2263 1803 no-

202 1842 374 1904 mina
417 1840 641 1903 iniuria
683 1839 1066 1904 librariorum
1111 1851 1394 1930 corrupta
1426 1841 1571 1905 licet
1599 1841 1834 1925 quidem
1866 1862 2095 1905 summa
2128 1862 2261 1904 cum

202 1941 641 2030 probabilitate
670 1943 996 2008 restituere
1016 1989 1035 2020 ‚
1068 1952 1314 2026 praeter
1342 1943 1493 2006 haec
1532 1964 1682 2007 vero
1715 1943 2024 2028 nihil-fere
2055 1954 2261 2007 notum

204 2057 322 2110 αἱ.
368 2045 579 2128 Atque
611 2045 861 2109 alterius
890 2042 1264 2110 Petronii
1304 2043 1887 2122 Aristocratis,
1934 2043 2261 2131 Magnesia

202 2146 491 2224 oriundi,
538 2148 730 2211 solum
773 2157 1054 2212 tenemus
1101 2166 1361 2225 nomeu,
1411 2148 1660 2210 alterius
1708 2146 2021 2212 Claudii
2063 2148 2261 2233 Aga-

203 2249 588 2326 tbemeri‚
648 2246 1165 2327 Lacedaemonii,
1227 2250 1484 2328 medici,
1548 2250 1909 2336 epitaphium
1950 2260 2260 2319 servatum

203 2374 349 2419 esse
389 2352 660 2418 videtur.
724 2348 879 2416 Cum
920 2353 1081 2416 enim
1109 2353 1273 2417 inter
1301 2374 1604 2417 marmora
1637 2350 2026 2420 Oxoniensia
2056 2365 2264 2422 exstet

203 2458 415 2542 cippus
436 2503 455 2535 ,
520 2457 622 2539 qui
680 2456 797 2520 viri
856 2456 1162 2520 cuiusdam
1225 2467 1289 2522 et
1337 2457 1635 2535 feminae,
1698 2458 2009 2541 utriusque
2057 2469 2261 2523 aetate

203 2559 650 2644 provectioris,
714 2568 1017 2641 protomas
1064 2569 1129 2622 et
1176 2559 1338 2622 infra
1392 2579 1499 2623 eas
1550 2579 1812 2641 sequens
1868 2561 2258 2647 epigramma,

202 2685 240 2727 a
288 2659 586 2727 Seldeuio
603 2657 861 2744 (Marm.
894 2660 1222 2726 Arundell.
1257 2680 1318 2746 p.
1366 2660 1452 2726 49
1482 2681 1545 2723 n.
1579 2659 1698 2742 28)
1728 2662 1979 2747 primum
2007 2664 2255 2739 editum,

201 2773 549 2828 monstrat:

375 2859 722 2939 Κλαύδιος
751 2862 944 2951 ἰητὴρ
978 2861 1454 2952 Ἀγωθήμερος
1494 2860 1750 2935 ἐνθάδε
1777 2880 2030 2954 κεῖμαι,

469 2965 822 3052 Παντοίης
851 2964 1102 3042 δεδαώς
1129 2966 1467 3054 κραιπνόν
1498 2966 1761 3056 ἅκεσμα
1793 2966 2028 3037 νόσου.

379 3069 627 3142 Ξυνόν
655 3073 855 3140 τοῦτο
888 3070 964 3138 δέ
988 3096 1108 3158 μοι
1138 3073 1254 3140 καὶ
1282 3070 1623 3162 Μυρτάλη
1653 3069 1799 3140 elom
1831 3069 2130 3161 συνεύνῳ

469 3174 765 3260 Μνῆμα.
822 3167 986 3264 μετ’
1018 3169 1352 3262 εὐσεβέων
1396 3169 1468 3242 δ’
1498 3179 1708 3262 ἔσμεν
1738 3181 1816 3242 ἐν
1845 3172 2162 3266 Ἠλυσίῳ.

200 3276 543 3341 Reinesius
592 3278 819 3362 primus
864 3277 1268 3342 coniecturam
1314 3280 1629 3364 proposuit
1673 3280 1838 3363 (epp.
1890 3280 1965 3344 ad
1998 3279 2257 3366 Rupert.

200 3402 260 3464 p.
298 3377 452 3443 539.
487 3390 657 3465 synt.
690 3381 880 3444 inser.
917 3380 1023 3456 XI,
1054 3375 1097 3441 6
1126 3400 1184 3463 p.
1219 3376 1378 3460 610)
1426 3401 1562 3444 esse
1596 3381 1753 3447 bunc
1786 3379 2046 3446 Cornuti
2078 3382 2261 3447 disci-

201 3479 449 3565 pulum,
509 3479 713 3546 Persii
765 3483 1055 3546 amicum:
1120 3502 1272 3565 quae
1326 3482 1605 3547 omnibus
1658 3486 1789 3550 fere
1834 3485 2088 3569 probata
2137 3496 2255 3551 est.

200 3584 596 3668 viscontius‚
660 3585 759 3668 qui
798 3585 1041 3648 ultimus
1085 3583 1200 3649 boc
1231 3597 1685 3651 mouumentum
1718 3587 1908 3651 edidit
1937 3582 2255 3672 (Icouogr.

205 3683 321 3750 Gr.
355 3697 406 3751 t.
443 3684 596 3769 33),
644 3686 876 3776 addidit
915 3687 991 3751 ad
1038 3707 1170 3751 eam
1211 3686 1599 3768 firmandam,
1650 3690 1897 3775 capillos
1938 3690 2260 3756 ordinandi

201 3789 447 3852 modum
468 3834 487 3867 ‚
523 3789 765 3872 qualem
788 3789 851 3852 in
884 3786 1185 3875 Myrtales
1218 3789 1418 3874 effigie
1452 3792 1752 3869 videmus,
1789 3794 1963 3877 plane
1993 3816 2259 3860 consen-

204 3892 319 3955 tire
349 3912 486 3956 cum
516 3892 655 3955 aliis
690 3891 863 3955 huius
897 3892 1184 3975 temporis
1217 3893 1624 3958 monumentis
1654 3895 1724 3977 (l.
1748 3894 1791 3958 l.
1816 3891 1989 3979 t.1p.
2009 3894 2167 3980 288)
2209 3905 2252 3958 ¹.

206 4080 228 4132 ¹
288 4079 450 4145 Quam
512 4080 648 4132 idem
708 4080 982 4134 Reinesius
1042 4079 1177 4151 (epp.
1228 4083 1265 4135 l.
1319 4082 1386 4148 1.)
1457 4085 1671 4151 protulit
1742 4085 2122 4151 coniecturam,
2182 4086 2257 4136 in—

268 4150 632 4217 scriptionem:
