2764 4738
790 427 957 490 SAT.
993 431 1037 501 1,
1101 433 1304 494 119—-
1343 432 1485 494 123.
2074 422 2200 490 113

189 602 539 676 suumvertit3
583 601 663 662 cf.
681 599 844 663 ovid.
864 601 1003 662 Met.
1019 599 1121 673 xl,
1157 604 1278 664 146
1310 619 1433 679 sqq.
1450 599 1746 679 Aristoph.
1783 596 1926 657 Plut.
1957 601 2085 662 287
2112 600 2192 659 ib.

190 686 344 746 schol.
371 685 601 747 Petrou.
634 689 801 767 frgm.
832 708 887 767 p.
920 689 1045 750 876
1075 683 1493 745 Burm.Ausou.
1526 686 1689 764 epist.
1721 682 1931 756 xxm,
1965 688 2042 746 18
2074 704 2197 766 sqq.

195 773 319 830 Cum
344 773 546 832 scrobe
565 817 584 845 ,
621 775 781 853 quasi
825 793 950 833 cum
994 771 1202 831 scrobe
1243 772 1625 850 colloquatur,
1668 769 1796 829 dum
1827 770 1882 829 ei
1912 781 2195 829 secretum

190 876 324 916 suun
353 856 553 917 credit.
586 859 705 918 Hic
736 869 926 918 tamen
958 855 1239 935 infodiam
1272 855 1328 915 h.
1360 876 1415 916 e.
1447 856 1648 916 litteris
1679 852 2034 915 concredam.
2065 858 2197 915 Aze-

190 944 389 1002 n’culas
416 945 615 1003 iocose
645 942 718 1003 de
747 945 965 1022 magnis
996 943 1141 1002 asini
1170 941 1414 1013 auribus,
1445 952 1509 1002 ut
1535 961 1588 1001 v.
1622 945 1723 1004 59.
1775 941 1836 1000 In
1866 942 1982 1000 vita
2012 940 2196 1001 Persii

188 1038 421 1087 narratur
433 1040 661 1107 poetam
693 1029 764 1088 ab
787 1031 945 1088 initio
976 1028 1309 1106 scripsisse:
1350 1027 1682 1086 Auris-ulus
1713 1027 2053 1086 asz'm‘Mz'da
2084 1046 2198 1085 rex

188 1111 370 1185 hahet,
403 1112 458 1172 id
486 1134 630 1174 vero
676 1133 710 1175 a
758 1115 1007 1173 Cornuto
1051 1122 1317 1172 mutatum
1365 1130 1499 1172 esse
1530 1112 1618 1171 int
1674 1113 1805 1190 qmls
1855 1131 1970 1170 non
2001 1112 2195 1171 habet.

185 1196 435 1259 ‘l’imnisse
467 1200 616 1258 enim
649 1198 973 1270 Cornutum,
1003 1218 1076 1259 ne
1101 1195 1156 1256 id
1186 1199 1241 1256 in
1274 1217 1340 1257 se
1370 1195 1577 1257 dictum
1607 1207 1833 1276 putaret
1859 1195 2038 1256 Nero.
2079 1196 2193 1256 Iam

185 1302 304 1342 vero
330 1283 437 1343 boc
466 1295 723 1364 apertum
765 1295 890 1357 est,
938 1286 1017 1343 ita
1049 1284 1351 1343 Cornutum
1381 1293 1600 1341 mutare
1629 1282 1875 1342 voluisse
1906 1281 1963 1342 h.
1994 1301 2102 1354 vs.‚
2134 1292 2199 1341 ut

182 1377 343 1427 tanen
385 1372 668 1429 sententia
698 1370 805 1429 sibi
835 1379 1147 1442 constaret,
1177 1378 1237 1427 et
1265 1377 1657 1427 removeretur
1683 1365 1771 1440 id,
1802 1366 1949 1447 quod
1979 1368 2034 1426 in
2064 1386 2196 1427 ver-

183 1452 256 1512 bis
281 1456 648 1534 periculosum
680 1454 862 1515 videri
890 1464 1106 1533 posset.
1166 1453 1241 1512 Et
1279 1473 1485 1513 revera
1528 1451 1724 1513 eadem
1770 1454 2053 1512 sententia
2082 1463 2192 1524 est,

182 1542 420 1598 utrumvis
450 1541 635 1618 legas.
680 1540 826 1600 Nam
856 1560 980 1600 cum
1010 1550 1130 1599 tota
1161 1539 1337 1597 satira
1361 1540 1416 1597 in
1449 1558 1519 1597 eo
1550 1549 1880 1617 argumento
1908 1548 2192 1610 versetur,

181 1633 233 1681 nt
257 1623 592 1686 demonstret
622 1644 747 1686 eam
776 1628 1074 1697 rationem,
1107 1644 1214 1704 qua
1247 1624 1506 1702 plerique
1538 1634 1648 1682 tum
1683 1624 1903 1682 litteras
1933 1623 2191 1683 amabant

181 1719 234 1768 et
256 1711 587 1782 tractabant,
619 1731 947 1791 perversam
978 1727 1111 1771 esse
1143 1720 1202 1769 et
1231 1708 1453 1787 dignam
1486 1727 1630 1787 quae
1661 1710 1993 1786 castigetur,
2025 1728 2195 1788 aper-

181 1803 274 1852 tum
302 1807 406 1867 est,
436 1796 585 1856 banc
626 1798 799 1875 ipsam
846 1797 1185 1855 seutentiam
1235 1793 1307 1854 de
1354 1813 1528 1873 pravo
1573 1795 1657 1852 sui
1702 1795 1973 1872 temporis
2005 1792 2190 1853 studio

178 1878 291 1938 illud
319 1893 571 1959 opertum
605 1901 775 1952 esse,
819 1880 967 1961 quod
1012 1891 1181 1960 poeta
1227 1879 1416 1939 libello
1463 1876 1671 1939 tradat.
1723 1877 1784 1938 Si
1812 1880 1985 1956 igitur
2012 1876 2187 1939 dixit:

179 1967 463 2025 auriculas
493 1969 658 2026 an'raez'
674 1968 843 2026 Mida
871 1987 984 2026 rex
998 1967 1193 2039 habet,
1230 1965 1539 2023 orationem
1572 1983 1727 2022 suam
1758 1974 1929 2021 totam
1962 1984 2191 2043 compo-

178 2052 274 2108 suit
299 2050 365 2110 ad
396 2052 643 2111 fabulam
688 2053 871 2124 illam,
915 2071 1023 2131 qua
1065 2049 1279 2109 ludicre
1309 2068 1445 2109 usus
1475 2059 1601 2121 est,
1643 2068 1828 2129 neque
1870 2052 2041 2109 Mida
2078 2069 2191 2109 rea.-

178 2147 350 2195 certus
398 2137 601 2218 aliquis
648 2138 812 2196 homo
859 2147 978 2209 est,
1039 2135 1141 2196 sed
1185 2156 1276 2207 ea,
1335 2137 1385 2194 si
1428 2135 1549 2207 vis,
1603 2153 1877 2213 persona,
1936 2137 1993 2193 in
2025 2154 2187 2215 quam

176 2222 422 2292 eontulit,
465 2221 726 2302 quicquid
767 2225 823 2282 in
856 2219 1054 2281 studiis
1099 2222 1388 2280 litterariis
1418 2217 1833 2299 improbandum
1866 2238 1935 2279 ac
1970 2222 2192 2300 vitupe-

176 2304 384 2365 randum
414 2319 718 2381 censeret,
751 2309 936 2367 omnia
968 2306 1244 2387 deniqne,
1277 2324 1424 2387 quae
1454 2307 1509 2364 in
1555 2305 1661 2363 hae
1690 2306 1864 2363 satira
1904 2307 2187 2364 tractavit.

175 2389 321 2452 Patet
360 2394 538 2471 igitur
576 2395 697 2453 sine
752 2395 1069 2454 sententiae
1115 2392 1452 2453 detrimento
1497 2392 1745 2470 potuisse
1798 2402 2022 2471 poetam
2083 2392 2189 2452 hoc

173 2479 318 2537 etism
377 2480 562 2558 magis
616 2479 966 2559 generaliter
1019 2479 1371 2557 significare,
1446 2487 1506 2537 et
1556 2474 1750 2537 dicere
1778 2498 1793 2535 ε
1883 2479 2191 2537 auriculas

172 2565 312 2622 asini
348 2566 484 2642 quis
525 2583 639 2623 non
683 2565 902 2624 habet?
958 2576 1018 2623 ut
1058 2566 1218 2623 initio
1261 2569 1338 2638 (v.
1373 2561 1443 2641 8)
1489 2561 1743 2622 dixerat=
1816 2564 2029 2621 Romae
2060 2565 2194 2640 qm's

171 2653 314 2707 non?
358 2647 521 2721 Quod
553 2669 663 2708 non
695 2651 772 2708 ita
803 2649 1220 2730 accipiendum,
1260 2650 1419 2728 quasi
1460 2658 1591 2707 tuuc
1645 2649 1752 2706 iam
1785 2648 1839 2704 in
1872 2657 2059 2707 mente
2091 2647 2191 2706 ba-

173 2731 363 2805 buerit,
395 2733 544 2815 quod
577 2755 721 2795 nunc
753 2734 935 2794 addit:
981 2737 1287 2795 aurei-ulus
1314 2735 1475 2792 asini
1498 2733 1693 2802 habet,
1749 2730 1852 2791 sed
1881 2731 2027 2811 quod
2059 2743 2190 2792 tunc

169 2816 599 2897 indignabundus
630 2822 869 2891 reticet,
915 2818 969 2878 id
1016 2836 1089 2878 ex
1117 2822 1189 2878 iis
1219 2838 1496 2899 apparere
1525 2819 1674 2889 vult,
1707 2837 1850 2896 quae
1882 2837 1986 2897 per
2016 2828 2188 2879 totam

169 2906 378 2963 satiram
411 2914 639 2976 tractat,
671 2916 730 2964 et
758 2925 905 2965 nunc
937 2905 1042 2964 hoc
1075 2903 1238 2963 modo
1269 2903 1423 2976 dicit,
1456 2906 1581 2984 quia
1614 2913 1775 2982 aptus
1807 2912 1898 2962 est
1926 2900 1995 2961 ad
2028 2903 2188 2962 fabu-

169 2986 298 3061 lam,
339 3010 448 3070 qua
491 2992 686 3048 utitur.
741 2989 943 3070 Neque
990 3010 1126 3049 vero
1157 2988 1290 3048 illud
1321 2991 1453 3068 quis
1481 3009 1595 3048 non
1630 2987 2049 3066 intelligendum
2079 3000 2187 3060 est,

169 3076 315 3151 quasi
345 3075 519 3147 dicat,
550 3095 743 3134 omnes
772 3076 1039 3146 insanire,
1072 3094 1135 3134 se
1166 3075 1346 3134 solum
1380 3094 1572 3133 sanum
1601 3092 1733 3133 esse
1785 3093 1978 3132 verum
2010 3076 2189 3132 inter-

168 3158 483 3236 pretandum
512 3162 785 3219 exanimo
814 3159 1175 3238 indignantis,
1211 3161 1301 3240 qui
1328 3158 1506 3230 videt,
1534 3116 1817 3242 quantdm
1831 3160 1914 3218 sit
1935 3160 1995 3217 in
2013 3159 2191 3218 rebus

169 3244 348 3306 inane.
382 3244 474 3304 Cf.
507 3264 561 3304 v.
596 3248 676 3307 50
742 3247 900 3322 Quid
933 3265 1047 3304 non
1090 3247 1249 3304 intus
1277 3243 1500 3302 habet?
1545 3243 1659 3303 Iam
1685 3242 1740 3301 id
1771 3244 1903 3303 mihi
1947 3264 2187 3303 consen·

165 3337 372 3388 uneum
403 3328 646 3404 videtur,
676 3330 933 3390 Persium
963 3330 1034 3389 ab
1061 3332 1219 3390 initio
1262 3330 1562 3408 scripsisse
1609 3326 1752 3409 quod
1784 3348 2017 3408 prorsus
2049 3350 2187 3388 con-

164 3415 373 3474 veniret
415 3415 675 3488 fabulae,
722 3416 1025 3476 Cornutum
1055 3435 1218 3486 vero,
1264 3435 1387 3474 cum
1428 3413 1689 3485 vidisset,
1730 3433 1889 3493 quam
1932 3414 2101 3473 multa
2132 3416 2188 3474 in

168 3497 260 3558 bae
288 3499 469 3559 satira
500 3498 651 3559 dicta
680 3512 896 3573 essent,
922 3520 1067 3580 quae
1098 3499 1168 3560 ad
1184 3499 1472 3560 Neronem
1505 3501 1737 3578 eiusque
1767 3497 1953 3558 studia
1978 3501 2187 3559 referri

164 3592 360 3644 tantum
392 3605 502 3644 non
535 3584 843 3658 deberent,
873 3585 1245 3664 improbasse,
1287 3583 1435 3664 quod
1477 3588 1644 3643 etiam
1675 3584 1848 3643 verba
1878 3587 2187 3664 posuisset,

166 3688 296 3747 quae
310 3670 603 3730 Neronem
625 3674 784 3753 quasi
804 3681 1203 3743 monstrarent,
1228 3671 1579 3748 alterumque
1611 3671 1958 3748 reposuisse.
1990 3669 2185 3752 Itaque

164 3753 223 3811 ab
268 3756 378 3816 hac
423 3768 589 3835 parte
630 3778 740 3816 non
783 3755 947 3816 video
997 3754 1127 3836 quid
1159 3756 1367 3839 opponi
1397 3755 1580 3834 possit
1622 3756 1964 3827 narrationi,
2024 3775 2185 3835 quam

162 3843 481 3901 auctoritate
514 3862 623 3901 non
655 3841 979 3902 destitutam
1009 3860 1142 3900 esse
1184 3861 1287 3899 suo
1329 3841 1457 3899 loco
1489 3838 1925 3900 demonstratum
1956 3852 2067 3901 est.
2099 3876 2188 3888 —

165 3924 364 3984 Baiter-e
391 3946 576 3986 meum
608 3928 684 3986 cf.
714 3949 765 3987 v.
801 3931 862 3991 9.
894 3926 954 3987 In
997 3926 1187 3986 verbis
1234 3926 1416 3985 simile
1458 3935 1549 3986 est
1590 3922 1724 3983 illud
1753 3924 2185 3986 Trimalchionis

167 4007 406 4081 (Petron.
443 4015 584 4084 52):
632 4013 859 4085 „Meum
888 4011 1212 4091 intelligere
1244 4011 1393 4070 nulla
1413 4012 1652 4091 pecunia
1664 4010 1913 4070 vendo.“
1942 4013 2187 4071 Iliasest

169 4093 290 4155 Anii
322 4098 433 4155 iam
464 4117 636 4177 supra
666 4107 975 4159 memorata
1004 4118 1058 4156 v.
1092 4100 1193 4159 5⁰.

235 4201 469 4243 rannus.
1729 4186 1767 4243 8
