2764 4738
853 430 1017 491 SAT.
1053 431 1120 503 11,
1153 436 1234 494 57
1263 465 1347 475 --
1378 434 1480 493 60.
2089 426 2211 492 135

177 599 310 661 lude
349 603 517 681 liquet
565 604 738 661 etiam
779 600 1011 661 barbam
1071 603 1403 681 saepissime
1447 601 1628 661 fuisse
1673 599 2041 670 deauratam,
2101 622 2212 680 quo

176 698 393 766 spectat
418 689 710 747 notissima
750 684 820 746 de
865 686 1142 766 Dionysio
1185 699 1430 770 tyranno
1463 686 1709 758 sabella,
1757 688 1853 767 qui
1882 685 2213 764 Aesculapii

177 783 394 832 statuae
440 793 672 832 auream
715 773 948 831 barbam
989 770 1278 844 detraxit,
1332 773 1457 832 Cic.
1504 770 1578 831 N.
1612 771 1683 829 D.
1715 771 1813 844 111,
1858 775 1962 841 34,
2008 774 2090 832 83
2136 769 2212 830 ib.

176 859 655 936 intpp.—-Somn.
677 860 798 937 pit.
814 878 1002 936 purg.
1035 859 1113 917 cf.
1134 856 1206 916 ad
1221 857 1269 928 Ι,
1304 862 1450 920 118.
1483 859 1738 928 Pituita,
1769 854 1948 917 tribus
1979 856 2214 935 syllabis

173 941 633 1022 pronuntiandum
665 944 746 1003 cf.
766 943 903 1002 Hor.
937 941 1060 1001 Sat.
1091 943 1162 1015 11,
1193 947 1318 1006 276
1348 940 1825 1002 ib.fleind.Both.
1858 939 1930 1000 ad
1962 940 2035 1012 ll,
2061 945 2122 1012 8,
2157 945 2213 1002 1.

180 1031 337 1088 Vasa
362 1030 593 1088 Numae
641 1029 837 1088 fictilia
866 1039 1029 1100 suut,
1089 1028 1287 1108 quibus
1315 1028 1410 1087 ille
1457 1030 1512 1087 in
1559 1028 1857 1086 sacrificiis
1904 1028 1986 1085 uti
2034 1028 2217 1097 iussit,

176 1133 346 1193 saepe
390 1133 427 1173 a
467 1114 737 1174 Romanis
783 1114 1155 1192 scriptoribus
1207 1124 1472 1193 tauquam
1528 1114 1793 1192 antiquae
1839 1112 2216 1190 simplicitatis

175 1200 492 1259 testimonia
522 1209 983 1271 commemorata,
1013 1218 1245 1279 qnorum
1277 1210 1465 1258 tamen
1496 1200 1673 1258 certis
1716 1197 2014 1257 sacrificiis
2046 1197 2216 1256 etiam

176 1286 483 1344 serioribus
540 1285 890 1362 temporibus
952 1283 1284 1343 remanebat
1341 1302 1500 1341 usus.
1595 1281 1973 1341 Nominantur
2029 1292 2216 1340 autem

174 1371 475 1448 praecipua
503 1371 816 1448 capedines
861 1367 1009 1439 (Cic.
1043 1366 1121 1428 N.
1157 1367 1227 1427 D.
1275 1368 1368 1440 111,
1404 1373 1504 1439 17,
1548 1371 1653 1428 43.
1687 1364 1892 1426 Parad.
1940 1367 1985 1437 1,
2015 1371 2077 1438 2,
2116 1372 2217 1438 11)

175 1464 232 1511 et
258 1454 547 1529 simpuvia
596 1452 741 1525 (Cic.
788 1472 909 1530 rep.
956 1452 1055 1524 VI,
1098 1456 1161 1525 2,
1213 1459 1314 1515 11.
1372 1452 1488 1511 Iuv.
1520 1453 1619 1523 vl,
1666 1456 1814 1516 343.
1861 1451 2004 1511 Plin.
2036 1450 2103 1511 Η.
2136 1451 2213 1510 Ν.

177 1536 417 1607 XXXV,
454 1542 555 1608 12,
594 1541 700 1599 46.
730 1537 901 1616 Apul.
949 1538 1097 1615 apol.
1143 1559 1199 1617 p.
1232 1544 1377 1602 285.
1427 1537 1570 1596 Elm.
1615 1535 1885 1596 Prudent.
1917 1539 2116 1616 perist.
2148 1536 2218 1606 11,

179 1627 319 1694 514,
350 1623 429 1685 cf.
462 1621 683 1684 Ruben.
727 1622 938 1683 Electt.
970 1622 1041 1694 11,
1073 1628 1133 1685 8.
1166 1624 1236 1682 Η.
1269 1624 1388 1683 Iun.
1421 1625 1642 1682 animm.
1674 1623 1742 1694 11,
1792 1627 1890 1685 10.
1922 1623 2114 1682 Beier.
2149 1620 2219 1698 ad

179 1707 294 1767 Cic.
325 1706 492 1767 Lael.
523 1712 629 1780 25,
662 1712 791 1781 96).
845 1709 1083 1768 Omnino
1130 1711 1334 1787 privati
1365 1728 1587 1788 quoque
1621 1709 1905 1787 antiquam
1938 1710 2220 1767 severita-

179 1803 287 1852 tem
318 1804 618 1852 servantes
666 1794 928 1853 fictilibus
970 1794 1475 1861 sacrificabantur,
1517 1793 1716 1872 quibus
1758 1794 1979 1852 luxuria
2027 1813 2218 1852 aurum

178 1889 344 1958 atque
375 1889 673 1956 argentum
705 1875 1097 1945 substituerat,
1128 1895 1184 1934 v.
1215 1877 1397 1955 intpp.
1431 1875 1643 1936 Tibull.
1677 1876 1722 1946 1,
1757 1880 1815 1948 1,
1845 1879 1948 1937 38.
1994 1872 2220 1933 Mediae

179 1959 371 2019 ltaliae
402 1959 642 2036 populos
674 1960 916 2038 antiquis
958 1958 1310 2038 temporibus
1338 1978 1482 2020 aere
1525 1960 1650 2020 solo
1682 1971 1959 2041 umquam
1992 1968 2219 2018 moneta

182 2063 312 2102 usos
343 2044 545 2112 fuisse,
576 2052 637 2103 et
666 2043 977 2118 serioribus
1008 2055 1221 2104 tautum
1250 2046 1599 2122 temporibus
1631 2060 1882 2103 nummos
1913 2049 2223 2117 argenteos

180 2147 499 2207 aureosque
514 2128 570 2186 in
596 2128 988 2186 commercium
1000 2129 1231 2186 venisse
1262 2136 1452 2185 notum
1470 2135 1580 2197 est,
1605 2144 1789 2205 neque
1808 2123 2013 2183 desunt
2025 2121 2226 2182 bodie·

182 2214 681 2359 tat-³335?
696 2209 1164 2378 ῗῗωὲὅῗὲξῗ·
1182 2209 2225 2373 {³33⁹Ji'ssssffl'ssssfssifflg

184 2383 271 2445 del
298 2403 502 2444 museo
534 2384 931 2443 Kircberiano.
971 2383 1137 2443 Rom.
1176 2377 1364 2445 1839.
1401 2382 1646 2461 Lepsius
1689 2383 1900 2442 Inscrr.
1938 2380 2135 2441 Umbr.
2169 2390 2231 2439 et

185 2471 367 2531 Oscae
399 2480 443 2528 t.
475 2473 576 2532 29.
611 2474 764 2542 30.).
810 2469 966 2529 Haec
996 2488 1142 2529 aera
1172 2470 1467 2528 Saturnia
1498 2478 1665 2527 vocat
1695 2467 1949 2538 Persius,
1981 2468 2131 2547 quia,
2164 2475 2227 2524 ut

185 2558 260 2615 ait
284 2553 616 2616 Macrobius
649 2553 797 2628 (Sat.
829 2555 874 2626 1,
906 2560 969 2629 7)
1001 2555 1200 2625 Ianus,
1231 2574 1356 2613 cum
1387 2555 1597 2632 primus
1628 2572 1767 2613 aera
1797 2555 2074 2631 signaret,
2105 2568 2230 2610 ser·

185 2642 334 2701 vavit
362 2651 427 2700 et
453 2642 508 2699 in
542 2639 652 2700 hoe
673 2638 903 2700 Saturni
933 2640 1333 2712 reverentiam,
1364 2649 1446 2711 ut,
1479 2638 1851 2718 quoniamille
1883 2639 2011 2696 navi
2043 2638 2233 2695 suerat

186 2725 499 2798 advectus,
545 2745 623 2784 ex
664 2746 775 2785 una
814 2723 1038 2805 quidem
1081 2735 1245 2804 parte
1290 2725 1378 2783 sui
1428 2725 1629 2803 capitis
1675 2724 1900 2804 effigies
1943 2743 2018 2782 ex
2047 2723 2234 2781 altera

186 2832 326 2871 vero
354 2813 518 2871 navis
549 2812 986 2889 exprimeretur.
1030 2809 1330 2870 Aerarium
1362 2820 1548 2869 autem
1579 2810 1634 2867 iu
1669 2806 1813 2868 aede
1848 2807 2078 2867 Saturni
2105 2808 2232 2875 fuit,

185 2897 330 2957 Plut.
362 2918 458 2978 qu.
488 2895 651 2955 Rom.
679 2901 785 2959 42.
815 2895 1068 2955 Macrob.
1115 2894 1238 2954 Sat.
1268 2896 1313 2967 1,
1359 2898 1420 2956 8.
1464 2895 1634 2953 Varr.
1665 2893 1736 2953 L.
1766 2892 1836 2952 L.
1865 2893 1940 2965 V,
1976 2897 2094 2956 183
2141 2893 2234 2951 ubi

187 2993 403 3055 narrat,
433 2983 646 3062 antiqui
676 2982 850 3040 moris
892 3001 998 3062 per
1027 2982 1291 3040 trutinam
1340 2978 1596 3040 solvendi
1642 2980 1718 3038 ibi
1764 2980 2059 3057 vestigium
2117 2998 2235 3036 ma·

190 3088 328 3129 uere
372 3068 637 3126 trutinam
679 3077 916 3149 propter
944 3085 1244 3145 pensuram
1276 3067 1536 3144 positam.
1567 3068 1738 3125 Aera
1773 3064 1969 3143 plurali
2002 3083 2236 3123 numero

190 3151 387 3214 eadem
420 3153 833 3230 significatione
862 3154 1033 3213 etiam
1065 3149 1211 3232 apud
1255 3151 1544 3210 Horatium
1576 3161 1687 3221 est,
1733 3150 1919 3209 Carm.
1953 3149 2050 3221 IV,
2082 3153 2141 3210 8.
2173 3152 2233 3210 2.

191 3239 335 3319 Epp.
382 3237 430 3309 1,
461 3243 523 3308 2,
569 3242 675 3301 23.
723 3236 799 3296 Α.
832 3236 896 3297 Ρ.
944 3242 1088 3299 345.
1162 3238 1445 3314 Impulit,
1511 3238 1590 3294 ita
1651 3246 1713 3294 ut
1756 3234 1827 3294 de
1869 3236 1997 3294 loco
2042 3253 2234 3293 move·

192 3337 374 3396 antur,
407 3323 762 3395 aboliantur,
789 3324 867 3382 cf.
905 3323 1061 3382 Cort.
1077 3320 1147 3381 ad
1162 3320 1381 3382 Lucan.
1402 3322 1446 3392 l,
1471 3325 1608 3384 149.
1629 3321 1772 3380 Pliu.
1794 3320 1862 3380 fl.
1877 3320 1951 3380 N.
1971 3319 2237 3388 xxxlss,

196 3416 293 3482 11,
325 3413 444 3480 53,
486 3409 582 3488 qui
625 3406 696 3468 de
728 3406 929 3468 eadem
970 3428 1035 3467 re
1082 3408 1352 3487 loquens,
1398 3407 1696 3478 Immenso‚
1728 3408 1826 3478 ait,
1858 3417 1918 3471 et
1944 3405 2238 3466 Achaicae

196 3497 470 3554 victoriae
502 3504 786 3554 momento
818 3492 888 3553 ad
921 3494 1302 3573 impellendos
1336 3513 1546 3552 mores.
1604 3493 1870 3552 Vestales
1906 3511 1981 3550 ex
2010 3493 2239 3570 antiquo

192 3583 302 3641 ritu
314 3578 619 3659 fictilibus
652 3581 821 3640 urnis
850 3580 1173 3651 utebantur,
1201 3578 1401 3638 Valer.
1418 3577 1571 3637 Max.
1603 3578 1702 3650 IV,
1733 3583 1794 3649 4,
1831 3582 1932 3639 11.
1967 3578 2044 3636 cf.
2063 3577 2240 3635 Klau-

196 3685 295 3726 sen
318 3708 337 3737 ,
395 3662 545 3724 Aen.
591 3664 643 3723 11
686 3685 742 3744 p.
791 3669 935 3727 622.
979 3668 1122 3727 631.
1190 3665 1434 3722 Tuscum
1475 3663 1712 3740 fictile,
1768 3673 1830 3722 ut
1884 3661 2032 3742 apud
2084 3663 2239 3722 Mar—

196 3752 386 3810 tialem
416 3749 576 3821 XIV,
607 3754 711 3820 98,
743 3751 821 3810 cf.
852 3751 969 3809 luv.
1002 3748 1105 3821 xl,
1142 3753 1282 3812 109.
1315 3749 1421 3808 Hic
1437 3758 1644 3821 tamen,
1674 3748 1769 3807 ubi
1798 3758 2243 3827 praecesserunt

196 3856 335 3896 vasa
378 3835 601 3895 Numae
644 3836 1028 3915 Vestalesque
1087 3854 1301 3906 urnae,
1333 3833 1405 3893 de
1453 3835 1625 3894 variis
1666 3835 1932 3914 operibus
1976 3834 2238 3894 fictilibus

199 3919 559 4001 cogitandum
590 3919 843 3993 videtur,
887 3923 942 3979 in
975 3921 1173 4001 quibus
1206 3939 1301 3979 ars
1331 3920 1703 3978 Etruscorum
1734 3940 2089 4000 summopere
2122 3919 2241 3977 lau-

200 4006 470 4085 dabatur,
512 4026 624 4085 qua
654 4009 895 4085 antiquis
924 4006 1270 4086 temporibus
1302 4007 1380 4065 nti
1413 4006 1675 4066 solebant
1713 4004 1981 4079 Romani,
2010 4028 2064 4064 v.
2096 4005 2242 4065 Mul-

203 4093 309 4166 ler,
339 4091 573 4155 Etrusk.
604 4092 654 4153 11
683 4112 738 4173 p.
757 4097 882 4157 242
915 4113 1039 4174 sqq.
1072 4092 1610 4173 ltaquetemplornm
1642 4092 1874 4172 fastigia
1904 4104 1966 4153 et
1994 4092 2242 4151 antefixa
