2764 4738
924 409 1093 471 SAT.
1123 410 1220 482 IV,
1257 415 1336 473 19
1374 443 1454 455 -
1485 414 1590 472 21.
2133 401 2257 468 171

238 582 404 640 abaci
426 583 798 659 respondeat,
830 582 965 641 nihil
996 579 1146 641 alind
1166 581 1633 659 sibipropositum
1650 597 1785 639 esse
1803 576 1974 637 dicet.
2019 580 2056 636 Ι
2075 596 2255 647 nunc,

239 667 677 746 frequentissima
736 667 1026 727 irridentis
1082 667 1174 726 vel
1242 667 1637 745 exprobrantis
1694 664 1964 733 formula,
2031 681 2261 743 semper

238 753 608 830 imperativum
637 754 875 812 alterum
907 752 1224 812 adiunctum
1268 753 1473 823 habet,
1515 753 1607 811 vel
1636 748 1825 809 addita
1855 749 2130 827 particula
2159 768 2259 807 co-

236 840 466 916 pulativa
498 839 656 911 (Hor.
688 858 819 917 epp.
859 838 929 908 11,
959 842 1021 907 2,
1066 842 1169 899 76.
1216 837 1390 916 Prop.
1440 836 1533 908 111,
1565 840 1647 898 27
1680 835 1769 912 [11‚
1800 835 1929 912 29]‚
1960 837 2061 895 22.
2096 831 2258 892 Ovid.

239 923 369 981 Her.
399 923 487 994 111,
516 928 622 986 26.
657 924 758 993 lv,
794 928 936 985 127.
970 923 1151 992 XVII,
1200 927 1300 984 57.
1345 922 1419 981 Α.
1449 921 1525 981 A.
1556 922 1625 993 ΙΙ,
1656 925 1801 984 222.
1833 919 1950 979 Iuv.
1981 917 2082 988 VI,
2114 922 2258 981 306.

240 1008 318 1076 Χ,
347 1012 478 1070 310.
524 1008 653 1079 XII,
689 1014 789 1071 57.
820 1008 990 1067 Mart.
1021 1006 1173 1078 VIII,
1221 1012 1322 1079 63,
1369 1012 1428 1069 3.
1462 1006 1675 1066 Senec.
1724 1025 1854 1084 epp.
1885 1003 2262 1075 LXXXVIII,

236 1097 343 1155 33.
384 1114 532 1152 cons.
578 1093 651 1153 ad
695 1093 857 1154 HeIV.
906 1097 964 1165 6,
1011 1097 1089 1156 10
1131 1113 1225 1171 qu.
1278 1104 1418 1153 natt.
1467 1093 1511 1163 1,
1547 1096 1647 1154 16.
1688 1090 1917 1151 Petron.
1957 1094 2139 1162 115),
2167 1089 2261 1148 vel

233 1179 549 1257 simpliciter
578 1178 860 1240 adiectum
894 1179 1080 1255 (Virg.
1109 1177 1262 1238 Aen.
1299 1177 1422 1249 VII,
1451 1183 1599 1240 425.
1630 1177 1768 1236 Hor.
1818 1196 1947 1255 epp.
1980 1175 2024 1243 1,
2056 1178 2116 1246 6,
2152 1180 2255 1236 17.

234 1263 395 1344 Prop.
426 1265 523 1335 lV,
558 1270 638 1326 17
670 1264 784 1342 [111‚
820 1263 947 1344 18]‚
983 1269 1081 1326 17.
1115 1262 1274 1323 Ovid.
1309 1263 1445 1323 Her.
1476 1263 1578 1335 IX,
1614 1267 1754 1325 105.
1786 1261 1912 1332 XII,
1943 1265 2087 1323 204.
2130 1258 2258 1319 Am.

235 1350 275 1418 Ι,
308 1356 363 1420 7,
392 1355 493 1412 35.
522 1351 599 1410 A.
634 1351 710 1409 A.
757 1350 804 1409 11
856 1353 999 1412 635.
1033 1369 1162 1427 epp.
1209 1349 1255 1421 I,
1286 1352 1347 1420 3,
1380 1353 1480 1411 61.
1515 1368 1673 1407 cons.
1722 1351 1863 1410 363.
1895 1346 2062 1406 Mart.
2095 1345 2166 1417 Il,
2198 1349 2260 1416 6,

240 1442 304 1504 13
341 1441 432 1498 17.
464 1435 566 1505 ΙΧ,
599 1440 661 1505 2,
713 1439 815 1497 13.
865 1434 966 1505 Xl,
1012 1438 1114 1504 33,
1147 1438 1205 1496 3.
1253 1434 1395 1492 Plin.
1441 1454 1570 1512 epp.
1601 1433 1701 1505 IV,
1732 1438 1834 1502 27,
1865 1437 1926 1494 4.
1974 1428 2169 1490 Claud.
2201 1432 2259 1488 in

231 1519 357 1580 Rus.
392 1521 460 1591 ll,
491 1525 641 1592 301)
674 1530 736 1579 et
762 1521 823 1579 h.
859 1519 895 1578 l.
927 1530 1192 1579 accurate
1223 1517 1562 1598 iungendum
1594 1529 1687 1578 est
1715 1538 1837 1578 cum
1868 1516 2078 1598 suffla,
2111 1513 2259 1575 unde

230 1605 452 1686 pendet.
526 1607 916 1675 Dinomaches
958 1625 1068 1683 ego
1119 1625 1267 1665 sum.
1341 1603 1569 1685 Suffla,
1613 1606 1763 1663 iacta
1796 1603 2046 1680 (φυσᾶν,
2079 1602 2156 1662 cf.
2188 1599 2262 1661 ad

228 1692 317 1762 ΙΙΙ,
345 1697 476 1764 27).
522 1692 909 1751 Dinomaches
939 1710 1050 1768 ego
1080 1711 1230 1761 sum,
1264 1701 1325 1750 ut
1354 1711 1389 1749 a
1423 1690 1663 1749 Socrate
1706 1700 1946 1750 vocatur
1981 1684 2013 1747 ὁ
2052 1687 2263 1747 Δεινο-

225 1775 415 1856 μάχης
438 1773 585 1860 υἱός,
606 1785 684 1856 (p.
721 1780 840 1839 123
873 1776 969 1848 C.)
1002 1787 1063 1835 et
1102 1763 1151 1834 ὦ
1185 1774 1321 1853 φίλε
1351 1773 1470 1834 παῖ
1508 1773 1793 1834 Κλεινίου
1838 1771 1941 1832 καὶ
1969 1767 2264 1848 Δεινομά-

221 1883 328 1943 χης
357 1869 438 1941 (p.
475 1867 599 1925 105
629 1862 749 1933 D.),
778 1882 905 1920 nam
951 1882 1023 1921 ex
1054 1861 1402 1920 Dinomache
1434 1872 1612 1919 matre
1644 1859 1718 1919 ad
1748 1878 1928 1938 genus
1958 1858 2265 1918 Alcmaeo-

220 1949 473 2007 nidarum
506 1947 828 2027 pertinebat
855 1944 1210 2018 Alcibiades,
1258 1948 1339 2006 cf.
1375 1944 1446 2006 de
1478 1965 1694 2024 genere
1727 1947 1849 2005 eins
1881 1944 2159 2022 Wiggers
2191 1941 2263 2003 de

223 2035 393 2093 Corn.
437 2033 683 2112 Nepotis
727 2032 1024 2093 Alcibiade
1069 2042 1314 2112 quaestt.
1360 2053 1416 2110 p.
1448 2036 1531 2093 42
1564 2052 1686 2111 sqq.
1771 2033 1915 2090 Sum
1946 2031 2258 2101 candidus,

221 2120 481 2198 pulcher,
514 2139 568 2176 v.
616 2118 709 2188 ΙΙΙ,
767 2122 904 2181 110.
978 2118 1202 2177 Revera
1232 2116 1438 2176 dicitur
1479 2113 1808 2176 Alcibiades
1854 2115 2263 2194 pulcherrimus

220 2206 426 2275 fuisse,
470 2205 553 2263 cf.
603 2203 748 2262 Plat.
795 2224 849 2282 p.
888 2207 1005 2266 104
1037 2203 1143 2262 Aa
1241 2201 1377 2261 Οἴει
1417 2197 1537 2283 γὰρ
1578 2196 1651 2274 δὴ
1682 2196 1835 2260 εἶναι
1873 2201 2115 2281 πρῶτον
2153 2198 2263 2275 μὲν

221 2285 537 2358 κάλλιστός
558 2308 622 2347 τε
650 2288 755 2346 καὶ
785 2285 1081 2366 μέγιστος,
1114 2285 1408 2347 καὶτοῦτο
1440 2286 1549 2363 μέν
1574 2283 1646 2360 δὴ
1685 2285 1862 2344 παντὶ
1892 2284 2073 2358 δῆλον
2115 2281 2265 2342 ἰδεῖν

221 2372 313 2435 ὅτι
346 2371 420 2434 οὐ
454 2369 696 2451 ψεύδει,
744 2386 806 2434 et
835 2377 1032 2455 quavis
1064 2384 1254 2434 aetate
1286 2375 1409 2432 eius
1454 2371 1880 2453 pulchritudinis
1926 2372 2264 2449 exemplum,

220 2481 371 2541 quae
403 2461 552 2519 illam
584 2470 828 2518 aetatem
872 2458 1136 2531 deceret,
1181 2460 1259 2519 cf.
1292 2457 1439 2517 Plut.
1470 2457 1599 2517 Alc.
1636 2465 1664 2520 1
1689 2501 1707 2529 ,
1752 2458 1931 2537 qualis
1977 2468 2163 2516 tamen
2206 2457 2265 2514 in

220 2558 504 2625 protome,
536 2563 683 2623 quae
728 2547 852 2603 eius
883 2546 1180 2622 imaginem
1213 2545 1440 2603 referre
1473 2553 1731 2621 putatur,
1763 2563 1871 2601 non
1905 2544 2264 2619 perspicitur,

219 2632 299 2691 cf.
332 2629 873 2690 Visc.Mus.PioCl.
904 2630 983 2689 VI
1017 2641 1057 2688 t.
1091 2635 1191 2692 31.
1224 2630 1375 2688 Icon.
1413 2628 1567 2687 Gr.t.
1595 2633 1692 2690 16.
1725 2630 1893 2698 Esto,
1914 2622 2053 2697 εἷεν,
2073 2626 2142 2699 11,
2159 2631 2264 2688 42.

219 2720 379 2776 Dum
408 2736 482 2775 ne
508 2717 770 2774 deterius
814 2717 1050 2795 sapiat,
1099 2716 1354 2774 breviter
1381 2713 1588 2773 dictum
1620 2733 1756 2791 pro:
1804 2711 2097 2770 dummodo
2129 2731 2266 2771 con·

226 2801 406 2862 cedas
453 2799 599 2859 haud
631 2798 882 2859 deterius
914 2819 1143 2879 sapere.
1189 2802 1341 2858 Dum
1368 2819 1443 2859 ne
1469 2800 1716 2878 ponitur,
1748 2797 1839 2856 ubi
1870 2795 2156 2857 sententia
2186 2797 2268 2855 ita

220 2885 582 2958 conceditur,
611 2896 674 2943 ut
702 2888 973 2944 terminus
1004 2886 1354 2963 significetur
1381 2885 1528 2945 ultra
1559 2904 1721 2964 quem
1740 2880 1968 2942 extendi
2001 2891 2265 2962 nequeat,

219 2974 315 3032 vel
348 2972 598 3031 conditio
645 2970 906 3041 additur,
951 2972 1072 3030 sine
1118 2990 1228 3049 qua
1258 2991 1367 3028 non
1399 2970 1621 3041 valeat,
1663 2990 1717 3028 v.
1753 2966 1914 3027 Hand
1943 2968 2184 3026 Tursell.
2216 2966 2268 3026 11

223 3079 277 3138 p.
312 3062 440 3121 325
473 3077 559 3136 sq.
603 3058 823 3115 Baucis
864 3074 1068 3114 nomeu
1100 3054 1380 3115 Graecum
1425 3055 1697 3114 muliebre
1729 3066 1853 3126 est,
1886 3051 2032 3132 quod
2065 3053 2270 3130 legitur

220 3147 279 3203 in
326 3146 734 3222 epigrammate
774 3139 947 3200 Anth.
996 3140 1116 3199 Pal.
1162 3139 1298 3211 vu,
1345 3146 1490 3202 710.
1536 3145 1695 3211 712,
1753 3141 1809 3198 in
1869 3140 2029 3197 titulo
2072 3138 2268 3196 Attico

222 3229 506 3304 (Boeckb.
541 3225 602 3285 C.
634 3226 677 3285 1.
710 3248 768 3284 n.
804 3231 952 3298 958)
1000 3237 1060 3284 et
1101 3228 1157 3284 in
1187 3227 1555 3305 inscriptione
1585 3225 1788 3284 Latina
1821 3223 2015 3297 (Febr.
2052 3243 2107 3302 p.
2142 3226 2268 3285 630

222 3336 282 3375 n.
313 3318 494 3386 254).
527 3311 734 3370 Notum
761 3323 851 3371 est
881 3313 1120 3370 maxime
1151 3330 1226 3369 ex
1256 3310 1447 3370 fabula
1477 3309 1624 3389 apud
1640 3309 1889 3370 Ovidium
1924 3308 2088 3382 (Met.
2117 3308 2269 3380 VIII,

226 3404 356 3464 630
398 3403 569 3477 sqq.).
620 3397 854 3456 Persius
898 3396 989 3455 hic
1032 3416 1136 3476 pro
1168 3396 1391 3455 anicula
1435 3397 1655 3475 posuit,
1707 3397 1955 3454 fortasse
1989 3394 2269 3453 Graecum

225 3482 503 3565 quoddam
550 3484 866 3561 exemplum
912 3482 1180 3541 imitatus.
1270 3484 1610 3540 pannucius
1663 3491 1754 3540 est
1809 3482 2006 3559 pannis
2052 3479 2269 3538 obsitus

226 3571 395 3645 (Ter.
432 3569 577 3627 Eun.
621 3568 691 3639 11,
722 3572 783 3637 2,
816 3573 874 3629 5.
924 3565 1084 3626 Suet.
1135 3566 1316 3644 Calig.
1364 3571 1509 3638 35),
1570 3565 1716 3626 unde
1763 3565 1833 3625 de
1872 3576 2034 3625 veste
2065 3563 2271 3624 dicitur

228 3656 487 3731 (Petron.
526 3658 624 3715 14.
656 3652 855 3712 Isidor.
885 3652 986 3725 IX,
1016 3656 1146 3726 22),
1181 3663 1291 3710 tum
1321 3670 1462 3711 vero
1490 3649 1560 3711 de
1593 3652 1683 3723 iis,
1714 3670 1859 3730 qnae
1879 3670 2090 3729 rugosa
2119 3661 2269 3722 sunt,

230 3760 411 3822 quare
440 3758 742 3817 ,pomorum
787 3756 1006 3814 genus,
1063 3736 1210 3816 qnod
1253 3737 1553 3796 celerrime
1597 3739 1654 3795 in
1713 3755 1887 3814 rugas
1946 3735 2270 3807 marcescit,

226 3828 633 3906 pannuciorum
676 3843 881 3882 nomen
924 3824 1179 3901 accepit,
1223 3821 1366 3880 Plio.
1412 3822 1542 3893 XV,
1581 3826 1678 3893 14,
1716 3826 1812 3883 15.
1856 3820 2111 3880 Macrob.
2147 3818 2269 3879 Sat.

229 3913 301 3985 II,
336 3916 436 3973 15.
468 3910 612 3969 Hinc
641 3908 918 3968 Martialis
948 3906 1075 3981 (XI,
1104 3911 1212 3974 46.
1245 3911 1307 3979 3)
1342 3908 1639 3967 mentulam
1682 3926 1846 3965 anum
1876 3909 2103 3966 vocavit
2130 3926 2271 3984 pan-

227 4000 470 4057 nuciam.
517 3994 587 4053 H.
619 3995 658 4052 Ι.
687 4004 816 4053 utro
865 3992 1030 4053 modo
1061 3993 1379 4070 explicetur
1409 3993 1686 4052 aniculam
1717 3992 1879 4051 nobis
1909 3993 2105 4071 pingit,
2118 3989 2271 4050 hand

225 4103 363 4143 sane
395 4084 476 4141 ita
507 4089 886 4158 comparatam
906 4123 923 4150 ,
953 4089 1014 4139 ut
1043 4076 1101 4138 ei
1131 4079 1381 4139 conferri
1413 4076 1661 4156 gaudeat
1689 4077 2073 4139 Dinomachae
2104 4078 2268 4137 filius.
