<?xml version="1.0" encoding="UTF-8"?>
<!DOCTYPE html PUBLIC "-//W3C//DTD XHTML 1.0 Transitional//EN"
    "http://www.w3.org/TR/xhtml1/DTD/xhtml1-transitional.dtd">
<html xmlns="http://www.w3.org/1999/xhtml" xml:lang="en" lang="en">
 <head>
  <title>
</title>
<meta http-equiv="Content-Type" content="text/html;charset=utf-8" />
  <meta name='ocr-system' content='tesseract 3.04.00' />
  <meta name='ocr-capabilities' content='ocr_page ocr_carea ocr_par ocr_line ocrx_word'/>
</head>
<body>
  <div class='ocr_page' id='page_1' title='image "./satirarumliberc01jahngoog_0013.png"; bbox 0 0 2764 4738; ppageno 0'>
   <div class='ocr_carea' id='block_1_1' title="bbox 271 581 2511 4102">
    <p class='ocr_par' dir='ltr' id='par_1_1' title="bbox 271 581 2511 4102">
     <span class='ocr_line' id='line_1_1' title="bbox 466 581 2509 666; baseline -0.001 -19"><span class='ocrx_word' id='word_1_1' title='bbox 466 593 908 666; x_wconf 76' lang='lat' dir='ltr'><strong>comparatam,</strong></span> <span class='ocrx_word' id='word_1_2' title='bbox 955 592 1022 645; x_wconf 89' lang='lat' dir='ltr'><strong>ut</strong></span> <span class='ocrx_word' id='word_1_3' title='bbox 1063 581 1140 644; x_wconf 76' lang='lat' dir='ltr'><strong>ab</strong></span> <span class='ocrx_word' id='word_1_4' title='bbox 1180 601 1576 664; x_wconf 84' lang='lat' dir='ltr'><strong>unoquoque,</strong></span> <span class='ocrx_word' id='word_1_5' title='bbox 1625 581 1725 665; x_wconf 88' lang='lat' dir='ltr'><strong>qui</strong></span> <span class='ocrx_word' id='word_1_6' title='bbox 1763 581 1828 644; x_wconf 92' lang='lat' dir='ltr'><strong>iu</strong></span> <span class='ocrx_word' id='word_1_7' title='bbox 1870 602 1945 645; x_wconf 91' lang='lat' dir='ltr'><strong>eo</strong></span> <span class='ocrx_word' id='word_1_8' title='bbox 1976 581 2273 666; x_wconf 84' lang='lat' dir='ltr'><strong>scriptore</strong></span> <span class='ocrx_word' id='word_1_9' title='bbox 2303 603 2509 645; x_wconf 83' lang='lat' dir='ltr'><strong>curam</strong></span> 
     </span>
     <span class='ocr_line' id='line_1_2' title="bbox 464 698 2511 786; baseline 0 -23"><span class='ocrx_word' id='word_1_10' title='bbox 464 702 771 786; x_wconf 77' lang='lat' dir='ltr'><strong>posuerit,</strong></span> <span class='ocrx_word' id='word_1_11' title='bbox 817 700 963 764; x_wconf 90' lang='lat' dir='ltr'><strong>sciri</strong></span> <span class='ocrx_word' id='word_1_12' title='bbox 994 710 1056 763; x_wconf 88' lang='lat' dir='ltr'><strong>et</strong></span> <span class='ocrx_word' id='word_1_13' title='bbox 1083 699 1289 764; x_wconf 80' lang='lat' dir='ltr'><strong>afferri</strong></span> <span class='ocrx_word' id='word_1_14' title='bbox 1319 698 1571 777; x_wconf 87' lang='lat' dir='ltr'><strong>debeat,</strong></span> <span class='ocrx_word' id='word_1_15' title='bbox 1618 709 1680 762; x_wconf 87' lang='lat' dir='ltr'><strong>et</strong></span> <span class='ocrx_word' id='word_1_16' title='bbox 1719 720 1788 763; x_wconf 89' lang='lat' dir='ltr'><strong>re</strong></span> <span class='ocrx_word' id='word_1_17' title='bbox 1816 720 1970 765; x_wconf 81' lang='lat' dir='ltr'><strong>vera</strong></span> <span class='ocrx_word' id='word_1_18' title='bbox 1997 701 2149 766; x_wconf 88' lang='lat' dir='ltr'><strong>iuris</strong></span> <span class='ocrx_word' id='word_1_19' title='bbox 2179 719 2317 764; x_wconf 87' lang='lat' dir='ltr'><strong>esse</strong></span> <span class='ocrx_word' id='word_1_20' title='bbox 2348 723 2511 765; x_wconf 88' lang='lat' dir='ltr'><strong>com·</strong></span> 
     </span>
     <span class='ocr_line' id='line_1_3' title="bbox 465 817 2509 901; baseline 0.001 -20"><span class='ocrx_word' id='word_1_21' title='bbox 465 819 687 882; x_wconf 89' lang='lat' dir='ltr'><strong>munis.</strong></span> <span class='ocrx_word' id='word_1_22' title='bbox 753 817 864 881; x_wconf 81' lang='lat' dir='ltr'><strong>His</strong></span> <span class='ocrx_word' id='word_1_23' title='bbox 908 817 1093 901; x_wconf 89' lang='lat' dir='ltr'><strong>igitur</strong></span> <span class='ocrx_word' id='word_1_24' title='bbox 1134 818 1329 900; x_wconf 77' lang='lat' dir='ltr'><strong>quivis</strong></span> <span class='ocrx_word' id='word_1_25' title='bbox 1376 827 1445 880; x_wconf 89' lang='lat' dir='ltr'><strong>ut</strong></span> <span class='ocrx_word' id='word_1_26' title='bbox 1485 817 1611 881; x_wconf 88' lang='lat' dir='ltr'><strong>suis</strong></span> <span class='ocrx_word' id='word_1_27' title='bbox 1656 817 1741 880; x_wconf 91' lang='lat' dir='ltr'><strong>uti</strong></span> <span class='ocrx_word' id='word_1_28' title='bbox 1782 828 1983 901; x_wconf 88' lang='lat' dir='ltr'><strong>potest</strong></span> <span class='ocrx_word' id='word_1_29' title='bbox 2013 829 2076 881; x_wconf 91' lang='lat' dir='ltr'><strong>et</strong></span> <span class='ocrx_word' id='word_1_30' title='bbox 2103 818 2304 884; x_wconf 88' lang='lat' dir='ltr'><strong>debet.</strong></span> <span class='ocrx_word' id='word_1_31' title='bbox 2366 818 2509 883; x_wconf 88' lang='lat' dir='ltr'><strong>Alia</strong></span> 
     </span>
     <span class='ocr_line' id='line_1_4' title="bbox 463 936 2510 1022; baseline 0 -21"><span class='ocrx_word' id='word_1_32' title='bbox 463 958 567 1001; x_wconf 83' lang='lat' dir='ltr'><strong>res</strong></span> <span class='ocrx_word' id='word_1_33' title='bbox 613 947 746 1015; x_wconf 86' lang='lat' dir='ltr'><strong>est,</strong></span> <span class='ocrx_word' id='word_1_34' title='bbox 796 936 895 999; x_wconf 89' lang='lat' dir='ltr'><strong>ubi</strong></span> <span class='ocrx_word' id='word_1_35' title='bbox 937 936 1261 1018; x_wconf 87' lang='lat' dir='ltr'><strong>singularis</strong></span> <span class='ocrx_word' id='word_1_36' title='bbox 1304 936 1406 999; x_wconf 86' lang='lat' dir='ltr'><strong>vel</strong></span> <span class='ocrx_word' id='word_1_37' title='bbox 1451 936 1762 1000; x_wconf 89' lang='lat' dir='ltr'><strong>doctrinae</strong></span> <span class='ocrx_word' id='word_1_38' title='bbox 1794 936 1894 999; x_wconf 83' lang='lat' dir='ltr'><strong>vel</strong></span> <span class='ocrx_word' id='word_1_39' title='bbox 1922 936 2151 1021; x_wconf 89' lang='lat' dir='ltr'><strong>ingenii</strong></span> <span class='ocrx_word' id='word_1_40' title='bbox 2183 938 2510 1022; x_wconf 82' lang='lat' dir='ltr'>specimina</span> 
     </span>
     <span class='ocr_line' id='line_1_5' title="bbox 465 1053 2511 1139; baseline -0 -21"><span class='ocrx_word' id='word_1_41' title='bbox 465 1054 739 1118; x_wconf 84' lang='lat' dir='ltr'><strong>exhibita</strong></span> <span class='ocrx_word' id='word_1_42' title='bbox 795 1064 977 1130; x_wconf 88' lang='lat' dir='ltr'><strong>sunt,</strong></span> <span class='ocrx_word' id='word_1_43' title='bbox 1042 1074 1179 1116; x_wconf 86' lang='lat' dir='ltr'><strong>nam</strong></span> <span class='ocrx_word' id='word_1_44' title='bbox 1234 1053 1381 1117; x_wconf 89' lang='lat' dir='ltr'><strong>haec</strong></span> <span class='ocrx_word' id='word_1_45' title='bbox 1430 1055 1612 1118; x_wconf 85' lang='lat' dir='ltr'><strong>tacite</strong></span> <span class='ocrx_word' id='word_1_46' title='bbox 1656 1053 1983 1129; x_wconf 82' lang='lat' dir='ltr'><strong>adhibere,</strong></span> <span class='ocrx_word' id='word_1_47' title='bbox 2033 1056 2199 1138; x_wconf 86' lang='lat' dir='ltr'><strong>quasi</strong></span> <span class='ocrx_word' id='word_1_48' title='bbox 2240 1056 2369 1139; x_wconf 88' lang='lat' dir='ltr'><strong>ipse</strong></span> <span class='ocrx_word' id='word_1_49' title='bbox 2416 1056 2511 1117; x_wconf 91' lang='lat' dir='ltr'><strong>iu-</strong></span> 
     </span>
     <span class='ocr_line' id='line_1_6' title="bbox 271 1169 2510 1257; baseline 0 -20"><span class='ocrx_word' id='word_1_50' title='bbox 271 1185 293 1222; x_wconf 76' lang='lat'><strong>·</strong></span> <span class='ocrx_word' id='word_1_51' title='bbox 464 1172 751 1251; x_wconf 87' lang='lat' dir='ltr'><strong>veneris,</strong></span> <span class='ocrx_word' id='word_1_52' title='bbox 814 1183 984 1255; x_wconf 88' lang='lat' dir='ltr'><strong>turpe</strong></span> <span class='ocrx_word' id='word_1_53' title='bbox 1028 1171 1209 1235; x_wconf 79' lang='lat' dir='ltr'><strong>foret.</strong></span> <span class='ocrx_word' id='word_1_54' title='bbox 1284 1169 1408 1235; x_wconf 86' lang='lat' dir='ltr'><strong>Sed</strong></span> <span class='ocrx_word' id='word_1_55' title='bbox 1462 1173 1515 1236; x_wconf 87' lang='lat' dir='ltr'><strong>si</strong></span> <span class='ocrx_word' id='word_1_56' title='bbox 1562 1193 1772 1236; x_wconf 84' lang='lat' dir='ltr'><strong>verum</strong></span> <span class='ocrx_word' id='word_1_57' title='bbox 1818 1173 2068 1237; x_wconf 79' lang='lat' dir='ltr'><strong>fatearis</strong></span> <span class='ocrx_word' id='word_1_58' title='bbox 2112 1174 2260 1236; x_wconf 85' lang='lat' dir='ltr'><strong>haec</strong></span> <span class='ocrx_word' id='word_1_59' title='bbox 2304 1194 2510 1257; x_wconf 82' lang='lat' dir='ltr'><strong>quam-</strong></span> 
     </span>
     <span class='ocr_line' id='line_1_7' title="bbox 461 1291 2507 1375; baseline 0 -21"><span class='ocrx_word' id='word_1_60' title='bbox 461 1292 725 1355; x_wconf 83' lang='lat' dir='ltr'><strong>maxime</strong></span> <span class='ocrx_word' id='word_1_61' title='bbox 769 1292 1137 1367; x_wconf 81' lang='lat' dir='ltr'><strong>afferuntur,</strong></span> <span class='ocrx_word' id='word_1_62' title='bbox 1185 1299 1253 1352; x_wconf 84' lang='lat' dir='ltr'><strong>ut</strong></span> <span class='ocrx_word' id='word_1_63' title='bbox 1293 1291 1690 1368; x_wconf 76' lang='lat' dir='ltr'><strong>refellantur,</strong></span> <span class='ocrx_word' id='word_1_64' title='bbox 1738 1291 1897 1375; x_wconf 86' lang='lat' dir='ltr'><strong>quod</strong></span> <span class='ocrx_word' id='word_1_65' title='bbox 1937 1311 2071 1354; x_wconf 84' lang='lat' dir='ltr'><strong>cum</strong></span> <span class='ocrx_word' id='word_1_66' title='bbox 2125 1313 2162 1354; x_wconf 83' lang='lat' dir='ltr'><strong>a</strong></span> <span class='ocrx_word' id='word_1_67' title='bbox 2203 1313 2507 1356; x_wconf 90' lang='lat' dir='ltr'><strong>commen·</strong></span> 
     </span>
     <span class='ocr_line' id='line_1_8' title="bbox 463 1409 2506 1496; baseline 0 -22"><span class='ocrx_word' id='word_1_68' title='bbox 463 1410 622 1474; x_wconf 85' lang='lat' dir='ltr'><strong>tario</strong></span> <span class='ocrx_word' id='word_1_69' title='bbox 670 1429 805 1473; x_wconf 91' lang='lat' dir='ltr'><strong>meo</strong></span> <span class='ocrx_word' id='word_1_70' title='bbox 849 1410 1161 1473; x_wconf 85' lang='lat' dir='ltr'><strong>exclusum</strong></span> <span class='ocrx_word' id='word_1_71' title='bbox 1206 1410 1325 1486; x_wconf 88' lang='lat' dir='ltr'><strong>sit,</strong></span> <span class='ocrx_word' id='word_1_72' title='bbox 1372 1429 1548 1472; x_wconf 88' lang='lat' dir='ltr'><strong>nemo</strong></span> <span class='ocrx_word' id='word_1_73' title='bbox 1591 1409 1819 1496; x_wconf 89' lang='lat' dir='ltr'><strong>peritus</strong></span> <span class='ocrx_word' id='word_1_74' title='bbox 1862 1409 2205 1488; x_wconf 88' lang='lat' dir='ltr'><strong>mirabitur,</strong></span> <span class='ocrx_word' id='word_1_75' title='bbox 2254 1431 2379 1475; x_wconf 85' lang='lat' dir='ltr'><strong>non</strong></span> <span class='ocrx_word' id='word_1_76' title='bbox 2421 1411 2506 1474; x_wconf 88' lang='lat' dir='ltr'><strong>ita</strong></span> 
     </span>
     <span class='ocr_line' id='line_1_9' title="bbox 462 1524 2504 1613; baseline -0 -21"><span class='ocrx_word' id='word_1_77' title='bbox 462 1548 645 1612; x_wconf 81' lang='lat' dir='ltr'><strong>saepe</strong></span> <span class='ocrx_word' id='word_1_78' title='bbox 678 1528 930 1590; x_wconf 88' lang='lat' dir='ltr'><strong>aliorum</strong></span> <span class='ocrx_word' id='word_1_79' title='bbox 960 1528 1211 1591; x_wconf 89' lang='lat' dir='ltr'><strong>inventa</strong></span> <span class='ocrx_word' id='word_1_80' title='bbox 1242 1551 1278 1591; x_wconf 87' lang='lat' dir='ltr'><strong>a</strong></span> <span class='ocrx_word' id='word_1_81' title='bbox 1310 1548 1405 1591; x_wconf 89' lang='lat' dir='ltr'><strong>me</strong></span> <span class='ocrx_word' id='word_1_82' title='bbox 1438 1548 1574 1592; x_wconf 89' lang='lat' dir='ltr'><strong>esse</strong></span> <span class='ocrx_word' id='word_1_83' title='bbox 1612 1529 1830 1594; x_wconf 89' lang='lat' dir='ltr'><strong>relata.</strong></span> <span class='ocrx_word' id='word_1_84' title='bbox 1880 1524 2144 1591; x_wconf 84' lang='lat' dir='ltr'><strong>Omnino</strong></span> <span class='ocrx_word' id='word_1_85' title='bbox 2176 1550 2310 1593; x_wconf 91' lang='lat' dir='ltr'><strong>eam</strong></span> <span class='ocrx_word' id='word_1_86' title='bbox 2341 1549 2504 1613; x_wconf 85' lang='lat' dir='ltr'><strong>spem</strong></span> 
     </span>
     <span class='ocr_line' id='line_1_10' title="bbox 461 1645 2504 1731; baseline -0 -20"><span class='ocrx_word' id='word_1_87' title='bbox 461 1646 596 1711; x_wconf 86' lang='lat' dir='ltr'><strong>sine</strong></span> <span class='ocrx_word' id='word_1_88' title='bbox 628 1646 1019 1729; x_wconf 79' lang='lat' dir='ltr'><strong>arrogantiae</strong></span> <span class='ocrx_word' id='word_1_89' title='bbox 1053 1646 1305 1709; x_wconf 88' lang='lat' dir='ltr'><strong>crimine.</strong></span> <span class='ocrx_word' id='word_1_90' title='bbox 1337 1647 1679 1730; x_wconf 82' lang='lat' dir='ltr'><strong>exprimere</strong></span> <span class='ocrx_word' id='word_1_91' title='bbox 1712 1666 1976 1731; x_wconf 79' lang='lat' dir='ltr'><strong>possum,</strong></span> <span class='ocrx_word' id='word_1_92' title='bbox 2026 1646 2084 1709; x_wconf 86' lang='lat' dir='ltr'><strong>id</strong></span> <span class='ocrx_word' id='word_1_93' title='bbox 2117 1645 2397 1710; x_wconf 87' lang='lat' dir='ltr'><strong>iudicium</strong></span> <span class='ocrx_word' id='word_1_94' title='bbox 2430 1648 2504 1711; x_wconf 88' lang='lat' dir='ltr'><strong>de</strong></span> 
     </span>
     <span class='ocr_line' id='line_1_11' title="bbox 462 1762 2507 1846; baseline 0 -19"><span class='ocrx_word' id='word_1_95' title='bbox 462 1764 575 1827; x_wconf 89' lang='lat' dir='ltr'><strong>boc</strong></span> <span class='ocrx_word' id='word_1_96' title='bbox 622 1765 1051 1827; x_wconf 84' lang='lat' dir='ltr'><strong>commentario</strong></span> <span class='ocrx_word' id='word_1_97' title='bbox 1099 1762 1195 1828; x_wconf 86' lang='lat' dir='ltr'><strong>Te</strong></span> <span class='ocrx_word' id='word_1_98' title='bbox 1238 1765 1491 1828; x_wconf 87' lang='lat' dir='ltr'><strong>laturum</strong></span> <span class='ocrx_word' id='word_1_99' title='bbox 1541 1785 1719 1842; x_wconf 85' lang='lat' dir='ltr'><strong>esse,</strong></span> <span class='ocrx_word' id='word_1_100' title='bbox 1781 1762 2022 1846; x_wconf 83' lang='lat' dir='ltr'><strong>Tuique</strong></span> <span class='ocrx_word' id='word_1_101' title='bbox 2069 1764 2336 1841; x_wconf 88' lang='lat' dir='ltr'><strong>similes,</strong></span> <span class='ocrx_word' id='word_1_102' title='bbox 2387 1784 2507 1828; x_wconf 91' lang='lat' dir='ltr'><strong>non</strong></span> 
     </span>
     <span class='ocr_line' id='line_1_12' title="bbox 463 1882 2504 1968; baseline -0 -22"><span class='ocrx_word' id='word_1_103' title='bbox 463 1903 602 1947; x_wconf 91' lang='lat' dir='ltr'><strong>esse</strong></span> <span class='ocrx_word' id='word_1_104' title='bbox 662 1903 797 1946; x_wconf 90' lang='lat' dir='ltr'><strong>eum</strong></span> <span class='ocrx_word' id='word_1_105' title='bbox 858 1904 941 1947; x_wconf 76' lang='lat' dir='ltr'><strong>ex</strong></span> <span class='ocrx_word' id='word_1_106' title='bbox 999 1882 1250 1947; x_wconf 90' lang='lat' dir='ltr'><strong>aliorum</strong></span> <span class='ocrx_word' id='word_1_107' title='bbox 1311 1882 1553 1946; x_wconf 78' lang='lat' dir='ltr'><strong>seriniis</strong></span> <span class='ocrx_word' id='word_1_108' title='bbox 1612 1884 2031 1965; x_wconf 88' lang='lat' dir='ltr'><strong>compilatum,</strong></span> <span class='ocrx_word' id='word_1_109' title='bbox 2096 1882 2204 1946; x_wconf 89' lang='lat' dir='ltr'><strong>sed</strong></span> <span class='ocrx_word' id='word_1_110' title='bbox 2263 1882 2504 1968; x_wconf 87' lang='lat' dir='ltr'><strong>proprio</strong></span> 
     </span>
     <span class='ocr_line' id='line_1_13' title="bbox 459 1998 2507 2085; baseline 0 -21"><span class='ocrx_word' id='word_1_111' title='bbox 459 2000 668 2064; x_wconf 86' lang='lat' dir='ltr'><strong>labore</strong></span> <span class='ocrx_word' id='word_1_112' title='bbox 717 1999 1046 2064; x_wconf 86' lang='lat' dir='ltr'><strong>conditum.</strong></span> <span class='ocrx_word' id='word_1_113' title='bbox 1107 1998 1317 2084; x_wconf 87' lang='lat' dir='ltr'><strong>Itaque</strong></span> <span class='ocrx_word' id='word_1_114' title='bbox 1360 2001 1670 2085; x_wconf 86' lang='lat' dir='ltr'><strong>gaudebo,</strong></span> <span class='ocrx_word' id='word_1_115' title='bbox 1719 1999 1770 2063; x_wconf 89' lang='lat' dir='ltr'><strong>si</strong></span> <span class='ocrx_word' id='word_1_116' title='bbox 1802 2000 1865 2062; x_wconf 90' lang='lat' dir='ltr'><strong>iu</strong></span> <span class='ocrx_word' id='word_1_117' title='bbox 1897 2020 1971 2063; x_wconf 90' lang='lat' dir='ltr'><strong>eo</strong></span> <span class='ocrx_word' id='word_1_118' title='bbox 2003 2001 2295 2082; x_wconf 84' lang='lat' dir='ltr'><strong>quaedam</strong></span> <span class='ocrx_word' id='word_1_119' title='bbox 2326 2001 2507 2064; x_wconf 81' lang='lat' dir='ltr'><strong>allata</strong></span> 
     </span>
     <span class='ocr_line' id='line_1_14' title="bbox 458 2113 2501 2201; baseline -0.001 -20"><span class='ocrx_word' id='word_1_120' title='bbox 458 2118 778 2182; x_wconf 88' lang='lat' dir='ltr'><strong>invenient</strong></span> <span class='ocrx_word' id='word_1_121' title='bbox 821 2113 967 2181; x_wconf 90' lang='lat' dir='ltr'><strong>VV.</strong></span> <span class='ocrx_word' id='word_1_122' title='bbox 1013 2114 1155 2180; x_wconf 86' lang='lat' dir='ltr'><strong>DD.</strong></span> <span class='ocrx_word' id='word_1_123' title='bbox 1175 2165 1192 2197; x_wconf 92' lang='lat'><strong>,</strong></span> <span class='ocrx_word' id='word_1_124' title='bbox 1241 2140 1396 2201; x_wconf 88' lang='lat' dir='ltr'><strong>quae</strong></span> <span class='ocrx_word' id='word_1_125' title='bbox 1428 2119 1489 2181; x_wconf 89' lang='lat' dir='ltr'><strong>iu</strong></span> <span class='ocrx_word' id='word_1_126' title='bbox 1520 2138 1690 2181; x_wconf 88' lang='lat' dir='ltr'><strong>suum</strong></span> <span class='ocrx_word' id='word_1_127' title='bbox 1722 2137 1892 2181; x_wconf 88' lang='lat' dir='ltr'><strong>usum</strong></span> <span class='ocrx_word' id='word_1_128' title='bbox 1924 2117 2213 2182; x_wconf 84' lang='lat' dir='ltr'><strong>adbibere</strong></span> <span class='ocrx_word' id='word_1_129' title='bbox 2245 2118 2501 2200; x_wconf 81' lang='lat' dir='ltr'><strong>possint.</strong></span> 
     </span>
     <span class='ocr_line' id='line_1_15' title="bbox 456 2235 2507 2320; baseline -0 -20"><span class='ocrx_word' id='word_1_130' title='bbox 456 2235 705 2320; x_wconf 83' lang='lat' dir='ltr'><strong>Perlegi</strong></span> <span class='ocrx_word' id='word_1_131' title='bbox 736 2247 972 2313; x_wconf 89' lang='lat' dir='ltr'><strong>autem,</strong></span> <span class='ocrx_word' id='word_1_132' title='bbox 1023 2247 1089 2299; x_wconf 88' lang='lat' dir='ltr'><strong>ut</strong></span> <span class='ocrx_word' id='word_1_133' title='bbox 1131 2238 1244 2300; x_wconf 90' lang='lat' dir='ltr'><strong>iam</strong></span> <span class='ocrx_word' id='word_1_134' title='bbox 1280 2237 1403 2300; x_wconf 73' lang='lat' dir='ltr'><strong>dixi</strong></span> <span class='ocrx_word' id='word_1_135' title='bbox 1424 2281 1443 2312; x_wconf 91' lang='lat'>‚</span> <span class='ocrx_word' id='word_1_136' title='bbox 1493 2237 1762 2300; x_wconf 85' lang='lat' dir='ltr'><strong>editores</strong></span> <span class='ocrx_word' id='word_1_137' title='bbox 1793 2235 2165 2318; x_wconf 85' lang='lat' dir='ltr'><strong>antiquiores</strong></span> <span class='ocrx_word' id='word_1_138' title='bbox 2197 2246 2260 2299; x_wconf 91' lang='lat' dir='ltr'><strong>et</strong></span> <span class='ocrx_word' id='word_1_139' title='bbox 2290 2255 2507 2301; x_wconf 73' lang='lat' dir='ltr'><strong>recen-</strong></span> 
     </span>
     <span class='ocr_line' id='line_1_16' title="bbox 456 2355 2503 2440; baseline -0 -20"><span class='ocrx_word' id='word_1_140' title='bbox 456 2355 684 2433; x_wconf 87' lang='lat' dir='ltr'><strong>tiores,</strong></span> <span class='ocrx_word' id='word_1_141' title='bbox 736 2375 812 2418; x_wconf 91' lang='lat' dir='ltr'><strong>ue</strong></span> <span class='ocrx_word' id='word_1_142' title='bbox 854 2355 990 2437; x_wconf 88' lang='lat' dir='ltr'><strong>quid</strong></span> <span class='ocrx_word' id='word_1_143' title='bbox 1035 2355 1445 2440; x_wconf 85' lang='lat' dir='ltr'><strong>negligerem,</strong></span> <span class='ocrx_word' id='word_1_144' title='bbox 1511 2355 1637 2419; x_wconf 78' lang='lat' dir='ltr'><strong>fere</strong></span> <span class='ocrx_word' id='word_1_145' title='bbox 1681 2377 1932 2434; x_wconf 89' lang='lat' dir='ltr'><strong>omues,</strong></span> <span class='ocrx_word' id='word_1_146' title='bbox 1980 2355 2136 2438; x_wconf 89' lang='lat' dir='ltr'><strong>quod</strong></span> <span class='ocrx_word' id='word_1_147' title='bbox 2168 2355 2503 2420; x_wconf 89' lang='lat' dir='ltr'><strong>taediosum</strong></span> 
     </span>
     <span class='ocr_line' id='line_1_17' title="bbox 457 2471 2505 2556; baseline 0 -19"><span class='ocrx_word' id='word_1_148' title='bbox 457 2493 607 2539; x_wconf 86' lang='lat' dir='ltr'><strong>sane</strong></span> <span class='ocrx_word' id='word_1_149' title='bbox 641 2474 895 2537; x_wconf 89' lang='lat' dir='ltr'><strong>officium</strong></span> <span class='ocrx_word' id='word_1_150' title='bbox 928 2473 1069 2538; x_wconf 86' lang='lat' dir='ltr'><strong>mihi</strong></span> <span class='ocrx_word' id='word_1_151' title='bbox 1102 2473 1379 2556; x_wconf 90' lang='lat' dir='ltr'><strong>imposui.</strong></span> <span class='ocrx_word' id='word_1_152' title='bbox 1416 2471 1686 2554; x_wconf 80' lang='lat' dir='ltr'><strong>Quorum</strong></span> <span class='ocrx_word' id='word_1_153' title='bbox 1720 2474 1772 2536; x_wconf 93' lang='lat' dir='ltr'><strong>si</strong></span> <span class='ocrx_word' id='word_1_154' title='bbox 1805 2473 2104 2537; x_wconf 90' lang='lat' dir='ltr'><strong>neminem</strong></span> <span class='ocrx_word' id='word_1_155' title='bbox 2139 2471 2505 2537; x_wconf 89' lang='lat' dir='ltr'><strong>Casaubono</strong></span> 
     </span>
     <span class='ocr_line' id='line_1_18' title="bbox 456 2590 2503 2676; baseline -0 -20"><span class='ocrx_word' id='word_1_156' title='bbox 456 2593 924 2676; x_wconf 85' lang='lat' dir='ltr'><strong>comparandum</strong></span> <span class='ocrx_word' id='word_1_157' title='bbox 982 2593 1158 2670; x_wconf 88' lang='lat' dir='ltr'><strong>dico,</strong></span> <span class='ocrx_word' id='word_1_158' title='bbox 1218 2611 1431 2655; x_wconf 90' lang='lat' dir='ltr'><strong>omnes</strong></span> <span class='ocrx_word' id='word_1_159' title='bbox 1492 2593 1951 2656; x_wconf 90' lang='lat' dir='ltr'><strong>consentientes</strong></span> <span class='ocrx_word' id='word_1_160' title='bbox 2010 2590 2242 2668; x_wconf 86' lang='lat' dir='ltr'><strong>babeo,</strong></span> <span class='ocrx_word' id='word_1_161' title='bbox 2306 2610 2503 2676; x_wconf 86' lang='lat' dir='ltr'><strong>neque</strong></span> 
     </span>
     <span class='ocr_line' id='line_1_19' title="bbox 455 2707 2504 2794; baseline -0.001 -19"><span class='ocrx_word' id='word_1_162' title='bbox 455 2721 659 2775; x_wconf 87' lang='lat' dir='ltr'><strong>tamen</strong></span> <span class='ocrx_word' id='word_1_163' title='bbox 720 2710 964 2774; x_wconf 89' lang='lat' dir='ltr'><strong>silentio</strong></span> <span class='ocrx_word' id='word_1_164' title='bbox 1026 2709 1362 2794; x_wconf 78' lang='lat' dir='ltr'><strong>praeterire</strong></span> <span class='ocrx_word' id='word_1_165' title='bbox 1420 2730 1660 2793; x_wconf 85' lang='lat' dir='ltr'><strong>possum</strong></span> <span class='ocrx_word' id='word_1_166' title='bbox 1707 2709 1830 2772; x_wconf 88' lang='lat' dir='ltr'><strong>Tb.</strong></span> <span class='ocrx_word' id='word_1_167' title='bbox 1879 2707 2262 2787; x_wconf 84' lang='lat' dir='ltr'><strong>Marcilium,</strong></span> <span class='ocrx_word' id='word_1_168' title='bbox 2330 2731 2504 2794; x_wconf 90' lang='lat' dir='ltr'><strong>quem</strong></span> 
     </span>
     <span class='ocr_line' id='line_1_20' title="bbox 456 2825 2503 2914; baseline -0 -22"><span class='ocrx_word' id='word_1_169' title='bbox 456 2829 759 2914; x_wconf 84' lang='lat' dir='ltr'><strong>oppressit</strong></span> <span class='ocrx_word' id='word_1_170' title='bbox 802 2829 1189 2908; x_wconf 86' lang='lat' dir='ltr'><strong>inimicitiae,</strong></span> <span class='ocrx_word' id='word_1_171' title='bbox 1249 2849 1421 2912; x_wconf 89' lang='lat' dir='ltr'><strong>quam</strong></span> <span class='ocrx_word' id='word_1_172' title='bbox 1479 2848 1612 2891; x_wconf 90' lang='lat' dir='ltr'><strong>cum</strong></span> <span class='ocrx_word' id='word_1_173' title='bbox 1670 2825 2036 2892; x_wconf 88' lang='lat' dir='ltr'><strong>Casaubono</strong></span> <span class='ocrx_word' id='word_1_174' title='bbox 2080 2838 2143 2892; x_wconf 83' lang='lat' dir='ltr'><strong>et</strong></span> <span class='ocrx_word' id='word_1_175' title='bbox 2182 2825 2503 2913; x_wconf 88' lang='lat' dir='ltr'><strong>Scaligero</strong></span> 
     </span>
     <span class='ocr_line' id='line_1_21' title="bbox 457 2945 2502 3030; baseline -0.002 -17"><span class='ocrx_word' id='word_1_176' title='bbox 457 2949 773 3024; x_wconf 81' lang='lat' dir='ltr'><strong>exercuit,</strong></span> <span class='ocrx_word' id='word_1_177' title='bbox 835 2949 1089 3013; x_wconf 84' lang='lat' dir='ltr'><strong>invidia.</strong></span> <span class='ocrx_word' id='word_1_178' title='bbox 1181 2945 1244 3012; x_wconf 90' lang='lat' dir='ltr'><strong>Is</strong></span> <span class='ocrx_word' id='word_1_179' title='bbox 1303 2968 1456 3012; x_wconf 84' lang='lat' dir='ltr'><strong>vero</strong></span> <span class='ocrx_word' id='word_1_180' title='bbox 1504 2947 1566 3010; x_wconf 90' lang='lat' dir='ltr'><strong>iu</strong></span> <span class='ocrx_word' id='word_1_181' title='bbox 1612 2947 2085 3026; x_wconf 89' lang='lat' dir='ltr'><strong>commentario,</strong></span> <span class='ocrx_word' id='word_1_182' title='bbox 2148 2967 2502 3030; x_wconf 83' lang='lat' dir='ltr'><strong>quamquam</strong></span> 
     </span>
     <span class='ocr_line' id='line_1_22' title="bbox 453 3065 2502 3153; baseline -0 -23"><span class='ocrx_word' id='word_1_183' title='bbox 453 3070 639 3132; x_wconf 86' lang='lat' dir='ltr'><strong>multa</strong></span> <span class='ocrx_word' id='word_1_184' title='bbox 698 3069 903 3153; x_wconf 85' lang='lat' dir='ltr'><strong>inepta</strong></span> <span class='ocrx_word' id='word_1_185' title='bbox 963 3078 1027 3133; x_wconf 89' lang='lat' dir='ltr'><strong>et</strong></span> <span class='ocrx_word' id='word_1_186' title='bbox 1080 3066 1279 3130; x_wconf 90' lang='lat' dir='ltr'><strong>inutili</strong></span> <span class='ocrx_word' id='word_1_187' title='bbox 1338 3065 1615 3128; x_wconf 88' lang='lat' dir='ltr'><strong>doctriua</strong></span> <span class='ocrx_word' id='word_1_188' title='bbox 1677 3068 2020 3148; x_wconf 87' lang='lat' dir='ltr'><strong>congessit,</strong></span> <span class='ocrx_word' id='word_1_189' title='bbox 2092 3065 2249 3129; x_wconf 86' lang='lat' dir='ltr'><strong>haud</strong></span> <span class='ocrx_word' id='word_1_190' title='bbox 2312 3086 2502 3150; x_wconf 84' lang='lat' dir='ltr'><strong>pauca</strong></span> 
     </span>
     <span class='ocr_line' id='line_1_23' title="bbox 453 3183 2496 3266; baseline -0.003 -16"><span class='ocrx_word' id='word_1_191' title='bbox 453 3196 657 3250; x_wconf 87' lang='lat' dir='ltr'><strong>tamen</strong></span> <span class='ocrx_word' id='word_1_192' title='bbox 702 3187 878 3250; x_wconf 84' lang='lat' dir='ltr'><strong>do&#39;cte</strong></span> <span class='ocrx_word' id='word_1_193' title='bbox 926 3197 990 3250; x_wconf 86' lang='lat' dir='ltr'><strong>et</strong></span> <span class='ocrx_word' id='word_1_194' title='bbox 1034 3185 1264 3248; x_wconf 88' lang='lat' dir='ltr'><strong>utiliter</strong></span> <span class='ocrx_word' id='word_1_195' title='bbox 1306 3184 1573 3261; x_wconf 91' lang='lat' dir='ltr'><strong>monuit,</strong></span> <span class='ocrx_word' id='word_1_196' title='bbox 1633 3194 1698 3246; x_wconf 86' lang='lat' dir='ltr'><strong>et</strong></span> <span class='ocrx_word' id='word_1_197' title='bbox 1751 3183 1894 3245; x_wconf 85' lang='lat' dir='ltr'><strong>mihi</strong></span> <span class='ocrx_word' id='word_1_198' title='bbox 1950 3204 2131 3266; x_wconf 89' lang='lat' dir='ltr'><strong>saepe</strong></span> <span class='ocrx_word' id='word_1_199' title='bbox 2179 3183 2312 3247; x_wconf 93' lang='lat' dir='ltr'><strong>usui</strong></span> <span class='ocrx_word' id='word_1_200' title='bbox 2365 3184 2496 3246; x_wconf 80' lang='lat' dir='ltr'><strong>fuit.</strong></span> 
     </span>
     <span class='ocr_line' id='line_1_24' title="bbox 454 3297 2501 3388; baseline -0.002 -21"><span class='ocrx_word' id='word_1_201' title='bbox 454 3303 892 3369; x_wconf 87' lang='lat' dir='ltr'><strong>Recentiorum</strong></span> <span class='ocrx_word' id='word_1_202' title='bbox 925 3315 1169 3388; x_wconf 85' lang='lat' dir='ltr'><strong>praeter</strong></span> <span class='ocrx_word' id='word_1_203' title='bbox 1200 3299 1516 3385; x_wconf 76' lang='lat' dir='ltr'><strong>[iiiuigium</strong></span> <span class='ocrx_word' id='word_1_204' title='bbox 1551 3313 1613 3365; x_wconf 91' lang='lat' dir='ltr'><strong>et</strong></span> <span class='ocrx_word' id='word_1_205' title='bbox 1645 3297 1939 3365; x_wconf 88' lang='lat' dir='ltr'><strong>Plumium</strong></span> <span class='ocrx_word' id='word_1_206' title='bbox 1960 3348 1979 3379; x_wconf 84' lang='lat'><strong>,</strong></span> <span class='ocrx_word' id='word_1_207' title='bbox 2026 3302 2197 3366; x_wconf 87' lang='lat' dir='ltr'><strong>euius</strong></span> <span class='ocrx_word' id='word_1_208' title='bbox 2245 3302 2501 3385; x_wconf 82' lang='lat' dir='ltr'><strong>diligen·-</strong></span> 
     </span>
     <span class='ocr_line' id='line_1_25' title="bbox 454 3418 2500 3506; baseline -0.003 -19"><span class='ocrx_word' id='word_1_209' title='bbox 454 3424 538 3487; x_wconf 87' lang='lat' dir='ltr'><strong>tia</strong></span> <span class='ocrx_word' id='word_1_210' title='bbox 581 3425 643 3487; x_wconf 91' lang='lat' dir='ltr'><strong>iu</strong></span> <span class='ocrx_word' id='word_1_211' title='bbox 689 3424 869 3487; x_wconf 90' lang='lat' dir='ltr'><strong>rebus</strong></span> <span class='ocrx_word' id='word_1_212' title='bbox 901 3423 1236 3486; x_wconf 88' lang='lat' dir='ltr'><strong>notioribus</strong></span> <span class='ocrx_word' id='word_1_213' title='bbox 1281 3422 1546 3484; x_wconf 81' lang='lat' dir='ltr'><strong>maxime</strong></span> <span class='ocrx_word' id='word_1_214' title='bbox 1596 3421 1994 3506; x_wconf 83' lang='lat' dir='ltr'><strong>perspicitur,</strong></span> <span class='ocrx_word' id='word_1_215' title='bbox 2057 3418 2322 3484; x_wconf 82' lang='lat' dir='ltr'><strong>Orellius</strong></span> <span class='ocrx_word' id='word_1_216' title='bbox 2369 3422 2500 3483; x_wconf 81' lang='lat' dir='ltr'><strong>sere</strong></span> 
     </span>
     <span class='ocr_line' id='line_1_26' title="bbox 454 3536 2498 3606; baseline -0.001 -1"><span class='ocrx_word' id='word_1_217' title='bbox 454 3543 619 3605; x_wconf 92' lang='lat' dir='ltr'><strong>solus</strong></span> <span class='ocrx_word' id='word_1_218' title='bbox 664 3541 950 3605; x_wconf 90' lang='lat' dir='ltr'><strong>brevibus</strong></span> <span class='ocrx_word' id='word_1_219' title='bbox 995 3543 1104 3606; x_wconf 90' lang='lat' dir='ltr'><strong>sed</strong></span> <span class='ocrx_word' id='word_1_220' title='bbox 1148 3560 1293 3605; x_wconf 90' lang='lat' dir='ltr'><strong>vere</strong></span> <span class='ocrx_word' id='word_1_221' title='bbox 1340 3541 1534 3604; x_wconf 86' lang='lat' dir='ltr'><strong>doctis</strong></span> <span class='ocrx_word' id='word_1_222' title='bbox 1578 3539 2072 3603; x_wconf 86' lang='lat' dir='ltr'><strong>annotationibus</strong></span> <span class='ocrx_word' id='word_1_223' title='bbox 2113 3550 2301 3602; x_wconf 91' lang='lat' dir='ltr'><strong>totum</strong></span> <span class='ocrx_word' id='word_1_224' title='bbox 2343 3536 2498 3602; x_wconf 72' lang='lat' dir='ltr'><strong>Per-</strong></span> 
     </span>
     <span class='ocr_line' id='line_1_27' title="bbox 455 3658 2497 3740; baseline -0.002 -17"><span class='ocrx_word' id='word_1_225' title='bbox 455 3661 608 3723; x_wconf 89' lang='lat' dir='ltr'><strong>sium</strong></span> <span class='ocrx_word' id='word_1_226' title='bbox 652 3661 1013 3737; x_wconf 88' lang='lat' dir='ltr'><strong>illustravit,</strong></span> <span class='ocrx_word' id='word_1_227' title='bbox 1063 3658 1255 3722; x_wconf 88' lang='lat' dir='ltr'><strong>ceteri</strong></span> <span class='ocrx_word' id='word_1_228' title='bbox 1295 3660 1568 3740; x_wconf 87' lang='lat' dir='ltr'><strong>singulos</strong></span> <span class='ocrx_word' id='word_1_229' title='bbox 1610 3659 1779 3722; x_wconf 91' lang='lat' dir='ltr'><strong>locos</strong></span> <span class='ocrx_word' id='word_1_230' title='bbox 1825 3667 2200 3735; x_wconf 82' lang='lat' dir='ltr'><strong>tractarunt,</strong></span> <span class='ocrx_word' id='word_1_231' title='bbox 2248 3678 2497 3740; x_wconf 88' lang='lat' dir='ltr'><strong>quorum</strong></span> 
     </span>
     <span class='ocr_line' id='line_1_28' title="bbox 456 3775 2500 3860; baseline -0.002 -17"><span class='ocrx_word' id='word_1_232' title='bbox 456 3779 792 3843; x_wconf 84' lang='lat' dir='ltr'><strong>doctrinam</strong></span> <span class='ocrx_word' id='word_1_233' title='bbox 852 3778 1095 3840; x_wconf 91' lang='lat' dir='ltr'><strong>multum</strong></span> <span class='ocrx_word' id='word_1_234' title='bbox 1157 3776 1297 3838; x_wconf 86' lang='lat' dir='ltr'><strong>mihi</strong></span> <span class='ocrx_word' id='word_1_235' title='bbox 1356 3776 1692 3858; x_wconf 79' lang='lat' dir='ltr'><strong>profuisse,</strong></span> <span class='ocrx_word' id='word_1_236' title='bbox 1752 3787 1962 3858; x_wconf 88' lang='lat' dir='ltr'><strong>gratus</strong></span> <span class='ocrx_word' id='word_1_237' title='bbox 2012 3797 2304 3860; x_wconf 84' lang='lat' dir='ltr'><strong>agnosco.</strong></span> <span class='ocrx_word' id='word_1_238' title='bbox 2386 3775 2500 3838; x_wconf 85' lang='lat' dir='ltr'><strong>Hic</strong></span> 
     </span>
     <span class='ocr_line' id='line_1_29' title="bbox 455 3893 2495 3963; baseline -0.004 -1"><span class='ocrx_word' id='word_1_239' title='bbox 455 3908 656 3963; x_wconf 87' lang='lat' dir='ltr'><strong>autem</strong></span> <span class='ocrx_word' id='word_1_240' title='bbox 703 3899 777 3960; x_wconf 89' lang='lat' dir='ltr'><strong>de</strong></span> <span class='ocrx_word' id='word_1_241' title='bbox 822 3897 1052 3962; x_wconf 92' lang='lat' dir='ltr'><strong>duabus</strong></span> <span class='ocrx_word' id='word_1_242' title='bbox 1100 3894 1281 3959; x_wconf 91' lang='lat' dir='ltr'><strong>rebus</strong></span> <span class='ocrx_word' id='word_1_243' title='bbox 1341 3893 1612 3959; x_wconf 82' lang='lat' dir='ltr'><strong>breviter</strong></span> <span class='ocrx_word' id='word_1_244' title='bbox 1667 3895 1810 3957; x_wconf 88' lang='lat' dir='ltr'><strong>mihi</strong></span> <span class='ocrx_word' id='word_1_245' title='bbox 1869 3896 2231 3958; x_wconf 87' lang='lat' dir='ltr'><strong>monendum</strong></span> <span class='ocrx_word' id='word_1_246' title='bbox 2292 3894 2495 3958; x_wconf 78' lang='lat' dir='ltr'><strong>video.</strong></span> 
     </span>
     <span class='ocr_line' id='line_1_30' title="bbox 457 4010 2498 4102; baseline -0.003 -23"><span class='ocrx_word' id='word_1_247' title='bbox 457 4014 534 4080; x_wconf 85' lang='lat' dir='ltr'><strong>C.</strong></span> <span class='ocrx_word' id='word_1_248' title='bbox 571 4015 642 4080; x_wconf 79' lang='lat' dir='ltr'><strong>F.</strong></span> <span class='ocrx_word' id='word_1_249' title='bbox 679 4017 835 4082; x_wconf 85' lang='lat' dir='ltr'><strong>enim</strong></span> <span class='ocrx_word' id='word_1_250' title='bbox 873 4014 1208 4082; x_wconf 85' lang='lat' dir='ltr'><strong>Heinrichii</strong></span> <span class='ocrx_word' id='word_1_251' title='bbox 1240 4014 1497 4081; x_wconf 87' lang='lat' dir='ltr'><strong>schedas</strong></span> <span class='ocrx_word' id='word_1_252' title='bbox 1544 4025 1609 4079; x_wconf 91' lang='lat' dir='ltr'><strong>et</strong></span> <span class='ocrx_word' id='word_1_253' title='bbox 1652 4016 2095 4102; x_wconf 86' lang='lat' dir='ltr'><strong>praelectiones</strong></span> <span class='ocrx_word' id='word_1_254' title='bbox 2127 4015 2189 4076; x_wconf 92' lang='lat' dir='ltr'><strong>in</strong></span> <span class='ocrx_word' id='word_1_255' title='bbox 2219 4010 2498 4076; x_wconf 83' lang='lat' dir='ltr'><strong>Persium</strong></span> 
     </span>
    </p>
   </div>
   <div class='ocr_carea' id='block_1_2' title="bbox 100 4241 459 4446">
    <p class='ocr_par' dir='ltr' id='par_1_2' title="bbox 100 4241 459 4446">
     <span class='ocr_line' id='line_1_31' title="bbox 100 4241 459 4268; baseline 0.006 -2"><span class='ocrx_word' id='word_1_256' title='bbox 100 4253 117 4266; x_wconf 49' lang='grc' dir='ltr'><strong>ἐ*</strong></span> <span class='ocrx_word' id='word_1_257' title='bbox 244 4243 247 4244; x_wconf 30' lang='lat'><em>⁷</em></span> <span class='ocrx_word' id='word_1_258' title='bbox 368 4241 459 4268; x_wconf 51' lang='lat'><strong>·-.!</strong></span> 
     </span>
     <span class='ocr_line' id='line_1_32' title="bbox 330 4273 371 4302; baseline 0 -12"><span class='ocrx_word' id='word_1_259' title='bbox 330 4273 371 4302; x_wconf 56' lang='grc' dir='ltr'><strong>ΙΙ.</strong></span> 
     </span>
     <span class='ocr_line' id='line_1_33' title="bbox 312 4305 323 4316; baseline 0 0"><span class='ocrx_word' id='word_1_260' title='bbox 312 4305 323 4316; x_wconf 75' lang='lat' dir='ltr'><strong>a</strong></span> 
     </span>
     <span class='ocr_line' id='line_1_34' title="bbox 344 4365 353 4374; baseline 0 0"><span class='ocrx_word' id='word_1_261' title='bbox 344 4365 353 4374; x_wconf 64' lang='grc' dir='ltr'><strong><em>ι</em></strong></span> 
     </span>
     <span class='ocr_line' id='line_1_35' title="bbox 308 4415 343 4446; baseline 0 -22"><span class='ocrx_word' id='word_1_262' title='bbox 308 4415 343 4446; x_wconf 32' lang='grc' dir='ltr'><strong>μῖθ</strong></span> 
     </span>
    </p>
   </div>
   <div class='ocr_carea' id='block_1_3' title="bbox 412 4523 557 4631">
    <p class='ocr_par' dir='ltr' id='par_1_3' title="bbox 412 4523 557 4631">
     <span class='ocr_line' id='line_1_36' title="bbox 412 4523 557 4631; baseline 0 0"><span class='ocrx_word' id='word_1_263' title='bbox 412 4523 557 4631; x_wconf 63' lang='lat' dir='ltr'><strong>‘h</strong></span> 
     </span>
    </p>
   </div>
  </div>
 </body>
</html>
