2764 4738
557 396 643 463 96
1262 399 1427 462 sAT.
1460 402 1613 488 nee
1644 433 1728 446 —
1759 404 1864 464 69.

560 573 646 651 τῷ
668 567 730 631 δ’
771 565 956 654 ἑτέρῳ
996 567 1340 649 πέμψαντες
1375 565 1514 631 ὅλου
1557 566 1720 648 φάος
1764 568 1849 640 εἰς
1885 563 1956 627 ἓν
1995 563 2264 651 ἀγερθὲν
2317 564 2602 650 &pening-

562 654 874 737 ἕτύχησαν.
947 657 1084 715 Sive
1113 675 1216 735 pro
1245 656 1341 716 vel
1377 657 1440 714 si
1460 658 1591 734 poni
1622 676 1657 716 a
1685 654 2061 733 compluribus
2091 653 2448 714 observatum
2479 667 2600 715 est.

564 741 627 803 ld
681 753 816 800 tunc
907 743 1147 801 maxime
1206 741 1299 810 lit,
1360 740 1455 799 ubi
1529 743 1651 800 sive
1692 774 1779 785 —-
1816 743 1944 812 sive
2003 742 2444 817 coniunguntur,
2508 740 2595 799 cf.

562 827 796 887 Lachm.
829 823 901 884 ad
931 826 1194 904 Propert.
1231 824 1302 896 11,
1339 831 1395 896 1,
1429 832 1529 888 51.
1617 827 1759 885 Tum
1799 826 1976 884 solum
2018 827 2142 884 sive
2168 825 2276 884 hae
2307 825 2598 903 significa-

565 914 718 972 tione
751 914 829 970 ita
858 913 1102 990 ponitur,
1133 922 1194 969 ut
1222 909 1533 989 praecedat
1563 910 1638 983 id,
1675 914 1768 970 cui
1799 911 2035 970 alterum
2067 909 2274 990 aliquid
2306 930 2411 989 per
2438 923 2597 988 part.

565 998 667 1057 vel
704 994 893 1056 addita
937 994 1255 1056 conditione
1286 995 1635 1075 adiungitur,
1681 1008 1743 1055 ut
1777 995 1925 1074 apud
1969 995 2207 1054 Terent.
2254 994 2515 1055 Eunuch.
2552 994 2599 1067 1,

564 1087 628 1154 2,
678 1086 790 1145 19:
835 1083 1061 1141 Dehine
1082 1084 1341 1160 postulo,
1377 1084 1499 1140 sive
1522 1099 1765 1161 aequum
1783 1092 1896 1153 est,
1927 1100 2054 1139 oro.
2106 1080 2298 1140 Simile
2329 1092 2418 1140 est
2444 1077 2601 1159 apud

567 1167 773 1227 Tibull.
806 1167 875 1238 11,
905 1172 967 1238 4,
998 1171 1100 1229 43.
1146 1168 1266 1226 Seu
1297 1168 1493 1225 veniet
1514 1168 1629 1226 tibi
1651 1186 1828 1239 mors,
1861 1167 1954 1225 ubi
1985 1177 2418 1244 praecesserat:
2507 1168 2602 1225 At

565 1254 680 1314 tibi
698 1254 991 1331 diripiant
1014 1262 1219 1311 ventus
1248 1262 1311 1311 ct
1336 1253 1492 1328 ignis
1520 1272 1681 1330 opes,
1725 1250 1870 1331 quod
1918 1272 2247 1332 quamquam
2293 1252 2463 1310 aliter
2490 1270 2598 1310 ex-

563 1358 845 1419 pressum,
878 1339 1012 1396 nihil
1041 1349 1134 1396 est
1162 1349 1347 1397 tamen
1379 1338 1487 1395 nisi
1515 1339 1576 1396 si
1610 1339 1935 1415 diripiant,
1969 1338 2124 1414 quod
2148 1347 2302 1415 opto.
2334 1336 2598 1416 Denique

564 1424 677 1483 huc
705 1421 1088 1493 referendum,
1119 1421 1266 1502 quod
1298 1424 1547 1501 quamvis
1565 1423 1792 1482 brevius
1817 1420 1957 1481 dixit
1974 1423 2250 1481 luvenalis
2283 1421 2379 1495 (ll,
2414 1425 2597 1493 118)=

573 1510 903 1578 Cor-nicini,
933 1509 1058 1566 sive
1087 1509 1183 1566 hie
1205 1517 1367 1566 recto
1405 1517 1757 1567 cantaverat
1780 1526 1956 1578 aere,
2000 1507 2092 1566 ubi
2124 1510 2171 1565 si
2203 1508 2370 1586 plene
2401 1505 2598 1565 dicen-

566 1591 695 1653 dum
727 1604 884 1664 erat,
943 1591 1070 1651 addi
1102 1590 1346 1653 debebat
1378 1594 1645 1663 tubicini,
1664 1591 1810 1672 quod
1831 1593 1998 1652 facilc
2028 1593 2375 1670 intelligitur.
2407 1592 2602 1651 Aliter

567 1699 634 1739 se
666 1678 839 1737 habet
883 1689 1081 1737 noster
1120 1679 1309 1748 locus,
1355 1677 1448 1736 ubi
1492 1677 1624 1736 illud
1667 1680 1793 1737 sive
1832 1680 2053 1737 omnino
2098 1697 2207 1737 non
2239 1677 2443 1746 habet,
2485 1696 2598 1758 quo

565 1765 889 1834 referatur,
935 1783 1042 1822 nee
1083 1762 1171 1834 id,
1218 1761 1367 1842 quod
1397 1761 1652 1834 additur,
1697 1764 1861 1822 simili
1891 1765 2110 1822 ratione
2142 1783 2263 1822 cum
2296 1764 2401 1833 iis,
2447 1780 2598 1842 quae

569 1847 938 1928 praecedunt,
979 1851 1352 1926 coniungitur,
1397 1860 1459 1906 ut
1487 1850 1541 1906 in
1573 1850 1846 1927 exemplis
1890 1847 2053 1908 modo
2099 1849 2423 1908 memoratis
2455 1846 2597 1906 vidi-

567 1954 715 1994 mus.
779 1934 1104 2012 Comparari
1150 1944 1334 1993 autem
1375 1945 1567 2012 potest
1622 1933 1823 1993 Tibulli
1882 1933 2041 1994 locus
2103 1935 2169 2008 (l,
2213 1929 2392 2005 6‚'21
2446 1937 2597 2012 sq.):

568 2021 780 2081 Exibit
819 2040 990 2097 quam
1033 2038 1210 2097 saepe
1251 2021 1410 2090 cline,
1440 2038 1545 2077 seu
1592 2021 1783 2079 visere
1813 2021 1970 2078 dicet
1986 2037 2163 2078 sacra
2196 2020 2381 2077 bonae
2410 2020 2600 2077 mani-

571 2107 678 2165 bus
703 2125 817 2164 non
849 2106 1116 2164 adeunde
1143 2107 1341 2177 ,θεας
1382 2123 1491 2163 nee
1522 2103 1800 2163 dissimilis
1833 2117 1923 2165 est
1952 2104 2233 2183 Propertii
2277 2105 2438 2162 locus
2478 2103 2599 2177 (111,

568 2196 672 2261 21,
705 2194 744 2252 9
776 2209 864 2269 sq.
901 2190 987 2267 [11‚
1018 2194 1122 2260 26,
1154 2194 1234 2251 29
1268 2190 1434 2269 sq.]):
1478 2191 1598 2248 Seu
1627 2209 1790 2249 mare
1811 2210 1928 2268 per
1958 2192 2192 2268 longum
2221 2209 2347 2248 mea
2379 2191 2603 2267 cogitet

571 2280 662 2335 ire
683 2276 928 2354 puella,
981 2276 1134 2333 Itane
1173 2293 1433 2352 sequar,
1481 2274 1574 2333 ubi
1619 2274 1911 2354 praecedit
1959 2276 2244 2354 generalis
2294 2276 2599 2344 sententia,

568 2361 796 2421 multum
829 2362 884 2419 in
914 2379 1107 2420 amore
1137 2357 1300 2419 fidem
1332 2358 1628 2439 prodesse.
1681 2361 1780 2421 His
1813 2363 1984 2441 igitur
2013 2361 2151 2420 locis
2184 2381 2294 2420 una
2324 2357 2600 2439 quaedam

567 2466 666 2507 res
698 2465 835 2524 prae
875 2448 1087 2506 ceteris
1131 2444 1353 2505 videtur
1384 2445 1705 2517 efferenda,
1750 2445 1805 2506 id
1837 2445 1985 2527 quod
2025 2447 2301 2526 particula
2340 2447 2441 2503 vel
2477 2445 2600 2504 lieri

567 2543 760 2591 notum
790 2543 898 2602 est,
943 2550 1117 2610 quare
1160 2533 1287 2589 sive
1329 2533 1409 2589 ita
1450 2529 1751 2590 adhibitum
1803 2532 2054 2603 videtur,
2095 2542 2158 2590 ut
2186 2533 2317 2603 vel,
2366 2528 2518 2611 quod
2548 2530 2602 2589 ci

568 2620 738 2688 inest,
768 2635 893 2676 eam
924 2616 1389 2692 significationem
1419 2616 1645 2689 habeat,
1676 2638 1785 2696 qua
1814 2637 1917 2696 pro
1948 2622 2146 2689 etiam,
2179 2619 2325 2676 adeo
2353 2618 2600 2694 ponitur.

569 2703 655 2762 lta
685 2721 888 2762 seusus
923 2700 1079 2760 hisee
1111 2701 1250 2760 locis
1282 2701 1598 2774 constabit;
1631 2702 1776 2782 apud
1803 2703 2189 2781 Propertiumt
2265 2704 2312 2760 si
2358 2702 2453 2759 vel
2500 2719 2606 2779 per

567 2807 724 2848 mare
755 2787 979 2865 longum
1011 2796 1125 2857 eat,
1158 2806 1368 2867 sequar
1393 2787 1662 2866 puellam;
1711 2787 1856 2866 apud
1886 2788 2193 2847 Tibullum:
2269 2803 2604 2867 quocunque

571 2875 704 2944 ibit,
735 2875 971 2941 timeam,
1032 2874 1200 2931 etiam
1246 2875 1294 2930 si
1327 2891 1494 2932 sacra
1539 2873 1687 2931 bona
1715 2872 1876 2934 Deae
1906 2876 2098 2933 visura
2131 2884 2255 2943 θεὶς
2316 2870 2468 2950 apud
2498 2892 2603 2930 uo-

572 2971 781 3017 strum:
827 2956 918 3016 vel
962 2958 1017 3014 in
1063 2957 1159 3015 tali
1202 2969 1534 3035 argumento
1565 2978 1660 3017 res
1690 2957 1937 3036 grandes
1968 2958 2122 3018 dabit
2151 2969 2346 3016 nostro
2392 2969 2602 3036 poetae

570 3043 755 3103 Musa.
822 3045 981 3121 Opus
1014 3044 1073 3101 in
1111 3061 1299 3101 mores
1327 3055 1440 3102 etc.
1472 3063 1801 3123 quamquam
1847 3064 1954 3103 non
1995 3045 2321 3103 necessario
2362 3040 2436 3101 dc
2482 3042 2603 3102 lau·

573 3128 797 3188 datione
828 3147 954 3187 eum
984 3126 1277 3186 Prisciano
1311 3128 1541 3201 (XVIII,
1583 3132 1664 3190 23
1696 3149 1752 3207 p.
1790 3133 1977 3201 1173)
2023 3126 2449 3206 intelligendum
2492 3139 2605 3198 est,

571 3227 760 3274 tamen
803 3214 1153 3292 praepositio
1194 3214 1254 3272 in
1285 3213 1341 3272 h.
1385 3214 1423 3272 l.
1468 3233 1579 3273 non
1625 3216 1912 3273 adversus
1952 3214 2262 3292 significat,
2295 3211 2400 3272 sed
2431 3233 2605 3292 argu·

572 3311 816 3360 mentum
849 3299 1109 3358 carminis
1154 3297 1399 3369 indicat,
1446 3299 1527 3359 cf.
1563 3297 1741 3358 Hand.
1774 3299 2018 3359 Turscll.
2051 3300 2101 3359 11
2131 3319 2185 3378 p.
2218 3302 2363 3361 3¹1.
2440 3297 2607 3358 Talia

572 3388 718 3447 enim
749 3395 1080 3463 argumenta
1109 3385 1325 3442 calvum
1355 3382 1636 3443 decebant
1663 3396 1984 3463 nugantcm.
2061 3384 2324 3444 Ceterum
2369 3382 2503 3443 vide
2546 3394 2607 3443 ut

575 3473 629 3530 in
659 3492 750 3530 vv.
783 3489 996 3540 mores,
1029 3469 1229 3540 luxus,
1241 3472 1510 3548 prandia
1539 3472 1720 3548 magis
1750 3472 2042 3549 magisque
2071 3467 2386 3528 descendat
2430 3469 2504 3527 ab
2535 3488 2605 3529 eo

574 3554 722 3637 quod
753 3553 1074 3615 universale
1105 3566 1196 3612 cst
1225 3553 1296 3613 ad
1325 3554 1651 3633 singularia.
1683 3558 1869 3633 Reges
1899 3575 1974 3615 cx
2002 3566 2269 3634 corrupto
2303 3556 2431 3613 cius
2460 3566 2605 3614 tem·

574 3644 729 3720 poris
760 3660 863 3699 usu
896 3658 930 3698 a
961 3638 1258 3698 clientibus
1288 3639 1638 3700 vocabantur
1669 3641 1887 3700 nobiles
1918 3639 2143 3710 divites,
2173 3661 2229 3697 v.
2260 3639 2331 3708 11,
2362 3644 2469 3702 37.
2517 3640 2606 3698 Cf.

574 3745 720 3806 quae
751 3725 981 3802 collegit
999 3722 1281 3799 Seelwode‚
1316 3724 1508 3785 Schol.
1538 3745 1598 3784 z.
1632 3724 1767 3785 Hor.
1800 3746 1855 3804 p.
1888 3730 1927 3787 8
1958 3746 2046 3805 sq.
2090 3727 2200 3786 Res
2226 3726 2522 3802 grandes,
2551 3736 2612 3784 ut

572 3832 627 3870 v.
665 3811 986 3886 14grande
1002 3809 1255 3885 aliquid,
1288 3810 1593 3869 ubiv.ann.
1626 3812 1847 3870 Nostro
1855 3821 2109 3890 poetae,
2138 3830 2302 3890 quem
2336 3830 2607 3881 amamus,

572 3916 699 3955 nam
711 3905 936 3964 noster,
971 3906 1031 3952 ut
1061 3895 1139 3951 ait
1155 3894 1407 3954 Donatus
1427 3895 1520 3970 (ad
1539 3896 1677 3956 Ter.
1695 3896 1840 3957 Heo.
1875 3896 1948 3968 V,
1965 3899 2026 3967 2,
2039 3902 2103 3968 4)
2127 3893 2470 3955 blandientis
2498 3908 2608 3955 est.

743 4002 801 4041 v.
839 3982 1111 4041 69-75.
1158 3978 1294 4050 Eos,
1327 3984 1420 4061 qui
1451 3982 1587 4040 nihil
1628 3983 1737 4040 nisi
1765 4001 1942 4060 parva
1971 3993 2032 4041 et
2065 3982 2211 4040 levia
2255 3982 2512 4040 carmina
2542 3979 2611 4039 ad

118 4062 304 4254 μ’
175 4080 178 4081 ’
577 4066 922 4127 Graecorum
952 4063 1210 4141 exempla
1242 4066 1438 4126 facere
1470 4067 1749 4139 solebant,
1780 4087 1927 4127 nunc
1958 4087 2070 4146 non
2081 4068 2204 4126 sine
2236 4064 2608 4127 admiratione
