2764 4738
928 430 1093 491 SAT.
1137 430 1229 502 111,
1261 435 1422 495 65-
1435 435 1534 493 67.
2126 427 2249 492 157

240 602 325 659 vit.
355 604 433 672 8),
460 620 645 679 genua
675 602 872 660 mortis
902 602 1156 681 periculo
1202 603 1433 681 propius
1466 599 1689 660 admoto
1738 612 1994 679 tangere.
2096 605 2246 661 Cra-

241 696 387 745 :erus
415 685 655 746 medicus
684 688 965 748 maximae
996 689 1348 747 auctoritatis
1380 689 1694 745 nominatur
1734 685 1880 764 apud
1912 687 2245 747 Ciceronem

238 781 375 849 (epp.
403 771 470 829 ad
497 770 618 831 Au.
649 772 776 843 XII,
824 777 921 844 13,
956 779 983 835 1
1011 796 1026 845 3
1078 778 1177 843 14,
1206 778 1270 844 4)
1314 783 1375 832 et
1420 770 1888 851 Horatium-(Sat.
1923 771 1995 842 11,
2027 776 2087 844 3,
2119 777 2247 846 61),

234 855 564 936 eundemque
596 878 630 917 a
662 857 981 937 Porphyrio
1014 856 1108 932 (de
1139 858 1347 917 abstin.
1382 857 1426 927 I,
1465 863 1543 919 17
1573 878 1627 934 p.
1659 861 1741 919 29
1775 855 1867 927 G.)
1911 877 2246 916 commemo·

232 943 337 1000 rari
363 944 676 1021 suspicatur
718 943 1007 1002 Victorius
1053 943 1202 1016 (VV.
1235 942 1354 1002 LL.
1388 942 1505 1014 IX,
1556 947 1696 1014 12);
1748 941 1977 1001 Persius
2008 942 2116 1002 boc
2146 964 2247 1002 no-

229 1045 347 1085 men
375 1037 429 1084 ut
456 1023 703 1088 θετικόν
732 1029 1022 1106 usurpavit
1055 1027 1399 1102 (Weicbert.
1433 1038 1608 1106 poett.
1644 1027 1793 1085 Latt.
1823 1028 1952 1087 rell.
1988 1048 2043 1106 p.
2076 1033 2244 1102 420).

228 1112 466 1189 Magnos
487 1116 836 1190 promittere
867 1124 1085 1172 montes
1117 1134 1191 1173 ex
1222 1113 1561 1192 proverbiali
1593 1112 1907 1185 locutione:
1940 1135 1993 1171 v.
2011 1114 2244 1172 Terent.

223 1194 435 1255 Pborm.
467 1198 512 1268 Ι,
544 1202 604 1268 2,
644 1202 756 1260 18:
809 1198 974 1257 modo
1023 1219 1131 1257 non
1176 1210 1396 1257 montes
1443 1197 1565 1258 auri
1607 1199 1881 1277 pollicens
1929 1198 2028 1268 (cs.
2063 1197 2245 1257 Plaut.

222 1279 331 1341 Mil.
360 1283 455 1354 lv,
488 1287 549 1354 2,
582 1288 697 1346 73:
740 1285 965 1362 argenti
997 1294 1214 1343 montes
1254 1304 1362 1342 non
1394 1303 1610 1342 massas
1640 1282 1835 1342 babet.
1895 1284 2084 1343 luven.
2116 1283 2246 1354 XII,

226 1371 374 1430 129:
432 1368 714 1427 montibus
760 1389 953 1428 aurum
999 1373 1341 1449 exaequet);
1395 1368 1531 1428 Sall.
1582 1368 1709 1428 Cat.
1773 1372 1876 1440 23,
1929 1372 1967 1430 3
1994 1390 2008 1427 :
2071 1371 2247 1429 maria

222 1463 544 1533 montesque
593 1454 852 1533 polliceri
885 1456 1093 1532 coepit.
1164 1453 1376 1515 Eadem
1410 1456 1627 1514 ratione
1671 1455 1823 1512 vitiis
1856 1453 2074 1513 obviam
2109 1474 2247 1513 eun-

221 1535 336 1596 dum
367 1550 457 1597 est
499 1538 699 1597 studiis
744 1540 1179 1619 philosophiciS,
1226 1559 1369 1620 quae
1417 1542 1681 1598 virtutem
1726 1536 1933 1598 docent
1976 1550 2036 1598 et
2066 1540 2243 1598 alunt.

219 1625 434 1683 Dt‘scite
462 1625 540 1684 cl'.
575 1643 629 1683 v.
663 1629 769 1686 73.
802 1624 875 1695 V,
908 1630 1009 1688 91.
1054 1626 1274 1684 Miseri
1288 1645 1342 1683 v.
1380 1631 1478 1687 15.
1533 1626 1761 1683 Causas
1791 1628 2121 1701 cognoscite
2150 1645 2246 1683 re·

219 1729 362 1780 rum,
395 1711 526 1788 quia
557 1709 912 1788 philosophia
943 1708 1181 1769 studium
1213 1711 1526 1790 sapientiae
1558 1720 1680 1780 est,
1712 1720 1772 1768 ut
1801 1711 1880 1768 ait
1911 1710 2116 1770 Cicero
2151 1708 2246 1783 (de

220 1794 306 1852 oll'.
335 1794 401 1866 11,
432 1799 495 1866 2,
530 1800 614 1866 5),
647 1797 924 1874 sapientia
971 1807 1154 1855 autem
1197 1815 1385 1854 rerum
1435 1793 1742 1853 divinarum
1786 1805 1846 1854 et
1885 1794 2246 1854 humanarum

217 1899 653 1960 causarumque,
715 1880 915 1960 quibus
955 1881 1064 1942 hae
1120 1900 1218 1940 res
1263 1882 1651 1952 continentur,
1711 1878 1973 1942 scientia.
2069 1880 2248 1939 Stoici

215 1965 352 2024 enim
385 1962 497 2024 duo
528 1984 662 2025 esse
696 1968 750 2024 in
782 1986 972 2025 rerum
1002 1977 1201 2025 natura
1248 1965 1472 2025 dicebat
1500 2008 1518 2037 ,
1564 1985 1638 2024 ex
1670 1986 1778 2044 quo
1811 1968 1992 2025 omnia
2024 1967 2248 2036 fierent,

212 2070 434 2109 causam
467 2062 527 2109 et
557 2053 847 2110 materiam
883 2050 1044 2124 (Seu.
1076 2071 1204 2130 epp.
1235 2050 1418 2123 LXV,
1450 2056 1535 2123 2).
1568 2050 1652 2109 Ita
1682 2050 1954 2127 Virgilius
2007 2051 2245 2130 (Georg.

209 2135 275 2207 11,
302 2140 454 2209 490)
490 2136 714 2197 felicem
746 2135 1056 2215 praedicat,
1088 2140 1179 2216 qui
1210 2139 1389 2215 potuit
1417 2156 1603 2196 rerum
1636 2155 1990 2214 cognoscere
2022 2156 2245 2195 causas.

208 2218 582 2300 sequentibus
620 2243 738 2280 vss.
772 2223 1035 2300 primaria
1077 2222 1464 2300 philosophiae
1497 2232 1805 2299 praecepta
1837 2223 2248 2301 complectitur,

207 2308 463 2364 similiter
493 2326 560 2365 ac
592 2307 842 2366 Lucilius
884 2327 1006 2368 vss.
1060 2305 1204 2387 apud
1234 2307 1592 2367 Lactantium
1642 2306 1712 2380 (l.
1749 2305 1819 2365 D.
1850 2307 1950 2379 vl,
1984 2313 2041 2379 5,
2073 2312 2137 2369 2.
2174 2308 2245 2366 fr.

206 2394 313 2452 inc.
351 2398 381 2454 1
403 2392 630 2465 Dous.),
661 2395 754 2472 qni
773 2413 874 2453 eos
894 2393 1164 2473 explicat,
1181 2396 1426 2452 servatis
1446 2417 1461 2467 ς
1481 2394 1556 2452 cs.
1578 2391 1795 2452 Seneca
1815 2414 1943 2472 epp.
1960 2392 2249 2461 LXXXII,

210 2484 278 2540 5:
325 2476 554 2550 „Sciat,
587 2499 696 2558 quo
742 2480 920 2538 iturus
953 2480 1057 2550 sit,
1116 2477 1263 2537 unde
1295 2489 1484 2549 ortus,
1531 2477 1677 2557 quod
1721 2479 1802 2537 illi
1833 2480 2066 2549 bonum,
2101 2477 2247 2556 quod

206 2564 407 2622 malum
440 2564 535 2634 sit,
568 2563 697 2643 quid
728 2576 915 2642 petat,
965 2562 1093 2644 quid
1126 2565 1335 2636 evitet,
1367 2581 1511 2643 quae
1543 2566 1617 2621 sit
1646 2563 1741 2622 illa
1772 2564 1938 2635 ratio,
1971 2583 2114 2642 quae
2148 2583 2247 2640 ap-

203 2646 447 2728 petenda
481 2668 551 2708 ac
599 2648 867 2727 fugienda
915 2647 1233 2721 discernat,
1265 2669 1371 2728 qua
1405 2646 1761 2727 cupiditatum
1793 2652 2137 2707 mansuescit
2166 2650 2250 2706 in-

203 2736 381 2805 sania,
414 2735 672 2793 timorum
704 2736 942 2794 saevitia
972 2736 1415 2812 compescitur.“
1461 2733 1687 2793 Arriau.
1721 2730 1945 2792 dissert.
1978 2734 2020 2805 Ι,
2040 2738 2098 2803 6,
2129 2737 2248 2795 25:

212 2814 347 2877 Οὐκ
379 2814 761 2891 αἰσθήσεσθε
790 2817 1012 2891 τοίνυν,
1045 2815 1179 2879 οὔτε
1208 2817 1359 2889 τίνες
1389 2816 1555 2890 ἐστέ,
1578 2813 1702 2878 οὔτ’
1740 2815 1836 2876 ἐπὶ
1862 2817 1923 2876 τί
1946 2814 2246 2896 γεγόνατε,

208 2900 341 2963 οὔτε
369 2902 429 2961 τί
465 2899 633 2963 τοῦτ’
676 2899 874 2976 ἔστιν,
937 2900 1041 2980 ἐφ’
1085 2900 1119 2964 ὃ
1157 2899 1266 2977 τὴν
1307 2900 1466 2962 θέαν
1508 2903 1858 2978 (facultatem
1903 2902 2087 2962 divina
2117 2923 2251 2981 spe-

210 2987 420 3060 ctandi)
453 2986 902 3069 παρειλήφατες
956 2990 1114 3065 Quid
1152 3008 1349 3047 sumus
1395 2999 1460 3046 et
1498 2990 1772 3067 quidnam
1803 2990 2040 3060 victuri,
2087 3008 2251 3067 quem

206 3076 260 3133 in
288 3076 457 3133 finem
487 3075 710 3145 victuri,
737 3075 1046 3151 gignimur
1073 3075 1149 3134 cf.
1183 3074 1307 3133 Ciu.
1341 3072 1412 3132 de
1445 3074 1574 3132 finu.
1595 3072 1693 3145 1V‚
1715 3077 1814 3145 10,
1833 3079 1955 3135 25:
2004 3073 2253 3153 „Sequi-

208 3170 295 3217 tur
323 3157 481 3230 illnd,
524 3169 589 3217 ut
628 3158 1167 3229 animadvertamuS,
1215 3160 1307 3238 qui
1352 3161 1524 3217 simus
1569 3161 1715 3237 ipsi,
1774 3170 1835 3217 ut
1890 3180 1994 3218 nos
2055 3160 2252 3238 quales

208 3255 433 3322 oportet
466 3263 599 3303 esse
632 3252 988 3303 servemus.“
1029 3244 1258 3304 Arrian.
1292 3243 1434 3304 diss.
1470 3244 1539 3316 11,
1586 3248 1696 3305 10:
1756 3241 2010 3322 Σκέψαι
2046 3242 2136 3313 τίς
2175 3239 2247 3302 εἷ.

205 3330 281 3389 Μ.
310 3330 587 3389 Antonin.
607 3329 756 3400 VIlI,
792 3334 905 3391 52:
946 3326 1015 3387 Ὁ
1044 3328 1109 3387 δὲ
1140 3325 1221 3405 μὴ
1255 3324 1451 3399 εἰδώς,
1479 3325 1634 3407 πρὸς·
1664 3324 1696 3389 ὅ
1725 3350 1784 3386 τι
1809 3326 2101 3407 πέφυκεν,
2138 3324 2249 3388 οὐκ

210 3410 392 3487 οἶδεν,
428 3409 591 3483 ὅστις
614 3411 774 3472 ioth
799 3410 941 3473 οὐδὲ
974 3413 1034 3472 τί
1062 3411 1187 3472 ἐστι
1214 3409 1459 3490 κόσμος.
1526 3415 1586 3473 In
1618 3416 1707 3485 iis,
1750 3433 1893 3492 quae
1926 3425 2251 3493 sequuntur,

209 3501 682 3578 comparationem
715 3497 874 3557 duxit
913 3519 947 3557 a
991 3497 1133 3557 ludis
1165 3499 1515 3557 circensibus
1563 3510 1624 3558 et
1667 3498 1959 3576 aurigandi
2005 3511 2149 3569 arte,
2181 3498 2253 3557 de

210 3585 407 3663 quibus
464 3585 521 3642 in
566 3586 887 3643 universnm
931 3585 1007 3643 cf.
1057 3583 1283 3643 Krause
1330 3583 1532 3661 Gymn.
1593 3605 1647 3642 u.
1690 3584 1882 3661 Agon.
1934 3581 1988 3643 d.
2038 3584 2182 3643 Bell.
2229 3583 2254 3641 1

208 3691 264 3749 p.
298 3675 419 3732 14⁴7
453 3689 575 3749 sqq.
613 3675 735 3731 557
777 3690 902 3749 sqq.
949 3669 1008 3727 In
1056 3670 1162 3727 bac
1208 3689 1273 3728 re
1305 3679 1491 3728 autem
1534 3667 1643 3728 duo
1676 3681 1839 3727 erant
1869 3670 2120 3748 inprimis
2154 3668 2255 3727 ob-

211 3753 527 3825 servanda,
571 3756 716 3812 ordo
764 3755 990 3828 (liminis
1038 3753 1176 3812 ordo
1220 3752 1367 3833 apud
1426 3753 1661 3813 Statium
1707 3754 1889 3813 Theb.
1935 3755 2033 3826 VI,
2082 3759 2256 3827 390),

212 3860 334 3899 uam
381 3842 581 3909 locus,
635 3858 798 3919 quem
844 3849 1001 3898 sorte
1047 3838 1215 3898 ducta
1261 3839 1590 3898 obtinebant
1647 3840 1919 3917 aurigae,
1974 3838 2253 3899 diversam

211 3925 489 4003 praebere
538 3926 719 4002 potuit
767 3927 1239 4003 opportunitatem
1300 3922 1449 3984 baud
1515 3923 1935 4003 negligendam.
2029 3924 2255 3985 Summa

211 4021 393 4070 autem
427 4012 662 4088 aurigae
694 4029 790 4068 ars
836 4020 896 4068 et
938 4011 1175 4069 attentio
1205 4008 1676 4080 desiderabatur,
1707 4010 1801 4069 ubi
1843 4030 2005 4090 quam
2035 4011 2255 4071 brevis-

211 4097 347 4156 simo
393 4114 544 4175 gyro
586 4096 740 4155 circa
784 4106 989 4156 metam
1030 4095 1317 4156 ‘flectebat
1375 4115 1555 4175 equos
1575 4137 1595 4168 ,
1653 4093 1799 4175 quod
1859 4116 1982 4155 cum
2043 4116 2256 4156 summo
