2764 4738
583 389 708 456 130
1299 392 1469 457 SAT.
1502 394 1572 469 11,
1601 397 1688 460 42
1716 427 1800 440 -
1828 399 1933 458 45.

579 566 782 625 mentis
825 562 1154 644 quibusdam
1196 567 1414 626 crassis
1455 565 1632 625 oblita
1677 584 1747 626 ae
1790 572 2113 636 macerata,
2155 582 2303 643 qnae
2346 561 2485 624 ideo
2512 573 2623 623 toto

581 671 728 710 anno
756 649 956 724 durat,
987 672 1099 731 quo
1144 649 1312 711 modo
1355 652 1527 712 etiam
1557 652 1797 730 porcine
1835 650 2023 710 soleat
2051 647 2278 710 condita
2309 650 2535 710 servari
2560 648 2625 709 ad

581 746 899 796 saturarum
941 739 1086 795 iura.
1129 736 1224 797 cf.
1281 735 1484 795 Isidor.
1524 738 1701 815 gloss.
1731 757 1788 816 p.
1822 740 1947 799 697
1976 735 2143 796 Vulc.
2205 734 2504 794 Glossaria
2531 755 2623 794 ex·

581 821 822 901 plicant:
870 831 1195 893 tuccetum,
1241 817 1440 898 ζωμὸς
1477 818 1690 901 παχύς.
1775 820 1932 882 Unde
1990 830 2149 900 patet
2206 821 2394 881 fuisse
2453 819 2621 880 cibum

582 925 858 986 perquam
903 909 1200 986 pinguem,
1262 905 1413 987 quod
1456 927 1637 986 genus
1682 927 1807 966 cum
1850 905 2016 966 valde
2076 907 2319 965 amarint
2379 906 2623 976 Romani,

582 1005 845 1072 tanquam
905 991 1148 1052 edulium
1203 994 1396 1052 eximii
1448 993 1671 1070 saporis
1730 1002 2203 1052 commemoratur
2259 992 2333 1049 ab
2391 988 2622 1070 Apuleio

586 1078 843 1151 (Metam.
873 1077 922 1136 11
951 1099 1006 1157 p.
1043 1083 1184 1140 117.
1215 1078 1271 1138 V
1311 1098 1370 1157 p.
1411 1082 1551 1140 165.
1582 1076 1688 1136 VII
1729 1098 1785 1157 p.
1823 1081 1964 1139 192.
1994 1076 2079 1136 lx
2107 1097 2162 1155 p.
2205 1081 2336 1139 227
2382 1076 2523 1135 ΕΙιιι.
2551 1076 2620 1133 ef.

583 1162 801 1222 Arnob.
848 1162 898 1222 11
940 1184 998 1243 p.
1048 1168 1190 1238 91),
1245 1174 1306 1222 et
1348 1183 1384 1222 a
1429 1162 1729 1241 Fulgentio
1772 1168 1994 1241 (expos.
2034 1181 2207 1221 serm.
2255 1172 2376 1220 ant.
2426 1182 2481 1239 p.
2515 1163 2621 1222 180

585 1248 838 1319 Menck.)
868 1258 1098 1309 tucceta
1127 1268 1301 1309 escae
1330 1249 1529 1326 regiae
1562 1268 1698 1308 esse
1727 1246 2007 1307 dicuntur.
2067 1248 2241 1306 Hisce
2274 1248 2475 1326 epulas
2504 1265 2621 1324 spe·

586 1336 730 1393 ctari
760 1353 905 1413 quae
936 1337 992 1394 in
1009 1335 1147 1413 ipsis
1177 1334 1473 1393 sacrificiis
1491 1333 1947 1405 celebrabantur,
1979 1331 2130 1412 quod
2151 1335 2417 1413 sequitur
2443 1350 2620 1391 exem·

586 1419 735 1498 plum
792 1438 1028 1497 prorsus
1073 1419 1255 1478 simile
1301 1418 1539 1492 suadet,
1599 1430 1661 1479 et
1706 1430 1897 1498 potest
1953 1439 2025 1479 eo
2073 1418 2431 1490 confirmari,
2488 1414 2619 1496 quod

586 1504 873 1563 Arnobius
903 1515 1132 1565 tucceta
1162 1506 1311 1563 inter
1338 1524 1505 1563 sacra
1533 1505 1813 1564 vocabula
1836 1515 2149 1564 enumerat.
2208 1462 2470 1563 Eandem
2498 1501 2620 1560 stul·

588 1591 766 1648 titiam
801 1599 1032 1649 notasse
1063 1591 1234 1650 etiam
1264 1589 1579 1691 Diogenem
1611 1591 1869 1669 cynicum
1898 1600 2096 1648 narrat
2110 1588 2411 1667 Diogenes
2440 1588 2615 1646 Laert.

588 1675 688 1745 vl,
718 1679 781 1745 2,
810 1679 930 1737 28.
1002 1672 1183 1734 ἐκίνει
1222 1669 1407 1735 αὐτὸν
1429 1670 1498 1736 τὸ
1527 1671 1707 1733 θύειν
1740 1672 1869 1744 τοῖς
1891 1671 2067 1743 θεοῖς
2092 1671 2249 1756 ὑπὲρ
2280 1672 2525 1753 ὑγιείας,
2565 1667 2617 1729 εἰν

590 1755 742 1842 αὐτῇ
769 1756 834 1817 δὲ
862 1759 939 1841 τῇ
963 1757 1159 1838 θυσίᾳ
1191 1754 1345 1818 κατὰ
1365 1760 1471 1832 τῆς
1503 1757 1730 1837 ὑγιείας
1763 1756 2046 1818 δειπνεῖν.

758 1864 813 1902 v.
844 1848 1118 1906 43-51.
1162 1843 1422 1904 Alterum
1439 1846 1710 1904 stultitiae
1740 1845 1863 1904 eius
1885 1844 2233 1945 Mexemplum,
2267 1863 2418 1924 qnae
2445 1840 2562 1901 dum
2586 1859 2616 1898 a

590 1926 697 1988 diis
727 1932 876 1989 votis
908 1941 968 1989 et
997 1930 1294 1989 sacrifieiis
1324 1929 1545 2008 expetit
1583 1948 1730 2008 quae
1773 1931 1960 2008 cupit,
1990 1949 2061 1989 ea
2091 1931 2216 2008 ipsa
2247 1928 2469 2008 perdit
2496 1945 2617 2007 quo-

589 2033 713 2073 rnm
755 2026 950 2075 rectus
999 2034 1136 2074 usus
1181 2016 1368 2074 omnia
1414 2018 1470 2074 ei
1516 2013 1927 2093 suppeditaret.
1992 2018 2131 2076 Rem
2172 2034 2257 2074 sc.
2307 2014 2614 2074 familiarem

592 2100 854 2170 (Terent.
883 2097 1130 2181 Adelph.
1162 2099 1231 2171 11,
1264 2104 1327 2171 2,
1362 2103 1461 2163 12.
1493 2093 1631 2159 Hor.
1663 2099 1788 2160 Sat.
1824 2100 1869 2172 1,
1898 2105 1962 2172 4,
1993 2103 2096 2163 32.
2126 2100 2281 2179 Epp.
2318 2101 2363 2171 1,
2401 2102 2530 2162 179.
2555 2095 2614 2167 11,

593 2190 653 2257 1,
688 2189 829 2247 107.
860 2186 1053 2245 Iuven.
1099 2185 1195 2256 111,
1223 2189 1334 2259 23)
1354 2228 1373 2257 ,
1417 2196 1691 2257 struere,
1737 2186 1777 2244 i.
1809 2205 1867 2246 e.
1902 2206 1978 2245 ex
2007 2206 2113 2245 usu
2140 2187 2501 2266 antiquorum
2527 2201 2614 2241 au·

591 2280 751 2329 ctore
783 2271 954 2329 Festo
998 2290 1048 2329 s.
1077 2292 1134 2330 v.
1178 2289 1445 2348 augere,
1493 2282 1735 2349 exoptas
1777 2290 1952 2331 caeso
1996 2272 2175 2344 bove,
2218 2272 2530 2339 sacrificio,
2565 2276 2616 2326 et

576 2355 787 2433 fibra,
830 2357 991 2416 cuius
1045 2356 1103 2415 in
1148 2356 1441 2416 sacrificiis
1486 2358 1781 2435 potissima
1825 2358 1971 2416 ratio
2022 2357 2272 2417 habetur
2325 2358 2429 2429 (ef.
2472 2354 2612 2431 Virg-

595 2440 807 2519 Georg.
839 2441 934 2512 111,
965 2445 1115 2510 490)
1135 2485 1152 2513 ,
1197 2444 1325 2523 quia
1355 2444 1520 2521 signa
1565 2443 1838 2522 praebet,
1881 2440 2029 2503 unde
2060 2441 2130 2503 de
2162 2455 2377 2502 eventu
2404 2438 2614 2500 iudicari

592 2527 777 2604 possit
806 2532 885 2600 (v.
917 2524 989 2584 ad
1017 2547 1073 2586 v.
1104 2531 1235 2602 26),
1266 2530 1546 2599 arcesst's,
1579 2531 1635 2587 in
1651 2528 1916 2587 auxilium
1948 2548 2142 2599 vocas,
2174 2530 2270 2608 qui
2304 2534 2613 2607 praesentes

592 2613 775 2670 sacris
832 2612 1170 2690 putabantur
1213 2610 1288 2671 dii
1340 2615 1609 2691 propitii,
1652 2615 2043 2673 Mercurium.
2102 2613 2157 2671 Is
2188 2611 2337 2672 deus
2379 2631 2512 2672 vero
2535 2610 2612 2667 hic

592 2715 732 2774 prae
779 2699 992 2757 ceteris
1036 2699 1365 2769 invocatur,
1412 2701 1543 2778 quia
1582 2719 1693 2758 non
1739 2699 1918 2757 solum
1961 2702 2017 2758 in
2061 2700 2389 2758 universum
2427 2696 2612 2755 luerins

593 2792 687 2841 est
732 2781 1026 2864 (κερδῷος
1067 2782 1211 2843 Luc.
1257 2783 1403 2842 Tim.
1447 2788 1525 2845 41
1578 2784 1655 2843 ih.
1708 2783 1925 2844 Hemst.
1966 2783 2230 2864 Alciphr.
2275 2784 2384 2855 111,
2432 2787 2508 2844 47
2546 2778 2611 2838 ih.

592 2865 786 2944 Bergl.
817 2868 898 2926 cf.
944 2869 1365 2947 inscriptionem
1410 2867 1557 2947 apud
1600 2868 1810 2928 Murat.
1842 2873 1990 2941 346,
2028 2874 2091 2932 2.
2123 2868 2303 2928 Orell.
2345 2890 2404 2927 n.
2440 2868 2611 2928 140⁴:

595 2972 872 3010 nncvmo
901 2973 1137 3012 rorum-rs
1158 2975 1231 3013 ιιι·
1259 2973 1687 3027 consenui-om,
1718 2955 1795 3013 cf.
1818 2953 1980 3013 ovid.
2013 2954 2169 3013 Fast.
2201 2952 2278 3024 V,
2313 2957 2435 3017 689
2463 2953 2610 3031 sqq->v

595 3036 745 3096 unde
784 3057 1106 3097 crumenam
1150 3050 1354 3099 tenens
1395 3042 1644 3119 pingitur
1690 3044 1769 3112 (v.
1810 3037 1884 3097 ad
1925 3038 2029 3111 vl,
2068 3043 2212 3112 62),
2255 3037 2363 3099 sed
2392 3058 2466 3098 ex
2488 3035 2612 3095 auti·

596 3124 865 3201 quissima
896 3123 1171 3201 religione
1201 3144 1471 3203 pecorum
1501 3145 1693 3185 curam
1722 3127 1875 3203 gerit
1890 3123 2493 3204 (nesiod.theog.u4
2507 3138 2610 3199 sqq·

597 3206 761 3266 Hom.
794 3208 982 3287 hymn.
1027 3208 1209 3268 Merc.
1258 3215 1381 3273 570
1425 3215 1573 3290 sq.),
1626 3208 1773 3270 unde
1817 3205 2026 3287 νόμιος
2051 3222 2297 3271 vocatur
2326 3204 2611 3285 (Aristoph-

596 3291 941 3372 Tbesmoph.
974 3297 1147 3367 977),
1178 3306 1346 3376 atque
1366 3292 1674 3373 ἑπιμήλιος
1702 3294 1897 3370 (Paus.
1929 3295 2032 3368 lx,
2064 3300 2166 3367 34,
2198 3299 2286 3369 2),
2317 3307 2376 3355 et
2401 3307 2612 3373 gregum

596 3376 1037 3438 foecunditatem
1081 3378 1324 3460 indeque
1377 3391 1540 3439 natas
1581 3380 1806 3440 divitias
1863 3382 2181 3442 homiuibus
2227 3379 2366 3441 dare
2414 3387 2611 3459 putatur

598 3463 700 3537 (cf.
729 3463 894 3523 Hom.
927 3463 990 3522 ll.
1023 3465 1077 3535 ξ,
1110 3469 1284 3537 491).
1327 3465 1523 3544 Itaque
1567 3477 1829 3544 pastores
1870 3469 1925 3527 ei
1955 3467 2307 3546 potissimum
2334 3462 2610 3544 Nymphis-

596 3567 706 3627 que
739 3546 1022 3608 sacrificia
1052 3550 1297 3610 offerunt
1328 3550 1515 3624 (Hom.
1547 3550 1651 3611 Od.
1686 3553 1740 3624 ξ,
1768 3557 1942 3627 435).
1985 3550 2204 3611 Eodem
2235 3539 2609 3630 pertinetqnod

594 3630 750 3693 Pana
782 3653 857 3693 ex
886 3634 1134 3713 Dryopis
1165 3636 1299 3708 filia,
1328 3636 1403 3695 ob
1433 3638 1593 3695 cuius
1623 3657 1872 3697 amorem
1903 3657 2117 3716 greges
2146 3636 2422 3716 pascebat
2449 3632 2607 3707 (non.

595 3717 1057 3797 hymn.v11‚28
1101 3726 1288 3801 sqq.),
1345 3732 1408 3780 et
1450 3742 1525 3781 ex
1568 3721 1860 3802 Polymele
1902 3721 2189 3782 Eudorum
2230 3722 2400 3781 filium
2442 3717 2604 3793 (non.

597 3803 661 3862 11.
691 3825 761 3873 π,
799 3808 919 3866 179
951 3811 1100 3884 sqq.)
1132 3825 1476 3885 procreasse
1492 3805 1721 3866 dicitur.
1758 3807 1848 3866 Cf.
1860 3807 2087 3867 Mulier.
2120 3808 2381 3886 prolegg.
2410 3825 2462 3884 p.
2477 3804 2603 3864 355

599 3886 935 3948 Schwenek.
968 3891 1145 3968 myth.
1178 3890 1371 3950 Skizz.
1404 3912 1459 3970 p.
1492 3895 1574 3955 29
1608 3912 1732 3972 sqq.
1762 3892 2003 3953 Preller.
2022 3893 2246 3953 Demet.
2277 3913 2333 3951 u.
2364 3883 2606 3963 Perseph-

599 3995 654 4053 p
686 3978 805 4036 201
843 3994 967 4055 sqq.
1016 3973 1294 4036 Gerliard.
1333 3975 1569 4036 Auserl.
1610 3977 1867 4038 Vasenb.
1909 3977 2023 4057 lp.
2056 3982 2141 4041 70
2171 3998 2300 4058 sqq.
2348 3978 2463 4046 De,
2491 3971 2603 4031 flor·

596 4059 803 4138 epp.1‚
870 4065 969 4133 16,
1014 4063 1130 4123 60.
1178 4061 1419 4123 Pulchra
1465 4061 1731 4133 Laverna
1764 4062 1840 4123 da
1880 4064 2014 4124 mihi
2060 4064 2293 4136 fallere3
2352 4062 2424 4122 cf.
2469 4050 2603 4117 Ovid-
