2764 4738
893 430 1609 497 PROLEGOMENA.
2084 454 2279 499 cmxxx

138 552 169 715 l
208 603 455 666 laudem
502 603 685 666 etiam
730 602 1027 668 lectorum
1073 604 1276 667 taedio
1322 624 1529 668 emere
1576 602 1739 688 cupit
1777 610 1822 665 ¹.
1900 600 2273 685 Quibusdam

207 705 366 769 loeis
398 705 577 769 uncis
607 725 754 768 usus
783 724 951 780 sum,
1000 704 1101 768 ubi
1134 706 1415 769 diversae
1448 705 1892 789 explicationes
1933 708 2276 791 permixtae
2333 768 2339 774 .

207 808 606 872 videbantur.
654 805 827 871 Raro
859 806 921 869 in
954 806 1115 870 notis
1160 806 1451 890 quaedam
1500 807 1701 872 addidi
1747 826 1781 869 e
1826 806 1965 870 cod.
2013 802 2304 873 maxime

207 907 539 987 Parisino,
602 920 875 994 poteram
938 910 1146 992 plura,
1229 908 1338 971 sed
1415 909 1662 973 chartae
1730 929 1991 994 parcere
2054 911 2273 993 malui3

211 1032 357 1075 nam
403 1011 469 1075 in
514 1011 668 1074 meis
713 1022 882 1075 certe
929 1011 1105 1074 codd.
1152 1011 1300 1075 nihil
1339 1011 1590 1089 inveni,
1639 1009 1792 1094 quod
1837 1021 2054 1095 poetae
2085 1013 2278 1076 inter-

207 1114 623 1197 pretationem
656 1124 763 1176 aut
798 1114 1170 1196 antiquitatis
1215 1112 1628 1196 cognitionem
1674 1113 1937 1177 iuvaret.
2019 1114 2277 1181 Glossas

208 1214 636 1292 pithoeanus,
698 1236 815 1299 quo
865 1216 1101 1279 facilius
1146 1236 1185 1278 a
1244 1215 1470 1279 ceteris
1526 1216 2072 1300 dignoscerentur,
2138 1218 2273 1301 quia

210 1338 325 1382 eae
354 1320 489 1383 fere
522 1340 560 1381 a
590 1312 735 1381 VV.
768 1315 910 1381 DD.
944 1318 1301 1397 laudantur,
1350 1317 1609 1382 diductis
1653 1318 1877 1382 litteris
1928 1320 2276 1403 exprimen-

215 1421 326 1485 das
373 1431 438 1484 et
484 1430 607 1484 tam
649 1418 821 1483 initio
866 1440 1040 1503 quam
1084 1420 1145 1483 in
1192 1421 1311 1484 fine
1356 1419 1657 1483 asterisco
1704 1422 2002 1486 notandas
2036 1423 2268 1487 curavi.

210 1521 417 1586 Attuli
448 1535 652 1587 autem
683 1522 968 1605 quasdam
1001 1519 1148 1586 VV.
1185 1520 1323 1586 DD.
1357 1522 1422 1585 in
1454 1543 1561 1587 eas
1594 1523 2053 1588 emendationes
2073 1572 2091 1604 ‚
2122 1546 2275 1609 quas

211 1627 378 1692 unde
410 1625 728 1690 sumserim
753 1672 772 1703 ,
820 1625 1202 1690 indicandum
1249 1635 1367 1689 est.
1419 1622 1496 1689 C.
1531 1622 1913 1690 Barthius
1944 1627 2004 1690 in
2038 1649 2110 1692 ea
2142 1629 2275 1691 Ad-

211 1730 633 1794 versariorum
676 1727 1043 1791 ineditorum
1094 1739 1304 1812 parte,
1353 1748 1507 1810 quae
1552 1727 1614 1791 in
1657 1728 2019 1793 bibliotheca
2072 1729 2272 1815 Regia

211 1831 569 1896 Havne‘ensi
603 1841 960 1894 asservatur
993 1836 1057 1908 ³,
1119 1831 1289 1895 locos
1338 1831 1627 1914 quosdam
1680 1830 1885 1894 harum
1934 1832 2272 1915 glossarum

214 1934 607 2010 emendavit,
654 1934 759 1997 lib.
809 1929 954 1998 CLI
995 1953 1128 2017 cap.
1177 1929 1286 1996 21.
1331 1929 1440 1995 22.
1494 1929 1695 2011 CLII,
1727 1932 1793 2009 2,
1844 1934 2000 1997 unde
2031 1955 2136 1999 eas
2170 1936 2274 2000 de·

210 2036 456 2121 scripsi.
523 2034 576 2098 1.
615 2036 696 2099 Α.
744 2031 1173 2099 Fabricius
1218 2035 1499 2118 exemplo
1546 2035 1834 2098 editionis
1884 2031 2274 2101 Schrevelia·

210 2161 330 2204 nae
364 2160 426 2202 a.
468 2135 673 2216 1648,
721 2136 877 2222 quod
919 2138 981 2200 in
1023 2136 1386 2200 bibliotheca
1432 2136 1851 2201 universitatis
1895 2137 2275 2202 Havm‘ensis

208 2253 503 2306 servatur
557 2262 782 2326 paucas
840 2241 1255 2307 correctiones
1310 2238 1669 2321 adscripsit,
1731 2259 1878 2322 quas
1937 2240 2062 2304 suis
2123 2241 2273 2306 locis

211 2344 715 2410 commemoravi.
762 2338 832 2405 In
864 2341 1232 2407 bibliotheca
1259 2340 1795 2426 Heidelbergensi
1827 2352 2034 2406 exstat
2065 2363 2274 2407 exem-

211 2446 372 2533 plum
420 2446 710 2510 editionis
749 2442 1130 2510 Pithoeanae
1173 2465 1233 2508 a.
1282 2439 1451 2507 1590
1494 2444 1650 2526 quod
1682 2444 1823 2507 olim
1857 2445 1968 2507 fuit
1998 2443 2272 2511 Danie-

209 2550 312 2614 lis
344 2547 796 2622 Eremitae‚
844 2548 943 2631 qui
990 2567 1211 2611 nomen
1252 2566 1424 2609 suum
1457 2545 1765 2630 inscripsit
1795 2546 1967 2610 titulo
1998 2546 2111 2627 (D.
2147 2545 2274 2612 He-

210 2652 443 2714 remila
472 2648 783 2735 Ancum-p.
815 2649 924 2714 Aa
957 2648 1089 2711 cIo.
1124 2648 1309 2728 Iam).
1359 2646 1478 2711 Hic
1508 2646 1571 2710 in
1601 2648 1869 2730 margine
1902 2649 2274 2713 emendatio-

212 2774 325 2817 nes
385 2753 764 2837 quorundam
823 2747 1133 2815 Iuvenalis
1186 2751 1460 2814 locorum
1507 2749 1869 2835 adscripsit,
1930 2751 1994 2814 in
2054 2749 2273 2817 Persio

212 2855 445 2938 aliquot
501 2854 708 2918 varias
764 2853 1099 2929 lectiones,
1168 2853 1411 2917 aliunde
1472 2851 1589 2915 iam
1652 2862 1870 2929 notas,
1926 2855 2270 2934 annotavit,

214 2957 600 3041 praecipuam
648 2976 796 3020 vero
845 2976 1047 3020 curam
1093 2956 1155 3018 in
1215 2953 1463 3019 scholiis
1516 2954 1753 3036 posuit,
1802 2976 2053 3039 quorum
2115 2956 2274 3021 haud

213 3081 444 3144 pancas
488 3060 949 3128 emendationes
993 3054 1317 3141 adscripsit
1360 3057 1471 3139 (cf.
1507 3053 1767 3121 Cramer
1794 3058 1868 3119 ad
1901 3058 2096 3121 schol.
2132 3056 2269 3123 Iuv.

213 3184 275 3247 p.
312 3159 503 3241 621).
581 3158 736 3225 Cum
783 3160 948 3225 hisce
996 3158 1482 3235 correctionibus
1525 3160 1676 3238 mire
1721 3161 2091 3223 concordant
2133 3180 2270 3239 eae,

214 3284 365 3347 quas
427 3260 552 3325 Fr.
614 3260 1264 3346 Lindenbrogius
1323 3262 1400 3326 ad
1460 3282 1630 3325 oram
1690 3261 1952 3345 exempli
2004 3263 2273 3327 eiusdem

215 3365 508 3430 editionis
556 3366 829 3442 notavit,
891 3364 1044 3449 quod
1103 3373 1271 3427 tenet
1323 3362 1688 3428 bibliotheca
1743 3363 2270 3450 {lumbar-gensis,

213 3471 275 3532 in
322 3488 440 3552 qua
489 3468 737 3531 eaedem
786 3467 1218 3537 annotationes
1262 3465 1354 3529 bis
1404 3477 1721 3550 praeterea
1769 3466 2115 3550 exscriptae
2163 3488 2275 3530 ex-

213 3582 419 3649 stant,
467 3570 635 3634 inter
663 3567 1099 3652 Lindeubrogii
1132 3579 1374 3631 annott.
1422 3588 1566 3632 mss.
1601 3567 1673 3632 ad
1709 3568 1912 3631 varios
1943 3568 2274 3652 scriptores

220 3672 516 3748 Latium,
567 3682 633 3738 et
675 3670 747 3736 ad
794 3671 1124 3755 marginem
1159 3671 1307 3735 edit.
1342 3667 1547 3734 Paris·
1583 3691 1643 3734 a.
1681 3667 1869 3734 1613.
1933 3667 2045 3732 Bis
2094 3669 2278 3751 igitur

220 3899 239 3949 Ι
284 3896 476 3962 Qualia
515 3894 803 3960 intelligam
841 3894 966 3944 haec
1002 3894 1233 3959 exempla
1272 3894 1363 3943 doc
1367 3893 1545 3944 e.bunt
1613 3890 1668 3942 ln
1719 3892 1840 3942 nebo
1844 3890 1882 3941 1.
1921 3892 1983 3942 ad
2022 3892 2165 3955 1,47
2203 3893 2278 3944 le-

283 3966 509 4031 gebatur
543 3964 689 4015 dolor
704 3980 856 4029 erpo
829 3962 959 4013 odo
965 3964 1073 4013 lere
1146 3965 1209 4014 ad
1243 3963 1281 4026 Ι,
1322 3962 1454 4015 77υ
1425 3978 1648 4012 verruca
1653 3979 1747 4026 ep
1752 3978 1855 4025 οημ
1825 3962 1942 4009 nuel
1981 3977 2068 4025 pro
2101 3977 2138 4027 1¹
2143 3977 2275 4027 (ιιι-μ

282 4035 401 4098 lae,-
440 4033 585 4098 adl,
631 4033 727 4086 115
763 4032 864 4082 deu
867 4048 1018 4147 srpp
990 4032 1151 4083 oden
1158 4051 1215 4094 a,
1265 4039 1316 4082 et
1352 4048 1416 4097 qu
1423 4047 1483 4082 ae
1523 4031 1663 4080 hiss
1670 4031 1830 4080 ἰιιίιΙιιι
1867 4038 2008 4079 s.unt

214 4140 249 4190 2
285 4136 367 4191 Cf.
406 4153 542 4206 quoe
579 4137 643 4188 de
682 4135 764 4185 bis
788 4134 986 4186 dissero
1015 4134 1327 4197 ,Zeitschtn
1358 4132 1392 4184 f.
1423 4134 1724 4185 Alterthswi
1732 4148 1800 4183 ss.
1833 4131 1967 4184 1837
1994 4148 2040 4198 p.
2073 4133 2172 4184 623
2191 4147 2269 4199 sq.
