2764 4738
727 405 989 471 scum..
1019 404 1127 470 Al)
1158 405 1326 469 SAT.
1356 406 1404 481 1,
1455 410 1636 471 47-
1651 410 1755 472 51.
2129 402 2261 473 25⁹

218 573 512 649 laudatus,
554 597 664 638 nec
693 575 893 639 dolere
922 579 1205 658 culpatus.
1250 576 1512 639 Relatum
1547 574 1621 638 ad
1648 576 1904 658 regulam
1930 579 2261 659 patientiae,

218 664 349 744 quia
378 683 492 723 non
523 664 762 744 neglig-it
790 663 1010 725 landem
1040 675 1102 725 et
1128 664 1351 745 culpam
1380 666 1620 744 speruit.

386 754 492 812 48.
552 751 677 809 Sed
726 752 885 810 recti
920 751 1229 829 finemque
1280 760 1760 828 extremumque,
1815 745 1875 809 id
1929 759 2053 822 est,
2112 745 2262 829 qnod

215 854 465 915 quaero3
529 845 591 895 et
633 835 745 896 boe
790 833 956 896 dicit:
1015 834 1269 896 Laudem
1311 831 1536 916 quidem
1567 855 1694 895 amo
1721 854 1832 895 non
1879 834 2077 893 falsam
2097 875 2117 906 ,
2155 832 2260 895 sed

213 939 362 1001 quae
408 918 481 979 ad
527 920 691 980 linem
736 931 800 982 et
840 919 913 980 ad
959 932 1273 981 extremum
1303 921 1485 993 recti,
1535 918 1593 981 id
1624 931 1716 981 est
1743 918 1816 980 ad
1844 921 2142 980 veritatem
2172 921 2261 979 in·

213 1004 416 1066 tendit.
479 1007 680 1065 Finem
719 1009 977 1067 rediet
1017 1016 1342 1066 extremum
1369 1004 1509 1066 dicit
1536 1005 1841 1067 secundum
1872 1004 2261 1086 philosophos,

213 1093 308 1171 qni
351 1111 623 1150 summum
668 1090 872 1152 bouum
916 1092 973 1151 iu
1016 1102 1182 1152 recto
1223 1102 1395 1172 atque
1439 1092 1682 1153 honesto
1727 1100 1995 1152 constare
2045 1087 2258 1151 dicunt.

213 1176 286 1237 Ut
315 1176 587 1236 Lucanus
626 1182 682 1236 ¹:

630 1279 881 1322 servare
919 1262 1147 1322 modum
1174 1262 1480 1341 finemque
1526 1272 1750 1322 tenere.

386 1350 498 1410 49.
543 1349 693 1407 Esse
732 1367 940 1406 recum
969 1366 1120 1425 euge
1159 1358 1322 1407 tuum
1348 1358 1409 1407 et
1438 1348 1610 1408 belle.
1676 1346 1882 1428 Neque
1911 1347 2060 1408 enim
2090 1344 2262 1408 dura·

212 1434 297 1493 vit
335 1452 542 1494 sensns
590 1442 801 1491 tautum
844 1432 1162 1504 scribendi,
1230 1443 1292 1493 ut
1321 1435 1510 1493 statim
1541 1451 1629 1492 me
1660 1443 1821 1493 recte
1865 1433 2081 1494 fecisse
2124 1452 2261 1514 pet*

217 1520 541 1597 rectumque
585 1516 959 1589 crediderim,
1007 1538 1131 1578 cum
1175 1529 1325 1578 tunm
1369 1538 1523 1597 euge
1556 1529 1617 1577 et
1645 1518 1798 1577 belle
1824 1516 2081 1578 audiero.
2138 1519 2261 1579 lloc

216 1605 362 1664 enim
409 1602 520 1663 dici
565 1604 715 1662 solet
757 1602 937 1663 Accio
983 1603 1276 1675 Labeoni,
1336 1602 1485 1683 quod
1542 1606 1621 1662 ita
1661 1603 1939 1676 voluerit,
1998 1614 2260 1684 tanquam

216 1692 270 1750 in
300 1692 372 1749 iis
403 1708 672 1748 summum
704 1687 966 1748 iudicium
995 1691 1088 1749 sit.
1152 1689 1354 1749 Solent
1394 1708 1633 1768 namque
1679 1687 1971 1749 auditores
2012 1708 2164 1769 euge
2201 1699 2262 1749 et

218 1776 366 1835 belle
396 1772 747 1853 respondere
780 1775 1172 1834 recitantibus.
1241 1773 1358 1834 Sed
1388 1773 1800 1847 laudationem,
1846 1775 2060 1853 inquit,
2102 1785 2259 1835 tuam

218 1881 328 1920 nou
358 1870 495 1940 puto
525 1861 668 1919 reeti
697 1860 1097 1920 definitionem.
1142 1858 1348 1939 Neque
1378 1861 1527 1919 enim
1560 1859 1880 1920 scribentes
1909 1858 2122 1920 debent
2149 1860 2260 1920 boc

217 1947 328 2006 line
360 1964 492 2005 esse
521 1947 799 2015 contenti,
830 1955 894 2004 nt
920 1964 1071 2023 euge
1102 1956 1162 2005 et
1186 1946 1337 2006 belle
1366 1943 1616 2004 audiant.
1786 1946 1942 2004 Num
1971 1945 2123 2005 belle
2152 1946 2263 2005 hoe

216 2042 427 2090 excute
487 2040 689 2090 totum.
769 2030 1090 2089 Translatio
1134 2050 1171 2089 a
1212 2031 1555 2091 vestimento
1608 2031 1776 2108 pleno
1821 2030 2111 2103 sentibus,
2167 2030 2260 2091 vel

216 2118 641 2197 quibuscunque
673 2116 1020 2194 corpusculis
1038 2159 1056 2187 ,
1088 2115 1235 2196 quod
1265 2114 1395 2176 dum
1425 2135 1727 2177 excussum
1758 2116 1968 2189 fuerit,
1998 2114 2262 2198 quicquid

216 2201 389 2262 babet
418 2199 839 2274 absconditum,
883 2202 1123 2280 proiicit.

390 2291 494 2349 5⁰.
545 2288 701 2363 Quid
726 2306 841 2345 non
879 2288 1037 2346 t'ntus
1068 2286 1293 2346 habet?
1352 2286 1855 2366 reprehensionis,
1897 2286 1991 2345 vel
2019 2285 2260 2366 ineptia-

216 2393 375 2445 rum,
420 2372 514 2432 vel
558 2371 942 2452 turpitudinis,
990 2372 1082 2433 vel
1125 2371 1471 2433 derisionis?
1654 2375 1790 2433 Non
1838 2373 1932 2432 laic
1977 2383 2069 2433 esc
2110 2374 2259 2432 Ilias

214 2461 376 2520 Acci
406 2463 477 2517 2?
544 2457 682 2530 llic,
726 2457 782 2516 id
813 2470 902 2517 est
931 2459 986 2516 in
1017 2470 1216 2537 satyra
1257 2479 1405 2520 mea.
1592 2455 1621 2486 ⁴¹
1648 2458 1928 2518 Accius
1966 2457 2262 2518 Labeo*

214 2556 385 2625 poeta
415 2541 677 2603 indoctus
708 2544 813 2604 fuit
840 2544 1060 2603 illorum
1094 2555 1427 2623 temporum,
1457 2545 1551 2624 qui
1581 2541 1930 2603 *Iliadem
1961 2541 2259 2602 Homeri

215 2628 575 2690 versibus
635 2627 1088 2688 foedissime
1146 2626 1638 2708 composuit,*
1699 2630 1816 2701 ita,
1874 2638 1936 2688 ut
1977 2647 2086 2688 nec
2134 2629 2260 2707 ipse

215 2725 389 2794 poeta
418 2715 830 2786 intellexisset,
861 2715 971 2773 nisi
999 2714 1293 2775 helleboro
1325 2725 1684 2794 purgaretur.

391 2805 493 2863 51.
538 2799 728 2859 Ebria
753 2810 1034 2871 veratro,
1080 2798 1136 2859 id
1168 2810 1259 2859 est
1288 2801 1437 2859 vitiis
1467 2801 1671 2879 plena,
1715 2799 1809 2859 vel
1839 2798 2003 2857 nimis
2034 2799 2255 2859 insana.

218 2885 445 2946 Graece
475 2896 663 2945 antem
692 2882 1006 2967 ἅλεζβορον
1031 2883 1269 2956 dicitnr,
1301 2885 1507 2945 Latine
1540 2894 1882 2955 veratrum,
1915 2881 2064 2963 quod
2094 2881 2262 2943 datur

218 2970 661 3041 insanientibus,
691 2980 753 3029 ut
782 2989 886 3030 eos
918 2969 989 3029 ad
1022 2972 1299 3049 integrum
1322 2971 1528 3030 mentis
1558 2969 1931 3030 valetudinem
1961 2966 2259 3047 perducat.

216 3055 282 3116 lu
313 3057 422 3117 bac
450 3058 624 3135 igitur
652 3054 819 3116 lande
848 3054 1108 3135 quidnam
1138 3058 1438 3116 invenias?
1502 3056 1674 3116 Certe
1706 3057 1758 3114 si
1788 3073 1960 3114 sanus
1990 3055 2261 3133 inspexe-

215 3144 300 3202 ris
328 3143 440 3202 boc
470 3161 651 3221 genus
683 3141 934 3213 favoris,
977 3142 1230 3202 iuvenies
1276 3145 1447 3202 etiam
1491 3143 1671 3221 ipsum
1713 3137 1991 3221 qnondam
2021 3138 2260 3199 attribu-

219 3343 247 3397 1
287 3343 486 3395 Lucan.
524 3342 591 3408 ll,
629 3343 749 3397 381.

212 3414 253 3470 β
289 3413 507 3472 Wasse,
544 3428 609 3463 nn
637 3414 764 3464 latin
792 3414 1029 3464 scoliasts
1055 3412 1287 3478 (classic.
1313 3412 1495 3464 Jonrn.
1532 3412 1576 3466 ll
1601 3428 1649 3479 p.
1689 3413 1791 3465 454
1806 3413 1913 3478 sq.)
1948 3410 2045 3461 boc
2078 3426 2109 3462 e
2143 3410 2257 3462 eod.

287 3481 452 3534 Persii
495 3482 659 3534 edidit
693 3484 857 3536 acbol.
912 3484 1089 3547 „Ilias
1118 3484 1254 3534 Acci
1288 3498 1364 3534 sc.
1401 3483 1673 3534 Labeonis.
1713 3481 2056 3546 Quorumdam
2090 3481 2263 3547 opinio

288 3559 404 3611 est,
459 3551 593 3601 bunc
631 3554 866 3612 Accium,
924 3554 985 3603 de
1022 3568 1120 3619 qno
1154 3552 1387 3618 loquitur
1433 3559 1616 3619 pocta,
1662 3549 2003 3602 transtulisse
2057 3548 2261 3602 Homeri

287 3620 472 3672 Iliada.
536 3618 679 3685 Quod
719 3622 937 3672 verterit
976 3620 1106 3671 nibil
1142 3621 1346 3688 penitus
1385 3621 1623 3672 babetur.
1689 3618 1788 3671 Sed
1827 3619 1995 3686 potius
2030 3617 2261 3669 referen-

288 3688 407 3739 dum
445 3695 525 3739 est
559 3690 622 3739 ad
661 3690 953 3754 tragoedias
992 3689 1142 3751 illas,
1193 3704 1321 3755 quae
1377 3691 1441 3740 de
1490 3689 1692 3741 excidio
1729 3687 1923 3740 Troiae
1959 3694 2011 3737 et
2046 3685 2260 3753 Polyda·

284 3764 494 3820 nante,
543 3759 630 3824 qui
670 3758 768 3808 l'uit
802 3774 939 3809 nnus
975 3774 1037 3808 ex
1062 3758 1231 3809 tribus
1256 3759 1603 3825 proditoribus
1625 3797 1640 3820 ,
1678 3763 1828 3824 prout
1859 3756 2068 3823 scripsit
2093 3755 2260 3806 Dares

286 3825 578 3894 Phrygius,
627 3829 865 3892 egregius
902 3828 1236 3879 historiarum
1270 3829 1494 3895 scriptor
1520 3828 1589 3893 (c.
1612 3828 1678 3880 39
1696 3827 1822 3894 sq.).
1871 3824 1938 3874 Bt
1977 3825 2070 3875 boc
2104 3825 2259 3875 dicit:

287 3895 431 3961 Opus
466 3896 599 3946 euim
636 3911 798 3947 meum
836 3897 1005 3947 lictum
1031 3895 1235 3947 landem
1261 3912 1358 3946 non
1387 3898 1624 3963 quaerit,
1662 3897 1797 3946 sicut
1823 3894 2089 3958 tragoedia
2114 3894 2260 3953 Acci,-

289 3980 422 4030 quae
458 3979 574 4016 cnm
610 3963 802 4016 referta
841 3973 981 4017 esset
1016 3966 1165 4030 ungis
1201 3971 1257 4016 et
1293 3965 1451 4016 rebus
1489 3965 1762 4026 inanibus,
1812 3971 1980 4014 tamen
2018 3962 2109 4013 ille
2144 3976 2264 4013 eon·

288 4033 594 4084 tentabatur
640 4033 691 4084 in
737 4034 849 4086 sola
884 4035 1058 4102 populi
1107 4033 1405 4086 adulatione
1450 4049 1550 4086 non
1588 4036 1837 4102 inquiren
1873 4032 1935 4097 (ἱ.
1973 4031 2263 4097 inquirens)

289 4103 367 4154 rei
405 4102 746 4154 veritatem-‘⁴
1814 4169 1846 4200 ἡ
