2764 4738
800 412 965 475 SAT.
1000 414 1094 488 lll,
1126 414 1674 477 ARGUMENTUM.
2111 411 2229 477 141

698 753 745 818 S
831 757 894 819 A
981 753 1041 818 T
1127 754 1156 819 Ι
1246 754 1309 819 R
1395 756 1458 818 A
1600 751 1712 818 111.

865 875 1547 937 ARGUMENTUM.

379 1011 443 1070 Ut
470 1012 629 1071 huius
661 1015 871 1072 satirae
903 1024 1289 1091 argumentum
1320 1025 1480 1073 recte
1511 1012 1889 1090 intelligatur,
1921 1012 2229 1074 cavendum

214 1108 320 1166 est,
350 1116 414 1156 ne
441 1098 509 1156 ab
541 1118 650 1156 uno
681 1096 919 1178 quodam
950 1100 1232 1177 exemplo,
1262 1120 1371 1177 quo
1402 1109 1572 1176 poeta
1603 1101 1795 1168 utitur,
1827 1109 2063 1159 sumtum
2095 1121 2230 1159 con-

210 1184 481 1254 stituatur,
510 1202 706 1242 verum
737 1184 990 1243 omnibus
1023 1184 1318 1263 exemplis,
1364 1204 1507 1263 quae
1538 1186 1591 1243 in
1623 1183 1730 1242 bae
1762 1187 1936 1243 satira
1967 1185 2037 1244 ad
2067 1205 2232 1244 unam

209 1287 324 1325 rem
364 1267 699 1327 tractandam
746 1281 1163 1348 proponuntur,
1207 1268 1514 1348 diligenter
1557 1271 1923 1341 examinatis,
1955 1270 2229 1349 quodnam

208 1372 282 1411 ex
332 1353 479 1413 hisce
541 1374 812 1413 summum
866 1366 1251 1433 argumentum
1311 1365 1621 1433 appareat,
1682 1354 2061 1434 quaerendum
2120 1367 2228 1415 est.

209 1436 428 1496 Persius
475 1440 620 1498 enim
668 1460 742 1498 ex
771 1459 929 1500 more
976 1460 1078 1499 suo
1108 1442 1266 1500 initio
1298 1444 1509 1500 satirae
1542 1461 1652 1499 non
1684 1451 2067 1518 argumentum
2099 1462 2231 1520 pro—

205 1525 373 1600 ponit,
405 1522 474 1583 de
506 1545 615 1604 quo
647 1523 897 1584 dicturus
930 1535 1054 1596 est,
1112 1525 1216 1585 sed
1249 1527 1524 1587 lectorem
1573 1528 1732 1605 quasi
1777 1527 1833 1584 in
1878 1525 2090 1586 medias
2137 1547 2230 1586 res

208 1619 445 1680 acturuS,
478 1611 549 1668 ab
582 1611 842 1688 exemplo
875 1612 1088 1671 initium
1121 1612 1288 1683 facit,
1335 1610 1483 1691 quod
1515 1612 1624 1670 etsi
1656 1609 1727 1670 ad
1758 1631 2023 1671 summam
2057 1633 2230 1691 quae·
2349 1633 2354 1642 ·

206 1694 456 1767 ctionem,
503 1715 666 1774 quam
729 1707 1068 1756 tractaturus
1133 1709 1256 1768 est,
1312 1698 1564 1779 pertinet
1625 1715 1800 1767 sane,
1873 1718 1982 1756 non
2047 1708 2231 1757 tamen

207 1789 370 1837 totam
400 1793 830 1859 repraesentat,
877 1781 980 1841 sed
1023 1801 1097 1842 ex
1152 1794 1314 1861 parte
1362 1792 1611 1852 tantum,
1664 1783 1853 1862 itaque
1886 1802 1957 1842 ea
1987 1803 2232 1863 quoque,

206 1884 343 1943 quae
372 1877 714 1945 sequuntur,
762 1869 1079 1940 accuratius
1120 1865 1536 1927 consideranda
1578 1868 1741 1939 sunt',
1786 1879 1848 1926 ut
1877 1866 1966 1939 id,
1997 1869 2146 1948 quod
2177 1870 2233 1927 in

205 1951 381 2008 animo
411 1951 587 2011 babet
630 1963 834 2031 poeta,
877 1953 1053 2031 probe
1095 1963 1262 2032 atque
1306 1973 1380 2012 ex
1425 1954 1573 2011 omni
1614 1963 1775 2031 parte
1811 1956 2092 2031 cognitum
2136 1955 2235 2012 ha·

206 2034 451 2096 beamus,
546 2037 761 2109 Quodsi
811 2049 1109 2109 tenemus,
1154 2039 1322 2098 facile
1370 2037 1773 2108 observamus,
1830 2040 2090 2117 exempla
2134 2059 2236 2098 sua

208 2121 281 2178 ita
321 2119 629 2200 disponere
686 2133 946 2202 poetam,
1005 2134 1067 2181 ut
1108 2124 1394 2184 alternent
1435 2124 1560 2183 eius
1598 2124 1836 2181 hominis
1879 2125 2099 2202 imago,
2142 2127 2234 2204 qui

206 2202 326 2263 dum
355 2207 501 2267 bene
548 2209 705 2266 novit
748 2228 892 2288 quae
925 2207 1211 2287 sequenda
1243 2211 1384 2280 sint,
1416 2212 1600 2274 tam'en
1629 2228 1664 2266 a
1693 2227 1758 2268 se
1789 2210 2094 2287 impetrare
2126 2231 2235 2268 non

205 2301 386 2368 potest
430 2303 492 2350 ut
536 2293 761 2354 assidue
807 2305 1111 2373 sequatur,
1144 2307 1313 2375 atque
1352 2296 1511 2365 eiuS,
1571 2295 1663 2373 qui
1707 2293 1835 2373 quid
1879 2305 2093 2354 rectum
2142 2296 2235 2364 sit,

206 2377 328 2456 quid
359 2379 562 2437 falsum
595 2382 818 2438 omnino
862 2401 970 2438 non
1015 2391 1206 2457 potest
1251 2379 1583 2440 discernere
1633 2386 1692 2438 et
1722 2378 1875 2452 inde,
1919 2383 1968 2439 si
2012 2393 2234 2459 peccat,

206 2467 623 2524 excusationem
677 2466 863 2524 habet.
950 2465 1211 2544 Apparet
1252 2468 1360 2525 iam
1407 2468 1489 2525 in·
1507 2463 1859 2525 diiudicanda
1904 2469 2237 2547 quaestione

206 2545 270 2607 de
298 2561 633 2649 argumento
664 2550 827 2608 buius
854 2552 1086 2621 satirae,
1118 2572 1227 2610 non
1261 2571 1395 2611 esse
1428 2552 1650 2610 nimium
1683 2553 2031 2611 tribuendum
2059 2553 2237 2630 primo

205 2634 413 2694 iuvenis
445 2637 501 2694 in
550 2633 818 2694 discendo
862 2634 1132 2695 desidiosi
1178 2638 1471 2716 exemplo,
1513 2635 1613 2695 sed
1645 2636 2067 2714 quaerendum,
2108 2635 2238 2716 quid

206 2719 557 2779 statuendum
603 2722 709 2791 sit,
756 2719 1013 2779 omnibus
1059 2724 1208 2781 inter
1251 2742 1316 2781 se
1362 2724 1605 2782 collatis·
1698 2721 1923 2799 Scripta
1969 2741 2107 2780 vero
2149 2732 2240 2780 est

206 2804 336 2864 baec
367 2807 544 2864 satira
561 2804 677 2865 de
663 2808 731 2864 iis
763 2792 1097 2877 hominibuS,
1128 2808 1222 2886 qui
1249 2828 1371 2866 cum
1405 2808 1758 2887 philosophia
1789 2810 2076 2885 magistra,
2093 2826 2238 2886 quae

207 2890 319 2948 sola
349 2889 423 2950 ad
470 2902 630 2950 recte
663 2891 956 2950 vivendum
998 2894 1142 2950 viam
1189 2904 1465 2951 monstrat
1507 2905 1566 2953 et
1596 2894 1797 2962 munit,
1828 2895 2106 2973 cognitum
2139 2893 2238 2950 ha-

207 2974 370 3034 beant
402 2975 532 3055 quid
560 2977 765 3035 bonum
799 2979 891 3047 sit,
924 2976 1053 3056 quid
1085 2998 1349 3056 pravum,
1384 2990 1605 3048 tamen,
1652 2997 1795 3058 quae
1829 2989 1920 3036 est
1965 2978 2237 3035 humanae

208 3072 438 3120 naturae
470 3059 756 3133 debilitas,
801 3065 1063 3139 optimam
1096 3062 1293 3121 ducem
1326 3066 1490 3145 sequi
1533 3086 1640 3123 non
1674 3064 1972 3132 sustinent,
2005 3075 2061 3121 et
2094 3063 2238 3135 ben&

206 3149 432 3217 conscii,
464 3146 596 3226 quid
626 3145 970 3228 delinquant,
1001 3147 1344 3226 perditorum
1376 3161 1562 3208 tamen
1594 3148 1905 3225 exemplum
1938 3150 2240 3218 imitantur,

206 3233 289 3307 qui
317 3231 451 3290 inde
486 3245 669 3291 tamen
715 3244 1092 3306 excusantur,
1138 3232 1287 3313 quod
1316 3236 1578 3294 nesciunt
1621 3232 1748 3314 quid
1780 3232 2038 3310 perdant.
2127 3233 2240 3293 Iam

208 3315 512 3387 videamus,
544 3316 822 3397 quomodo
853 3321 1072 3397 singula
1106 3321 1438 3379 tractaverit
1469 3331 1663 3398 poeta.

366 3403 646 3480 Exemplo
690 3424 723 3462 a
768 3406 883 3462 vita
941 3404 1260 3482 quotidiana
1302 3407 1483 3482 petito
1523 3406 1681 3481 fingit
1725 3408 2019 3481 iuvenem,
2072 3407 2164 3483 qui
2209 3423 2241 3461 e

211 3506 352 3549 more
389 3490 514 3546 eius
561 3490 830 3567 temporis
876 3489 1079 3548 studiis
1127 3489 1418 3549 litterariis
1462 3510 1692 3567 operam
1724 3488 1851 3559 dat,
1883 3485 2027 3568 quae
2059 3501 2241 3548 tamen

209 3575 466 3652 negligit,
512 3583 575 3634 et
616 3593 794 3653 usque
836 3573 908 3632 ad
952 3573 1240 3634 meridiem
1283 3575 1608 3634 hesternam
1652 3576 1936 3652 crapulam
1983 3572 2243 3643 edormit,

210 3659 343 3720 unde
376 3657 828 3737 indignabundus
859 3679 986 3718 eum
1018 3662 1255 3719 suscitat
1284 3662 1558 3738 magister
1590 3667 1666 3733 (v.
1703 3665 1912 3731 1—7).
1988 3659 2085 3717 llle
2117 3658 2244 3738 quid

211 3742 518 3804 faciendum
551 3746 659 3802 sibi
688 3746 760 3802 sit
803 3765 912 3802 uon
959 3747 1223 3823 ignarus,
1243 3743 1363 3805 aa&
1381 3743 1568 3804 studia
1598 3766 1662 3804 se
1695 3746 2007 3823 componit,
2051 3765 2245 3804 verum

214 3830 346 3888 sicut
374 3829 690 3890 infantulus
720 3827 1022 3888 iracundus
1040 3828 1410 3910 quaecunque
1431 3828 1501 3889 ad
1532 3828 1889 3891 scribendum
1921 3831 2247 3889 necessaria

212 3925 326 3971 sunt
354 3926 419 3974 ut
464 3916 677 3973 inutilia
722 3915 913 3992 culpat
956 3927 1017 3973 et
1059 3916 1279 3986 reiicit',
1326 3917 1538 3974 frustra
1570 3917 1737 3975 animi
1780 3913 2053 3975 desidiam
2084 3914 2248 3973 dissi-

216 4000 413 4060 mulare
447 3997 639 4059 studet
681 4007 759 4072 (v.
792 4004 1049 4071 7—19).
1139 4001 1332 4080 Itaque
1375 4000 1704 4060 admonetur
1733 4022 1767 4060 a
1797 4002 2036 4072 comite,
2080 4022 2154 4061 ne
2184 4020 2247 4059 se

216 4083 378 4160 ipsum
423 4085 624 4157 fallat,
692 4105 939 4165 suasque
996 4105 1092 4147 res
1146 4086 1345 4145 sedulo
1391 4096 1527 4165 agat
1554 4108 1700 4147 nunc
1754 4085 1846 4145 ubi
1899 4097 2118 4166 tempus
2176 4087 2250 4144 sit
