<?xml version="1.0" encoding="UTF-8"?>
<!DOCTYPE html PUBLIC "-//W3C//DTD XHTML 1.0 Transitional//EN"
    "http://www.w3.org/TR/xhtml1/DTD/xhtml1-transitional.dtd">
<html xmlns="http://www.w3.org/1999/xhtml" xml:lang="en" lang="en">
 <head>
  <title>
</title>
<meta http-equiv="Content-Type" content="text/html;charset=utf-8" />
  <meta name='ocr-system' content='tesseract 3.04.00' />
  <meta name='ocr-capabilities' content='ocr_page ocr_carea ocr_par ocr_line ocrx_word'/>
</head>
<body>
  <div class='ocr_page' id='page_1' title='image "./satirarumliberc01jahngoog_0181.png"; bbox 0 0 2764 4738; ppageno 0'>
   <div class='ocr_carea' id='block_1_1' title="bbox 461 420 1848 486">
    <p class='ocr_par' dir='ltr' id='par_1_1' title="bbox 461 420 1848 486">
     <span class='ocr_line' id='line_1_1' title="bbox 461 420 1848 486; baseline -0.001 -1"><span class='ocrx_word' id='word_1_1' title='bbox 461 443 686 486; x_wconf 65' lang='lat' dir='ltr'><strong>cnxvt·</strong></span> <span class='ocrx_word' id='word_1_2' title='bbox 1128 420 1848 485; x_wconf 75' lang='lat' dir='ltr'><strong>PROLEGOMENA.</strong></span> 
     </span>
    </p>
   </div>
   <div class='ocr_carea' id='block_1_2' title="bbox 456 588 2518 3849">
    <p class='ocr_par' dir='ltr' id='par_1_2' title="bbox 457 588 2518 1802">
     <span class='ocr_line' id='line_1_2' title="bbox 461 588 2517 677; baseline 0 -22"><span class='ocrx_word' id='word_1_3' title='bbox 461 591 640 655; x_wconf 88' lang='lat' dir='ltr'><strong>ducta</strong></span> <span class='ocrx_word' id='word_1_4' title='bbox 671 608 809 654; x_wconf 89' lang='lat' dir='ltr'><strong>esse</strong></span> <span class='ocrx_word' id='word_1_5' title='bbox 838 590 1068 655; x_wconf 86' lang='lat' dir='ltr'><strong>scholia</strong></span> <span class='ocrx_word' id='word_1_6' title='bbox 1097 588 1406 656; x_wconf 84' lang='lat' dir='ltr'><strong>Iuvenalis</strong></span> <span class='ocrx_word' id='word_1_7' title='bbox 1437 601 1502 656; x_wconf 90' lang='lat' dir='ltr'><strong>et</strong></span> <span class='ocrx_word' id='word_1_8' title='bbox 1529 588 1725 671; x_wconf 76' lang='lat' dir='ltr'><strong>Persii</strong></span> <span class='ocrx_word' id='word_1_9' title='bbox 1755 590 1972 677; x_wconf 85' lang='lat' dir='ltr'><strong>prohat</strong></span> <span class='ocrx_word' id='word_1_10' title='bbox 1991 639 2009 672; x_wconf 95' lang='lat'><strong>,</strong></span> <span class='ocrx_word' id='word_1_11' title='bbox 2043 594 2201 677; x_wconf 86' lang='lat' dir='ltr'><strong>quod</strong></span> <span class='ocrx_word' id='word_1_12' title='bbox 2237 591 2517 677; x_wconf 78' lang='lat' dir='ltr'><strong>Scaliger</strong></span> 
     </span>
     <span class='ocr_line' id='line_1_3' title="bbox 460 692 2516 779; baseline 0.001 -23"><span class='ocrx_word' id='word_1_13' title='bbox 460 693 568 779; x_wconf 89' lang='lat' dir='ltr'><strong>(de</strong></span> <span class='ocrx_word' id='word_1_14' title='bbox 614 712 683 757; x_wconf 88' lang='lat' dir='ltr'><strong>re</strong></span> <span class='ocrx_word' id='word_1_15' title='bbox 728 714 1024 757; x_wconf 88' lang='lat' dir='ltr'><strong>nummar.</strong></span> <span class='ocrx_word' id='word_1_16' title='bbox 1066 715 1127 778; x_wconf 88' lang='lat' dir='ltr'><strong>p.</strong></span> <span class='ocrx_word' id='word_1_17' title='bbox 1175 692 1287 776; x_wconf 88' lang='grc'><strong>83)</strong></span> <span class='ocrx_word' id='word_1_18' title='bbox 1345 705 1658 779; x_wconf 81' lang='lat' dir='ltr'><strong>postquam</strong></span> <span class='ocrx_word' id='word_1_19' title='bbox 1713 696 1915 759; x_wconf 84' lang='lat' dir='ltr'><strong>attulit</strong></span> <span class='ocrx_word' id='word_1_20' title='bbox 1964 696 2255 779; x_wconf 78' lang='lat' dir='ltr'>quaedam</span> <span class='ocrx_word' id='word_1_21' title='bbox 2303 717 2338 760; x_wconf 90' lang='lat' dir='ltr'><strong>e</strong></span> <span class='ocrx_word' id='word_1_22' title='bbox 2381 697 2516 759; x_wconf 83' lang='lat' dir='ltr'><strong>vita</strong></span> 
     </span>
     <span class='ocr_line' id='line_1_4' title="bbox 457 793 2518 882; baseline 0 -23"><span class='ocrx_word' id='word_1_23' title='bbox 457 793 659 859; x_wconf 89' lang='lat' dir='ltr'><strong>Persii</strong></span> <span class='ocrx_word' id='word_1_24' title='bbox 706 815 794 872; x_wconf 88' lang='lat' dir='ltr'><strong>„a</strong></span> <span class='ocrx_word' id='word_1_25' title='bbox 825 796 1237 860; x_wconf 84' lang='lat' dir='ltr'><strong>vetustissimo</strong></span> <span class='ocrx_word' id='word_1_26' title='bbox 1269 797 1661 880; x_wconf 85' lang='lat' dir='ltr'><strong>grammatico</strong></span> <span class='ocrx_word' id='word_1_27' title='bbox 1706 798 2105 882; x_wconf 89' lang='lat' dir='ltr'><strong>conscripta“</strong></span> <span class='ocrx_word' id='word_1_28' title='bbox 2153 796 2352 861; x_wconf 78' lang='lat' dir='ltr'><strong>addit:</strong></span> <span class='ocrx_word' id='word_1_29' title='bbox 2403 797 2518 861; x_wconf 76' lang='lat' dir='ltr'><strong>Sic</strong></span> 
     </span>
     <span class='ocr_line' id='line_1_5' title="bbox 462 897 2516 985; baseline 0 -23"><span class='ocrx_word' id='word_1_30' title='bbox 462 897 734 962; x_wconf 75' lang='lat' dir='ltr'><strong>ciusdem</strong></span> <span class='ocrx_word' id='word_1_31' title='bbox 788 899 1011 982; x_wconf 77' lang='lat' dir='ltr'><strong>optimi</strong></span> <span class='ocrx_word' id='word_1_32' title='bbox 1061 900 1474 982; x_wconf 76' lang='lat' dir='ltr'><strong><em>grammatici</em></strong></span> <span class='ocrx_word' id='word_1_33' title='bbox 1520 900 1780 985; x_wconf 73' lang='lat' dir='ltr'><strong>glossae</strong></span> <span class='ocrx_word' id='word_1_34' title='bbox 1851 922 1892 963; x_wconf 85' lang='lat' dir='ltr'><strong>a</strong></span> <span class='ocrx_word' id='word_1_35' title='bbox 1954 900 2134 964; x_wconf 80' lang='lat' dir='ltr'><strong>nobis</strong></span> <span class='ocrx_word' id='word_1_36' title='bbox 2191 900 2334 963; x_wconf 78' lang='lat' dir='ltr'><strong>olim</strong></span> <span class='ocrx_word' id='word_1_37' title='bbox 2400 920 2516 962; x_wconf 76' lang='lat' dir='ltr'><strong>ex-</strong></span> 
     </span>
     <span class='ocr_line' id='line_1_6' title="bbox 461 999 2516 1086; baseline 0 -22"><span class='ocrx_word' id='word_1_38' title='bbox 461 1010 713 1084; x_wconf 83' lang='lat' dir='ltr'><strong>cerptae</strong></span> <span class='ocrx_word' id='word_1_39' title='bbox 755 1002 820 1063; x_wconf 79' lang='lat' dir='ltr'><strong>in</strong></span> <span class='ocrx_word' id='word_1_40' title='bbox 863 1010 989 1063; x_wconf 77' lang='lat' dir='ltr'><strong>sat.</strong></span> <span class='ocrx_word' id='word_1_41' title='bbox 1041 1000 1193 1064; x_wconf 88' lang='lat' dir='ltr'><strong><em>IIII</em></strong></span> <span class='ocrx_word' id='word_1_42' title='bbox 1228 999 1305 1063; x_wconf 80' lang='lat' dir='ltr'><strong>de</strong></span> <span class='ocrx_word' id='word_1_43' title='bbox 1353 1000 1644 1085; x_wconf 72' lang='lat' dir='ltr'><strong>Cm‘spino</strong></span> <span class='ocrx_word' id='word_1_44' title='bbox 1689 1011 1982 1076; x_wconf 79' lang='lat' dir='ltr'><strong>oratore,</strong></span> <span class='ocrx_word' id='word_1_45' title='bbox 2030 1021 2185 1086; x_wconf 84' lang='lat' dir='ltr'><strong>quae</strong></span> <span class='ocrx_word' id='word_1_46' title='bbox 2223 1002 2300 1065; x_wconf 87' lang='lat' dir='ltr'><strong>ad</strong></span> <span class='ocrx_word' id='word_1_47' title='bbox 2333 999 2516 1065; x_wconf 84' lang='lat' dir='ltr'><strong>luve-</strong></span> 
     </span>
     <span class='ocr_line' id='line_1_7' title="bbox 460 1100 2515 1187; baseline 0 -20"><span class='ocrx_word' id='word_1_48' title='bbox 460 1103 617 1167; x_wconf 89' lang='lat' dir='ltr'><strong>nalis</strong></span> <span class='ocrx_word' id='word_1_49' title='bbox 647 1113 765 1166; x_wconf 89' lang='lat' dir='ltr'><strong>sat.</strong></span> <span class='ocrx_word' id='word_1_50' title='bbox 801 1100 893 1167; x_wconf 92' lang='lat' dir='ltr'><strong>1v</strong></span> <span class='ocrx_word' id='word_1_51' title='bbox 921 1103 1244 1187; x_wconf 80' lang='lat' dir='ltr'><strong>pertinent.</strong></span> <span class='ocrx_word' id='word_1_52' title='bbox 1305 1100 1569 1168; x_wconf 87' lang='lat' dir='ltr'><strong>Videtur</strong></span> <span class='ocrx_word' id='word_1_53' title='bbox 1597 1101 1929 1183; x_wconf 79' lang='lat' dir='ltr'><strong>Pithoeus,</strong></span> <span class='ocrx_word' id='word_1_54' title='bbox 1980 1125 2112 1167; x_wconf 89' lang='lat' dir='ltr'><strong>cum</strong></span> <span class='ocrx_word' id='word_1_55' title='bbox 2158 1103 2220 1166; x_wconf 90' lang='lat' dir='ltr'><strong>in</strong></span> <span class='ocrx_word' id='word_1_56' title='bbox 2264 1103 2515 1168; x_wconf 79' lang='lat' dir='ltr'><strong>scholiis</strong></span> 
     </span>
     <span class='ocr_line' id='line_1_8' title="bbox 460 1203 2517 1291; baseline 0 -22"><span class='ocrx_word' id='word_1_57' title='bbox 460 1206 536 1269; x_wconf 89' lang='lat' dir='ltr'><strong>ad</strong></span> <span class='ocrx_word' id='word_1_58' title='bbox 570 1203 847 1269; x_wconf 78' lang='lat' dir='ltr'><strong>Persium</strong></span> <span class='ocrx_word' id='word_1_59' title='bbox 883 1206 1174 1269; x_wconf 81' lang='lat' dir='ltr'><strong>minorem</strong></span> <span class='ocrx_word' id='word_1_60' title='bbox 1205 1226 1411 1269; x_wconf 91' lang='lat' dir='ltr'><strong>curam</strong></span> <span class='ocrx_word' id='word_1_61' title='bbox 1448 1217 1745 1291; x_wconf 88' lang='lat' dir='ltr'><strong>poneret,</strong></span> <span class='ocrx_word' id='word_1_62' title='bbox 1793 1206 1947 1271; x_wconf 89' lang='lat' dir='ltr'><strong>haec</strong></span> <span class='ocrx_word' id='word_1_63' title='bbox 1990 1228 2024 1270; x_wconf 91' lang='lat' dir='ltr'><strong>e</strong></span> <span class='ocrx_word' id='word_1_64' title='bbox 2069 1205 2315 1270; x_wconf 89' lang='lat' dir='ltr'><strong>schedis</strong></span> <span class='ocrx_word' id='word_1_65' title='bbox 2362 1203 2517 1270; x_wconf 90' lang='lat' dir='ltr'><strong>Sca·</strong></span> 
     </span>
     <span class='ocr_line' id='line_1_9' title="bbox 458 1306 2515 1392; baseline 0.001 -22"><span class='ocrx_word' id='word_1_66' title='bbox 458 1306 636 1392; x_wconf 88' lang='lat' dir='ltr'><strong>ligeri</strong></span> <span class='ocrx_word' id='word_1_67' title='bbox 684 1307 987 1385; x_wconf 87' lang='lat' dir='ltr'><strong>edidisse,</strong></span> <span class='ocrx_word' id='word_1_68' title='bbox 1034 1307 1094 1369; x_wconf 89' lang='lat' dir='ltr'><strong>id</strong></span> <span class='ocrx_word' id='word_1_69' title='bbox 1140 1309 1297 1390; x_wconf 89' lang='lat' dir='ltr'><strong>quod</strong></span> <span class='ocrx_word' id='word_1_70' title='bbox 1343 1309 1558 1372; x_wconf 81' lang='lat' dir='ltr'><strong>suadet</strong></span> <span class='ocrx_word' id='word_1_71' title='bbox 1613 1307 1870 1373; x_wconf 87' lang='lat' dir='ltr'><strong>obscura</strong></span> <span class='ocrx_word' id='word_1_72' title='bbox 1915 1309 2109 1385; x_wconf 88' lang='lat' dir='ltr'><strong>ratio,</strong></span> <span class='ocrx_word' id='word_1_73' title='bbox 2159 1328 2274 1391; x_wconf 85' lang='lat' dir='ltr'><strong>qua</strong></span> <span class='ocrx_word' id='word_1_74' title='bbox 2315 1309 2391 1373; x_wconf 89' lang='lat' dir='ltr'><strong>de</strong></span> <span class='ocrx_word' id='word_1_75' title='bbox 2437 1309 2515 1373; x_wconf 91' lang='lat' dir='ltr'><strong>iis</strong></span> 
     </span>
     <span class='ocr_line' id='line_1_10' title="bbox 458 1409 2517 1495; baseline 0 -22"><span class='ocrx_word' id='word_1_76' title='bbox 458 1409 760 1493; x_wconf 87' lang='lat' dir='ltr'><strong>loquitur,</strong></span> <span class='ocrx_word' id='word_1_77' title='bbox 812 1430 947 1473; x_wconf 87' lang='lat' dir='ltr'><strong>nam</strong></span> <span class='ocrx_word' id='word_1_78' title='bbox 979 1409 1030 1473; x_wconf 87' lang='lat' dir='ltr'><strong>si</strong></span> <span class='ocrx_word' id='word_1_79' title='bbox 1063 1429 1191 1473; x_wconf 91' lang='lat' dir='ltr'><strong>rem</strong></span> <span class='ocrx_word' id='word_1_80' title='bbox 1223 1410 1564 1474; x_wconf 76' lang='lat' dir='ltr'><strong>accuratius</strong></span> <span class='ocrx_word' id='word_1_81' title='bbox 1596 1421 1972 1495; x_wconf 81' lang='lat' dir='ltr'><strong>perspectam</strong></span> <span class='ocrx_word' id='word_1_82' title='bbox 2009 1409 2354 1488; x_wconf 79' lang='lat' dir='ltr'><strong>habuisset,</strong></span> <span class='ocrx_word' id='word_1_83' title='bbox 2389 1431 2517 1474; x_wconf 88' lang='lat' dir='ltr'><strong>non</strong></span> 
     </span>
     <span class='ocr_line' id='line_1_11' title="bbox 461 1509 2518 1598; baseline 0 -22"><span class='ocrx_word' id='word_1_84' title='bbox 461 1512 668 1576; x_wconf 85' lang='lat' dir='ltr'><strong>dubito</strong></span> <span class='ocrx_word' id='word_1_85' title='bbox 728 1512 871 1595; x_wconf 82' lang='lat' dir='ltr'><strong>quin</strong></span> <span class='ocrx_word' id='word_1_86' title='bbox 932 1513 1279 1598; x_wconf 85' lang='lat' dir='ltr'><strong>diligentius</strong></span> <span class='ocrx_word' id='word_1_87' title='bbox 1341 1515 1416 1578; x_wconf 90' lang='lat' dir='ltr'><strong>de</strong></span> <span class='ocrx_word' id='word_1_88' title='bbox 1478 1533 1551 1577; x_wconf 88' lang='lat' dir='ltr'><strong>ea</strong></span> <span class='ocrx_word' id='word_1_89' title='bbox 1610 1514 2021 1597; x_wconf 85' lang='lat' dir='ltr'><strong>exposuisset.</strong></span> <span class='ocrx_word' id='word_1_90' title='bbox 2101 1509 2390 1577; x_wconf 87' lang='lat' dir='ltr'><strong>Ceterum</strong></span> <span class='ocrx_word' id='word_1_91' title='bbox 2451 1513 2518 1577; x_wconf 83' lang='lat' dir='ltr'><strong>in</strong></span> 
     </span>
     <span class='ocr_line' id='line_1_12' title="bbox 460 1612 2515 1702; baseline 0.001 -24"><span class='ocrx_word' id='word_1_92' title='bbox 460 1616 697 1678; x_wconf 90' lang='lat' dir='ltr'><strong>edendo</strong></span> <span class='ocrx_word' id='word_1_93' title='bbox 742 1613 1050 1680; x_wconf 87' lang='lat' dir='ltr'><strong>luvenalis</strong></span> <span class='ocrx_word' id='word_1_94' title='bbox 1093 1616 1422 1680; x_wconf 74' lang='lat' dir='ltr'><strong>scholiasta</strong></span> <span class='ocrx_word' id='word_1_95' title='bbox 1465 1627 1716 1702; x_wconf 88' lang='lat' dir='ltr'><strong>praeter</strong></span> <span class='ocrx_word' id='word_1_96' title='bbox 1766 1616 2025 1681; x_wconf 86' lang='lat' dir='ltr'><strong>schedas</strong></span> <span class='ocrx_word' id='word_1_97' title='bbox 2084 1612 2515 1701; x_wconf 80' lang='lat' dir='ltr'><strong>Scaligeranas</strong></span> 
     </span>
     <span class='ocr_line' id='line_1_13' title="bbox 461 1717 2259 1802; baseline -0.001 -20"><span class='ocrx_word' id='word_1_98' title='bbox 461 1719 731 1783; x_wconf 88' lang='lat' dir='ltr'><strong>codicem</strong></span> <span class='ocrx_word' id='word_1_99' title='bbox 776 1717 967 1802; x_wconf 85' lang='lat' dir='ltr'><strong>ipsum</strong></span> <span class='ocrx_word' id='word_1_100' title='bbox 1019 1717 1094 1780; x_wconf 86' lang='lat' dir='ltr'><strong>ab</strong></span> <span class='ocrx_word' id='word_1_101' title='bbox 1127 1739 1201 1783; x_wconf 89' lang='lat' dir='ltr'><strong>eo</strong></span> <span class='ocrx_word' id='word_1_102' title='bbox 1235 1720 1435 1782; x_wconf 87' lang='lat' dir='ltr'><strong>denuo</strong></span> <span class='ocrx_word' id='word_1_103' title='bbox 1466 1718 1789 1783; x_wconf 84' lang='lat' dir='ltr'><strong>adhibitum</strong></span> <span class='ocrx_word' id='word_1_104' title='bbox 1823 1738 1961 1784; x_wconf 88' lang='lat' dir='ltr'><strong>esse</strong></span> <span class='ocrx_word' id='word_1_105' title='bbox 1993 1719 2177 1783; x_wconf 88' lang='lat' dir='ltr'><strong>credo</strong></span> <span class='ocrx_word' id='word_1_106' title='bbox 2216 1727 2259 1781; x_wconf 87' lang='lat'><strong>¹.</strong></span> 
     </span>
    </p>

    <p class='ocr_par' dir='ltr' id='par_1_3' title="bbox 457 1817 2517 2829">
     <span class='ocr_line' id='line_1_14' title="bbox 575 1817 2517 1904; baseline 0.002 -21"><span class='ocrx_word' id='word_1_107' title='bbox 575 1817 627 1884; x_wconf 94' lang='grc'><strong>0</strong></span> <span class='ocrx_word' id='word_1_108' title='bbox 646 1842 683 1883; x_wconf 93' lang='lat' dir='ltr'><strong>o</strong></span> <span class='ocrx_word' id='word_1_109' title='bbox 703 1842 735 1883; x_wconf 89' lang='lat' dir='ltr'><strong>r</strong></span> <span class='ocrx_word' id='word_1_110' title='bbox 753 1842 790 1884; x_wconf 99' lang='lat' dir='ltr'><strong>n</strong></span> <span class='ocrx_word' id='word_1_111' title='bbox 810 1844 845 1884; x_wconf 94' lang='lat' dir='ltr'><strong>u</strong></span> <span class='ocrx_word' id='word_1_112' title='bbox 866 1820 919 1884; x_wconf 91' lang='lat' dir='ltr'><strong>ti</strong></span> <span class='ocrx_word' id='word_1_113' title='bbox 940 1822 1406 1886; x_wconf 88' lang='lat' dir='ltr'><strong>commentarius</strong></span> <span class='ocrx_word' id='word_1_114' title='bbox 1422 1823 1671 1904; x_wconf 84' lang='lat' dir='ltr'><strong>primum</strong></span> <span class='ocrx_word' id='word_1_115' title='bbox 1693 1823 1889 1886; x_wconf 90' lang='lat' dir='ltr'><strong>editus</strong></span> <span class='ocrx_word' id='word_1_116' title='bbox 1910 1830 2005 1886; x_wconf 89' lang='lat' dir='ltr'><strong>est</strong></span> <span class='ocrx_word' id='word_1_117' title='bbox 2021 1819 2301 1886; x_wconf 90' lang='lat' dir='ltr'><strong>Venetiis</strong></span> <span class='ocrx_word' id='word_1_118' title='bbox 2318 1823 2517 1886; x_wconf 81' lang='lat' dir='ltr'><strong>forma</strong></span> 
     </span>
     <span class='ocr_line' id='line_1_15' title="bbox 458 1921 2512 2009; baseline -0 -21"><span class='ocrx_word' id='word_1_119' title='bbox 458 1944 673 2008; x_wconf 89' lang='lat' dir='ltr'><strong>magna</strong></span> <span class='ocrx_word' id='word_1_120' title='bbox 716 1944 775 1986; x_wconf 86' lang='lat' dir='ltr'><strong>a.</strong></span> <span class='ocrx_word' id='word_1_121' title='bbox 829 1921 1021 1987; x_wconf 82' lang='lat'><strong>1499.</strong></span> <span class='ocrx_word' id='word_1_122' title='bbox 1110 1923 1282 1987; x_wconf 87' lang='lat' dir='ltr'><strong>Haec</strong></span> <span class='ocrx_word' id='word_1_123' title='bbox 1329 1923 1515 2009; x_wconf 79' lang='lat' dir='ltr'><strong>editio</strong></span> <span class='ocrx_word' id='word_1_124' title='bbox 1562 1924 1625 1988; x_wconf 91' lang='lat' dir='ltr'><strong>in</strong></span> <span class='ocrx_word' id='word_1_125' title='bbox 1670 1925 1844 1988; x_wconf 85' lang='lat' dir='ltr'><strong>titulo</strong></span> <span class='ocrx_word' id='word_1_126' title='bbox 1893 1923 2145 1988; x_wconf 81' lang='lat' dir='ltr'><strong>exhibet</strong></span> <span class='ocrx_word' id='word_1_127' title='bbox 2189 1924 2512 2007; x_wconf 80' lang='lat' dir='ltr'><strong>imag-inem</strong></span> 
     </span>
     <span class='ocr_line' id='line_1_16' title="bbox 458 2023 2513 2110; baseline -0 -19"><span class='ocrx_word' id='word_1_128' title='bbox 458 2035 593 2091; x_wconf 84' lang='lat' dir='ltr'><strong>arte</strong></span> <span class='ocrx_word' id='word_1_129' title='bbox 636 2024 1072 2110; x_wconf 84' lang='lat' dir='ltr'><strong>xylographica</strong></span> <span class='ocrx_word' id='word_1_130' title='bbox 1115 2046 1513 2109; x_wconf 83' lang='lat' dir='ltr'><strong>expressam,</strong></span> <span class='ocrx_word' id='word_1_131' title='bbox 1578 2026 1638 2089; x_wconf 91' lang='lat' dir='ltr'><strong>in</strong></span> <span class='ocrx_word' id='word_1_132' title='bbox 1691 2047 1803 2110; x_wconf 87' lang='lat' dir='ltr'><strong>qua</strong></span> <span class='ocrx_word' id='word_1_133' title='bbox 1851 2027 2047 2091; x_wconf 89' lang='lat' dir='ltr'><strong>media</strong></span> <span class='ocrx_word' id='word_1_134' title='bbox 2093 2027 2270 2090; x_wconf 87' lang='lat' dir='ltr'><strong>sedet</strong></span> <span class='ocrx_word' id='word_1_135' title='bbox 2308 2023 2513 2090; x_wconf 80' lang='lat' dir='ltr'>PER-</span> 
     </span>
     <span class='ocr_line' id='line_1_17' title="bbox 461 2124 2515 2206; baseline 0 -13"><span class='ocrx_word' id='word_1_136' title='bbox 461 2124 653 2193; x_wconf 80' lang='lat' dir='ltr'>SIVS</span> <span class='ocrx_word' id='word_1_137' title='bbox 699 2129 1005 2192; x_wconf 89' lang='lat' dir='ltr'><strong>laureatus</strong></span> <span class='ocrx_word' id='word_1_138' title='bbox 1052 2128 1111 2191; x_wconf 88' lang='lat' dir='ltr'><strong>in</strong></span> <span class='ocrx_word' id='word_1_139' title='bbox 1156 2128 1443 2192; x_wconf 85' lang='lat' dir='ltr'><strong>cathedra</strong></span> <span class='ocrx_word' id='word_1_140' title='bbox 1474 2147 1691 2193; x_wconf 84' lang='lat' dir='ltr'><strong>versus</strong></span> <span class='ocrx_word' id='word_1_141' title='bbox 1725 2129 1984 2206; x_wconf 84' lang='lat' dir='ltr'><strong>faciens,</strong></span> <span class='ocrx_word' id='word_1_142' title='bbox 2034 2128 2109 2191; x_wconf 76' lang='lat' dir='ltr'><strong>ad</strong></span> <span class='ocrx_word' id='word_1_143' title='bbox 2143 2129 2421 2192; x_wconf 85' lang='lat' dir='ltr'><strong>dextram</strong></span> <span class='ocrx_word' id='word_1_144' title='bbox 2455 2129 2515 2193; x_wconf 87' lang='lat' dir='ltr'><strong>ei</strong></span> 
     </span>
     <span class='ocr_line' id='line_1_18' title="bbox 459 2226 2513 2316; baseline 0 -22"><span class='ocrx_word' id='word_1_145' title='bbox 459 2232 636 2295; x_wconf 85' lang='lat' dir='ltr'><strong>sedet</strong></span> <span class='ocrx_word' id='word_1_146' title='bbox 666 2226 1153 2296; x_wconf 81' lang='lat' dir='ltr'>CORNVTVS</span> <span class='ocrx_word' id='word_1_147' title='bbox 1183 2231 1477 2294; x_wconf 86' lang='lat' dir='ltr'><strong>volumini</strong></span> <span class='ocrx_word' id='word_1_148' title='bbox 1507 2231 1709 2316; x_wconf 90' lang='lat' dir='ltr'><strong>pluteo</strong></span> <span class='ocrx_word' id='word_1_149' title='bbox 1735 2230 2012 2314; x_wconf 90' lang='lat' dir='ltr'><strong>imposito</strong></span> <span class='ocrx_word' id='word_1_150' title='bbox 2044 2230 2513 2295; x_wconf 87' lang='lat' dir='ltr'><strong>commentarios</strong></span> 
     </span>
     <span class='ocr_line' id='line_1_19' title="bbox 457 2331 2511 2415; baseline 0 -18"><span class='ocrx_word' id='word_1_151' title='bbox 457 2333 840 2411; x_wconf 77' lang='lat' dir='ltr'><strong>inscribenS,</strong></span> <span class='ocrx_word' id='word_1_152' title='bbox 888 2333 965 2397; x_wconf 88' lang='lat' dir='ltr'><strong>ad</strong></span> <span class='ocrx_word' id='word_1_153' title='bbox 1012 2331 1183 2397; x_wconf 90' lang='lat' dir='ltr'><strong>cuius</strong></span> <span class='ocrx_word' id='word_1_154' title='bbox 1229 2333 1386 2398; x_wconf 89' lang='lat' dir='ltr'><strong>latus</strong></span> <span class='ocrx_word' id='word_1_155' title='bbox 1427 2334 1748 2398; x_wconf 83' lang='lat' dir='ltr'><strong>armarium</strong></span> <span class='ocrx_word' id='word_1_156' title='bbox 1793 2332 2010 2415; x_wconf 82' lang='lat' dir='ltr'><strong>parieti</strong></span> <span class='ocrx_word' id='word_1_157' title='bbox 2051 2332 2290 2397; x_wconf 87' lang='lat' dir='ltr'><strong>affixum</strong></span> <span class='ocrx_word' id='word_1_158' title='bbox 2323 2332 2511 2398; x_wconf 86' lang='lat' dir='ltr'><strong>variis</strong></span> 
     </span>
     <span class='ocr_line' id='line_1_20' title="bbox 458 2433 2512 2521; baseline -0 -21"><span class='ocrx_word' id='word_1_159' title='bbox 458 2436 629 2500; x_wconf 88' lang='lat' dir='ltr'><strong>libris</strong></span> <span class='ocrx_word' id='word_1_160' title='bbox 686 2436 928 2521; x_wconf 89' lang='lat' dir='ltr'><strong>plenum</strong></span> <span class='ocrx_word' id='word_1_161' title='bbox 991 2436 1399 2519; x_wconf 88' lang='lat' dir='ltr'><strong>conspicitur,</strong></span> <span class='ocrx_word' id='word_1_162' title='bbox 1465 2437 1542 2500; x_wconf 88' lang='lat' dir='ltr'><strong>ad</strong></span> <span class='ocrx_word' id='word_1_163' title='bbox 1601 2436 1908 2500; x_wconf 87' lang='lat' dir='ltr'><strong>sinistram</strong></span> <span class='ocrx_word' id='word_1_164' title='bbox 1966 2433 2170 2498; x_wconf 88' lang='lat' dir='ltr'><strong>Persii</strong></span> <span class='ocrx_word' id='word_1_165' title='bbox 2228 2436 2346 2498; x_wconf 90' lang='lat' dir='ltr'><strong>duo</strong></span> <span class='ocrx_word' id='word_1_166' title='bbox 2391 2436 2512 2499; x_wconf 83' lang='lat' dir='ltr'><strong>viri</strong></span> 
     </span>
     <span class='ocr_line' id='line_1_21' title="bbox 459 2534 2512 2623; baseline 0 -22"><span class='ocrx_word' id='word_1_167' title='bbox 459 2534 737 2602; x_wconf 87' lang='lat' dir='ltr'><strong>Cornuto</strong></span> <span class='ocrx_word' id='word_1_168' title='bbox 781 2538 1007 2602; x_wconf 88' lang='lat' dir='ltr'><strong>similes</strong></span> <span class='ocrx_word' id='word_1_169' title='bbox 1052 2538 1376 2602; x_wconf 84' lang='lat' dir='ltr'><strong>scribendo</strong></span> <span class='ocrx_word' id='word_1_170' title='bbox 1421 2540 1707 2603; x_wconf 89' lang='lat' dir='ltr'><strong>sedentes</strong></span> <span class='ocrx_word' id='word_1_171' title='bbox 1755 2558 1998 2623; x_wconf 87' lang='lat' dir='ltr'><strong>operam</strong></span> <span class='ocrx_word' id='word_1_172' title='bbox 2052 2536 2233 2615; x_wconf 88' lang='lat' dir='ltr'><strong>daut,</strong></span> <span class='ocrx_word' id='word_1_173' title='bbox 2295 2537 2512 2622; x_wconf 81' lang='lat' dir='ltr'><strong>quihus</strong></span> 
     </span>
     <span class='ocr_line' id='line_1_22' title="bbox 459 2635 2515 2725; baseline 0 -21"><span class='ocrx_word' id='word_1_174' title='bbox 459 2639 868 2725; x_wconf 87' lang='lat' dir='ltr'><strong>superscripta</strong></span> <span class='ocrx_word' id='word_1_175' title='bbox 912 2641 1156 2704; x_wconf 87' lang='lat' dir='ltr'><strong>nomina</strong></span> <span class='ocrx_word' id='word_1_176' title='bbox 1200 2652 1380 2705; x_wconf 84' lang='lat' dir='ltr'><strong>sunt:</strong></span> <span class='ocrx_word' id='word_1_177' title='bbox 1429 2637 1546 2706; x_wconf 84' lang='lat'><strong>10.</strong></span> <span class='ocrx_word' id='word_1_178' title='bbox 1596 2637 1766 2704; x_wconf 86' lang='lat' dir='ltr'><strong>BRI.</strong></span> <span class='ocrx_word' id='word_1_179' title='bbox 1809 2638 2012 2704; x_wconf 70' lang='grc' dir='ltr'><strong>ΒΑΗ.</strong></span> <span class='ocrx_word' id='word_1_180' title='bbox 2059 2635 2264 2703; x_wconf 83' lang='lat' dir='ltr'><strong>FON.</strong></span> <span class='ocrx_word' id='word_1_181' title='bbox 2341 2637 2515 2704; x_wconf 78' lang='lat' dir='ltr'><strong>Infra</strong></span> 
     </span>
     <span class='ocr_line' id='line_1_23' title="bbox 457 2743 715 2829; baseline 0 -22"><span class='ocrx_word' id='word_1_182' title='bbox 457 2743 715 2829; x_wconf 86' lang='lat' dir='ltr'><strong>legitur:</strong></span> 
     </span>
    </p>

    <p class='ocr_par' dir='ltr' id='par_1_4' title="bbox 629 2842 2155 2914">
     <span class='ocr_line' id='line_1_24' title="bbox 629 2842 2155 2914; baseline -0.006 0"><span class='ocrx_word' id='word_1_183' title='bbox 629 2842 968 2914; x_wconf 87' lang='lat' dir='ltr'><strong>Persius</strong></span> <span class='ocrx_word' id='word_1_184' title='bbox 1014 2869 1178 2912; x_wconf 89' lang='lat' dir='ltr'><strong>cum</strong></span> <span class='ocrx_word' id='word_1_185' title='bbox 1223 2845 1489 2911; x_wconf 87' lang='lat' dir='ltr'><strong>tribus</strong></span> <span class='ocrx_word' id='word_1_186' title='bbox 1535 2843 2155 2910; x_wconf 86' lang='lat' dir='ltr'><strong>commentariis.</strong></span> 
     </span>
    </p>

    <p class='ocr_par' dir='ltr' id='par_1_5' title="bbox 631 2945 2428 3046">
     <span class='ocr_line' id='line_1_25' title="bbox 631 2945 2428 3046; baseline -0.001 -34"><span class='ocrx_word' id='word_1_187' title='bbox 631 2945 972 3012; x_wconf 88' lang='lat' dir='ltr'><strong>Cornuti</strong></span> <span class='ocrx_word' id='word_1_188' title='bbox 1045 2947 1529 3035; x_wconf 88' lang='lat' dir='ltr'><strong>phylosophi</strong></span> <span class='ocrx_word' id='word_1_189' title='bbox 1599 2948 2428 3046; x_wconf 54' lang='lat' dir='ltr'><strong>eigs-praeceptoris</strong></span> 
     </span>
    </p>

    <p class='ocr_par' dir='ltr' id='par_1_6' title="bbox 1627 3046 2075 3116">
     <span class='ocr_line' id='line_1_26' title="bbox 1627 3046 2075 3116; baseline -0.011 -1"><span class='ocrx_word' id='word_1_190' title='bbox 1627 3071 1663 3116; x_wconf 87' lang='lat' dir='ltr'><strong>c</strong></span> <span class='ocrx_word' id='word_1_191' title='bbox 1679 3071 1713 3112; x_wconf 93' lang='lat' dir='ltr'><strong>o</strong></span> <span class='ocrx_word' id='word_1_192' title='bbox 1732 3071 1787 3112; x_wconf 90' lang='lat' dir='ltr'><strong>m</strong></span> <span class='ocrx_word' id='word_1_193' title='bbox 1809 3070 1842 3112; x_wconf 89' lang='lat' dir='ltr'><strong>e</strong></span> <span class='ocrx_word' id='word_1_194' title='bbox 1862 3059 1934 3111; x_wconf 88' lang='lat' dir='ltr'><strong>ta</strong></span> <span class='ocrx_word' id='word_1_195' title='bbox 1951 3069 1984 3111; x_wconf 90' lang='lat' dir='ltr'><strong>r</strong></span> <span class='ocrx_word' id='word_1_196' title='bbox 1999 3046 2075 3110; x_wconf 88' lang='lat' dir='ltr'><strong>ii.</strong></span> 
     </span>
    </p>

    <p class='ocr_par' dir='ltr' id='par_1_7' title="bbox 630 3135 2509 3218">
     <span class='ocr_line' id='line_1_27' title="bbox 630 3135 2509 3218; baseline 0 -1"><span class='ocrx_word' id='word_1_197' title='bbox 630 3151 965 3217; x_wconf 89' lang='lat' dir='ltr'><strong>Ioannis</strong></span> <span class='ocrx_word' id='word_1_198' title='bbox 1034 3148 1489 3217; x_wconf 87' lang='lat' dir='ltr'><strong>Britannici</strong></span> <span class='ocrx_word' id='word_1_199' title='bbox 1555 3149 1932 3215; x_wconf 83' lang='lat' dir='ltr'><strong>Brixiani</strong></span> <span class='ocrx_word' id='word_1_200' title='bbox 1993 3135 2509 3218; x_wconf 59' lang='lat' dir='ltr'><strong>comentarii.</strong></span> 
     </span>
    </p>

    <p class='ocr_par' dir='ltr' id='par_1_8' title="bbox 456 3239 2515 3849">
     <span class='ocr_line' id='line_1_28' title="bbox 628 3239 2020 3319; baseline -0.002 -2"><span class='ocrx_word' id='word_1_201' title='bbox 628 3251 1121 3318; x_wconf 88' lang='lat' dir='ltr'><strong>Bartolomei</strong></span> <span class='ocrx_word' id='word_1_202' title='bbox 1179 3250 1468 3319; x_wconf 88' lang='lat' dir='ltr'><strong>Foucii</strong></span> <span class='ocrx_word' id='word_1_203' title='bbox 1513 3239 2020 3318; x_wconf 60' lang='lat' dir='ltr'><strong>comentarii.</strong></span> 
     </span>
     <span class='ocr_line' id='line_1_29' title="bbox 456 3352 2515 3440; baseline -0 -19"><span class='ocrx_word' id='word_1_204' title='bbox 456 3355 530 3421; x_wconf 85' lang='lat' dir='ltr'><strong>Iu</strong></span> <span class='ocrx_word' id='word_1_205' title='bbox 562 3357 679 3421; x_wconf 86' lang='lat' dir='ltr'><strong>fine</strong></span> <span class='ocrx_word' id='word_1_206' title='bbox 710 3356 1034 3421; x_wconf 87' lang='lat' dir='ltr'><strong>voluminis</strong></span> <span class='ocrx_word' id='word_1_207' title='bbox 1066 3356 1216 3420; x_wconf 89' lang='lat' dir='ltr'><strong>haec</strong></span> <span class='ocrx_word' id='word_1_208' title='bbox 1247 3357 1565 3440; x_wconf 75' lang='lat' dir='ltr'><strong>legunture</strong></span> <span class='ocrx_word' id='word_1_209' title='bbox 1630 3352 2085 3440; x_wconf 79' lang='lat' dir='ltr'><strong>Impresl&#39;um</strong></span> <span class='ocrx_word' id='word_1_210' title='bbox 2133 3352 2515 3420; x_wconf 87' lang='lat' dir='ltr'><strong>Venetiis</strong></span> 
     </span>
     <span class='ocr_line' id='line_1_30' title="bbox 464 3455 2509 3544; baseline 0 -25"><span class='ocrx_word' id='word_1_211' title='bbox 464 3456 758 3544; x_wconf 79' lang='lat' dir='ltr'><strong>sumptu</strong></span> <span class='ocrx_word' id='word_1_212' title='bbox 803 3458 1406 3543; x_wconf 77' lang='lat' dir='ltr'><strong>diligentissimi</strong></span> <span class='ocrx_word' id='word_1_213' title='bbox 1450 3459 1604 3522; x_wconf 87' lang='lat' dir='ltr'><strong>uiri</strong></span> <span class='ocrx_word' id='word_1_214' title='bbox 1650 3455 1973 3522; x_wconf 89' lang='lat' dir='ltr'><strong>Ioannis</strong></span> <span class='ocrx_word' id='word_1_215' title='bbox 2021 3458 2110 3521; x_wconf 90' lang='lat' dir='ltr'><strong>de</strong></span> <span class='ocrx_word' id='word_1_216' title='bbox 2145 3455 2509 3520; x_wconf 86' lang='lat' dir='ltr'><strong>Tridinn.</strong></span> 
     </span>
     <span class='ocr_line' id='line_1_31' title="bbox 458 3555 2510 3645; baseline 0 -23"><span class='ocrx_word' id='word_1_217' title='bbox 458 3560 687 3624; x_wconf 87' lang='lat' dir='ltr'><strong>Anno</strong></span> <span class='ocrx_word' id='word_1_218' title='bbox 742 3582 778 3625; x_wconf 89' lang='lat' dir='ltr'><strong>a</strong></span> <span class='ocrx_word' id='word_1_219' title='bbox 853 3561 1111 3625; x_wconf 88' lang='lat' dir='ltr'><strong>natali</strong></span> <span class='ocrx_word' id='word_1_220' title='bbox 1169 3560 1619 3624; x_wconf 88' lang='lat' dir='ltr'><strong>christiano</strong></span> <span class='ocrx_word' id='word_1_221' title='bbox 1660 3557 1670 3645; x_wconf 73' lang='grc' dir='ltr'>Ι</span> <span class='ocrx_word' id='word_1_222' title='bbox 1712 3556 1803 3622; x_wconf 87' lang='grc' dir='ltr'><strong>Μ.</strong></span> <span class='ocrx_word' id='word_1_223' title='bbox 1869 3555 2156 3623; x_wconf 95' lang='grc'><strong>0000.</strong></span> <span class='ocrx_word' id='word_1_224' title='bbox 2215 3555 2510 3632; x_wconf 85' lang='lat' dir='ltr'><strong>XCIX.</strong></span> 
     </span>
     <span class='ocr_line' id='line_1_32' title="bbox 457 3657 2513 3746; baseline 0.001 -23"><span class='ocrx_word' id='word_1_225' title='bbox 457 3657 599 3724; x_wconf 89' lang='lat' dir='ltr'><strong>Die</strong></span> <span class='ocrx_word' id='word_1_226' title='bbox 643 3681 852 3726; x_wconf 90' lang='lat' dir='ltr'><strong>uero.</strong></span> <span class='ocrx_word' id='word_1_227' title='bbox 900 3660 1089 3727; x_wconf 91' lang='lat'>1111.</span> <span class='ocrx_word' id='word_1_228' title='bbox 1151 3661 1398 3727; x_wconf 71' lang='lat' dir='ltr'><strong>Mesis</strong></span> <span class='ocrx_word' id='word_1_229' title='bbox 1456 3660 1888 3726; x_wconf 72' lang='lat' dir='ltr'><strong>Nouebris.</strong></span> <span class='ocrx_word' id='word_1_230' title='bbox 1938 3659 2359 3746; x_wconf 86' lang='lat' dir='ltr'><strong>Regnante</strong></span> <span class='ocrx_word' id='word_1_231' title='bbox 2402 3662 2513 3725; x_wconf 89' lang='lat' dir='ltr'><strong>in-</strong></span> 
     </span>
     <span class='ocr_line' id='line_1_33' title="bbox 462 3763 2514 3849; baseline 0 -22"><span class='ocrx_word' id='word_1_232' title='bbox 462 3763 674 3849; x_wconf 85' lang='lat' dir='ltr'><strong>clyto</strong></span> <span class='ocrx_word' id='word_1_233' title='bbox 765 3785 851 3827; x_wconf 88' lang='lat' dir='ltr'><strong>ac</strong></span> <span class='ocrx_word' id='word_1_234' title='bbox 937 3766 1479 3829; x_wconf 82' lang='lat' dir='ltr'><strong>foelicissimo</strong></span> <span class='ocrx_word' id='word_1_235' title='bbox 1528 3763 1538 3849; x_wconf 80' lang='grc' dir='ltr'>Ι</span> <span class='ocrx_word' id='word_1_236' title='bbox 1591 3763 1960 3849; x_wconf 88' lang='lat' dir='ltr'><strong>principe</strong></span> <span class='ocrx_word' id='word_1_237' title='bbox 2048 3764 2514 3847; x_wconf 85' lang='lat' dir='ltr'><strong>Augustino</strong></span> 
     </span>
    </p>
   </div>
   <div class='ocr_carea' id='block_1_3' title="bbox 462 3983 2514 4053">
    <p class='ocr_par' dir='ltr' id='par_1_9' title="bbox 462 3983 2514 4053">
     <span class='ocr_line' id='line_1_34' title="bbox 462 3983 2514 4053; baseline -0.003 -11"><span class='ocrx_word' id='word_1_238' title='bbox 462 3989 487 4042; x_wconf 87' lang='lat'>1</span> <span class='ocrx_word' id='word_1_239' title='bbox 528 3984 709 4039; x_wconf 79' lang='lat' dir='ltr'><strong>Totam</strong></span> <span class='ocrx_word' id='word_1_240' title='bbox 757 4002 862 4037; x_wconf 90' lang='lat' dir='ltr'><strong>rem</strong></span> <span class='ocrx_word' id='word_1_241' title='bbox 914 3987 1162 4051; x_wconf 75' lang='lat' dir='ltr'><strong>scaligeri</strong></span> <span class='ocrx_word' id='word_1_242' title='bbox 1214 3988 1519 4040; x_wconf 82' lang='lat' dir='ltr'><strong>calumniam</strong></span> <span class='ocrx_word' id='word_1_243' title='bbox 1558 4003 1706 4050; x_wconf 82' lang='lat' dir='ltr'><strong>esse,</strong></span> <span class='ocrx_word' id='word_1_244' title='bbox 1761 4002 1859 4037; x_wconf 88' lang='lat' dir='ltr'><strong>non</strong></span> <span class='ocrx_word' id='word_1_245' title='bbox 1896 4001 2103 4053; x_wconf 85' lang='lat' dir='ltr'><strong>possum</strong></span> <span class='ocrx_word' id='word_1_246' title='bbox 2141 3983 2385 4036; x_wconf 69' lang='lat' dir='ltr'><strong>Cramer-o</strong></span> <span class='ocrx_word' id='word_1_247' title='bbox 2422 3987 2514 4051; x_wconf 76' lang='lat' dir='ltr'><strong>(ad</strong></span> 
     </span>
    </p>
   </div>
   <div class='ocr_carea' id='block_1_4' title="bbox 77 4037 2519 4335">
    <p class='ocr_par' dir='ltr' id='par_1_10' title="bbox 77 4037 2519 4335">
     <span class='ocr_line' id='line_1_35' title="bbox 77 4037 2519 4335; baseline -0 -227"><span class='ocrx_word' id='word_1_248' title='bbox 77 4037 497 4335; x_wconf 45' lang='grc' dir='ltr'>μ</span> <span class='ocrx_word' id='word_1_249' title='bbox 523 4055 690 4108; x_wconf 83' lang='lat' dir='ltr'><strong>schol.</strong></span> <span class='ocrx_word' id='word_1_250' title='bbox 729 4055 839 4107; x_wconf 83' lang='lat' dir='ltr'><strong>luv.</strong></span> <span class='ocrx_word' id='word_1_251' title='bbox 870 4072 917 4122; x_wconf 88' lang='lat' dir='ltr'><strong>p.</strong></span> <span class='ocrx_word' id='word_1_252' title='bbox 948 4057 1003 4119; x_wconf 78' lang='lat'><strong>6)</strong></span> <span class='ocrx_word' id='word_1_253' title='bbox 1041 4057 1322 4122; x_wconf 81' lang='lat' dir='ltr'><strong>assentiri,</strong></span> <span class='ocrx_word' id='word_1_254' title='bbox 1368 4065 1426 4108; x_wconf 86' lang='lat' dir='ltr'><strong>ut</strong></span> <span class='ocrx_word' id='word_1_255' title='bbox 1463 4058 1584 4108; x_wconf 87' lang='lat' dir='ltr'><strong>olim</strong></span> <span class='ocrx_word' id='word_1_256' title='bbox 1621 4056 1722 4107; x_wconf 80' lang='lat' dir='ltr'><strong>iam</strong></span> <span class='ocrx_word' id='word_1_257' title='bbox 1759 4056 1868 4106; x_wconf 83' lang='lat' dir='ltr'><strong>dixi</strong></span> <span class='ocrx_word' id='word_1_258' title='bbox 1909 4055 1959 4104; x_wconf 84' lang='lat' dir='ltr'><strong>in</strong></span> <span class='ocrx_word' id='word_1_259' title='bbox 1998 4055 2221 4121; x_wconf 80' lang='lat' dir='ltr'><strong>epistola</strong></span> <span class='ocrx_word' id='word_1_260' title='bbox 2255 4055 2320 4106; x_wconf 80' lang='lat' dir='ltr'><strong>ad</strong></span> <span class='ocrx_word' id='word_1_261' title='bbox 2363 4055 2519 4107; x_wconf 83' lang='lat' dir='ltr'><strong>Orel-</strong></span> 
     </span>
    </p>
   </div>
   <div class='ocr_carea' id='block_1_5' title="bbox 524 4124 2144 4194">
    <p class='ocr_par' dir='ltr' id='par_1_11' title="bbox 524 4124 2144 4194">
     <span class='ocr_line' id='line_1_36' title="bbox 524 4124 2144 4194; baseline -0.002 -17"><span class='ocrx_word' id='word_1_262' title='bbox 524 4125 650 4178; x_wconf 85' lang='lat' dir='ltr'><strong>lium</strong></span> <span class='ocrx_word' id='word_1_263' title='bbox 685 4125 969 4191; x_wconf 80' lang='lat' dir='ltr'><strong>(Zeitschr.</strong></span> <span class='ocrx_word' id='word_1_264' title='bbox 1011 4124 1047 4177; x_wconf 69' lang='grc' dir='ltr'><strong>ἲ.</strong></span> <span class='ocrx_word' id='word_1_265' title='bbox 1087 4124 1465 4178; x_wconf 71' lang='lat' dir='ltr'><strong>Alterthswiss.</strong></span> <span class='ocrx_word' id='word_1_266' title='bbox 1506 4141 1557 4177; x_wconf 81' lang='grc' dir='ltr'><strong>ι.</strong></span> <span class='ocrx_word' id='word_1_267' title='bbox 1599 4126 1734 4179; x_wconf 80' lang='grc'>1838</span> <span class='ocrx_word' id='word_1_268' title='bbox 1770 4141 1821 4194; x_wconf 87' lang='lat' dir='ltr'><strong>p.</strong></span> <span class='ocrx_word' id='word_1_269' title='bbox 1864 4124 1996 4180; x_wconf 76' lang='lat'>1⁰49</span> <span class='ocrx_word' id='word_1_270' title='bbox 2018 4125 2144 4192; x_wconf 87' lang='lat' dir='ltr'><strong>sq.).</strong></span> 
     </span>
    </p>
   </div>
   <div class='ocr_carea' id='block_1_6' title="bbox 76 4036 498 4336">
    <p class='ocr_par' dir='ltr' id='par_1_12' title="bbox 76 4036 498 4336">
     <span class='ocr_line' id='line_1_37' title="bbox 76 4036 498 4336; baseline 0 0"><span class='ocrx_word' id='word_1_271' title='bbox 76 4036 77 4336; x_wconf 95' lang='lat' dir='ltr'><strong> </strong></span> <span class='ocrx_word' id='word_1_272' title='bbox 497 4084 498 4336; x_wconf 95' lang='lat' dir='ltr'><strong> </strong></span> 
     </span>
    </p>
   </div>
  </div>
 </body>
</html>
