2764 4738
860 438 1593 507 PROLEGOMENA.
2083 466 2243 509 mun

162 639 324 684 “esse
364 606 692 682 videretur
733 634 907 700 qnam
955 612 1342 697 tranquillum
1388 613 1625 678 vivere.
1689 609 1869 678 Unde
1912 612 2032 678 iam
2079 625 2246 699 patet

181 723 369 788 valde
415 728 812 805 temperatam
857 726 919 780 et
960 716 1244 781 aliorsum
1291 716 1590 781 deflexam
1633 734 1771 779 esse
1805 713 2058 781 'Horatii
2101 717 2246 782 sati-

182 846 346 889 ram.
409 820 647 888 Verum
692 818 984 883 Horatius
1015 819 1067 882 si
1097 820 1231 902 quis
1266 819 1421 883 alius
1452 817 1679 883 saeculi
1710 818 1804 882 sui
1832 839 2035 884 mores
2055 865 2074 899 ,
2119 820 2245 885 vir-

180 937 352 991 tutes
398 936 583 1007 atque
629 921 780 988 vitia
819 921 975 985 bene
1016 930 1332 1006 perspecta
1378 919 1676 1000 hahebat,
1724 932 1903 1004 atque
1947 921 2012 985 in
2043 923 2246 988 satiris

185 1030 285 1094 sni
318 1026 610 1112 temporis
633 1072 652 1104 ‚
699 1024 857 1107 quod
900 1023 1026 1087 vita
1072 1024 1359 1106 magistra
1401 1044 1650 1108 prorsus
1682 1035 2095 1109 cognoverat,
2139 1046 2248 1091 ve-

187 1132 497 1196 rissimam
527 1126 1010 1212 repraesentavit
1038 1124 1385 1209 imaginem.
1448 1122 1589 1208 Quo
1633 1125 1832 1190 minus
1875 1146 2025 1191 vero
2065 1128 2159 1190 ira
2188 1138 2253 1192 et

189 1233 401 1299 studio
450 1240 761 1316 correptus
805 1238 977 1307 erat,
1022 1248 1139 1311 quo
1193 1226 1521 1312 simplicius
1576 1227 1881 1292 hominum
1940 1228 2251 1294 stultitiam

197 1335 493 1413 notabat,
543 1353 661 1417 quo
690 1331 949 1396 alienior
975 1330 1049 1393 ab
1081 1328 1460 1394 omninimio
1488 1330 1831 1409 videbatur,
1886 1351 2003 1414 quo
2035 1332 2256 1396 clarius

192 1438 443 1515 omnia,
491 1455 646 1519 qnae
685 1432 961 1497 homines
1005 1431 1305 1515 agebant,
1352 1452 1422 1497 se
1464 1433 1846 1518 perspexisse
1881 1432 2256 1497 demonstra-

193 1539 341 1619 bat,
397 1558 475 1603 eo
537 1534 725 1618 magis
781 1533 1084 1598 hominum
1130 1533 1338 1597 intima
1386 1534 1624 1619 tetigit,
1686 1534 2036 1619 animosque
2079 1536 2141 1600 in
2185 1558 2255 1602 se

198 1640 560 1706 commovit.
648 1635 867 1719 Neque
919 1636 1232 1719 quicquam
1279 1646 1413 1714 est,
1474 1636 1633 1720 qnod
1688 1638 1879 1720 magis
1933 1638 2254 1702 veritatem

202 1742 588 1807 Horatianae
630 1738 854 1803 satirae
900 1737 1285 1821 comprobet,
1331 1758 1506 1821 quam
1555 1738 1712 1823 quod
1757 1748 1878 1801 tam
1907 1739 2254 1819 multorum,

197 1856 271 1909 nt
307 1844 443 1928 ipse
488 1843 719 1919 refert,
782 1841 931 1904 iram
977 1839 1315 1905 suscitavit.
1397 1838 1561 1905 Nam
1617 1860 1692 1904 ea
1747 1841 1935 1904 satira
1993 1842 2256 1907 maxime

180 1946 513 2011 ‘bominum
555 1943 790 2008 animos
846 1944 1095 2027 pungit,
1158 1963 1333 2025 quam
1388 1958 1597 2007 veram
1659 1961 1796 2006 esse
1853 1927 2260 2008 confiteantur

207 2067 469 2114 neeesse
532 2056 629 2111 est
670 2056 736 2108 et
784 2045 871 2108 ita
930 2055 1334 2129 comparatam
1360 2090 1379 2122 ‚
1438 2053 1509 2108 ut
1565 2063 1681 2110 nec
1734 2044 2256 2129 exaggerationis,

204 2169 320 2213 nec
362 2146 873 2234 intemperantiae
917 2145 1234 2231 scriptoris
1273 2147 1374 2210 vel
1414 2145 1668 2230 partium
1700 2144 1879 2209 studii
1911 2149 2261 2212 excusatio-

205 2272 345 2315 nem
392 2250 706 2335 praebeat.
767 2250 971 2332 Atque
1012 2247 1127 2312 hoc
1169 2269 1305 2313 cum
1347 2249 1601 2332 quadret
1640 2246 1701 2310 in
1734 2245 1967 2311 Horatii
1998 2258 2257 2334 tempus,

206 2376 329 2418 non
377 2353 546 2418 cadit
586 2353 652 2417 in
696 2348 944 2417 Lucilii.
1009 2349 1172 2416 Nam
1219 2350 1282 2416 in
1327 2350 1534 2417 liberis
1566 2349 1946 2432 civitatibn8‚
1996 2351 2260 2418 obicum

206 2457 475 2520 maxime
534 2455 794 2540 flagrant
850 2454 1103 2538 partium
1159 2456 1359 2520 studia
1418 2464 1597 2538 atque
1650 2455 2018 2534 certamina,
2079 2476 2259 2520 nemo

207 2568 412 2643 potest
443 2577 625 2636 esse,
672 2556 723 2620 si
755 2555 991 2639 quidem
1018 2557 1085 2620 in
1114 2557 1478 2640 reipublicae
1508 2557 1646 2620 lnce
1688 2557 1893 2640 viget,
1939 2558 2083 2640 quin
2127 2577 2262 2623 cer-

208 2671 306 2725 tae
338 2660 585 2725 cuidam
627 2658 781 2742 parti
827 2659 1100 2722 addictus
1144 2659 1393 2744 eiusque
1437 2658 1637 2722 'studio
1681 2679 1978 2724 accensus
2022 2659 2139 2740 sit,
2187 2661 2264 2725 ad

207 2763 380 2827 enins
423 2760 701 2825 rationes
746 2760 948 2825 omnia
985 2762 1253 2839 referat,
1301 2761 1470 2825 cuius
1515 2761 1793 2826 inimicos
1824 2773 2035 2827 arceat
2064 2773 2126 2827 et
2156 2762 2264 2827 im-

209 2875 487 2951 pugnet,
540 2871 601 2926 et
645 2861 784 2945 quia
825 2884 1006 2927 nemo
1053 2863 1364 2946 quicquam
1410 2864 1614 2943 valet,
1661 2863 1777 2927 nisi
1811 2864 2000 2948 quiin
2032 2864 2264 2949 publico

208 2976 536 3043 versetur,
583 2965 778 3027 oritur
807 2985 883 3028 ea
911 2965 1054 3028 inde
1085 2963 1382 3029 sermonis
1414 2964 1696 3045 libertaS,
1744 2985 1896 3049 quae
1939 2987 2264 3051 quemcun-

209 3090 325 3153 que
370 3068 545 3151 quasi
587 3067 881 3150 publicum
926 3089 1048 3130 non
1096 3068 1264 3152 quasi
1308 3067 1601 3153 privatum
1664 3077 1837 3132 notat
1890 3077 2071 3151 atque
2131 3089 2265 3153 per-

211 3172 485 3256 stringit.
535 3165 619 3233 lis
649 3189 799 3233 vero
846 3169 1108 3234 civitatis
1152 3169 1559 3254 temporibuS,
1605 3168 1702 3233 nbi
1745 3169 2009 3254 plerique
2050 3171 2266 3236 remoti

212 3282 354 3337 sunt
383 3294 421 3337 a
451 3271 761 3355 republica
791 3271 1263 3335 administranda
1282 3319 1300 3351 ,
1337 3272 1505 3336 cuins
1538 3291 1744 3336 curam
1775 3291 1931 3336 nnus
1962 3275 2060 3337 vel
2094 3275 2265 3357 pauci

215 3386 479 3460 gerunt,
528 3372 723 3438 maior
746 3383 840 3436 est
875 3373 1132 3438 hominis
1168 3373 1388 3459 privati
1431 3384 1782 3458 respectus,
1831 3385 1894 3438 et
1937 3375 2034 3459 qui
2082 3375 2270 3460 publi-

223 3498 350 3542 cam
383 3477 582 3542 lucem
614 3496 732 3539 non
768 3475 1066 3559 quaesivit
1089 3522 1108 3556 ,
1155 3474 1207 3541 is
1254 3475 1316 3538 in
1349 3477 1692 3562 exemplum
1724 3497 1845 3540 non
1879 3476 1991 3540 nisi
2024 3497 2058 3540 a
2091 3477 2272 3540 male-

222 3581 362 3645 volo
408 3590 478 3644 et
517 3577 794 3642 animoso
837 3598 906 3643 se
959 3577 1227 3663 protrahi
1283 3588 1476 3662 putat.
1552 3580 1612 3642 A
1660 3598 1773 3663 qua
1817 3579 2096 3644 libertate
2139 3601 2270 3643 cum

223 3679 516 3747 Horatius
537 3712 566 3760 ,·
619 3702 970 3764 quamquam
1029 3699 1157 3742 rem
1216 3678 1507 3764 publicam
1551 3703 1671 3745 non
1719 3681 1955 3764 teligit,
2003 3703 2125 3745 nou
2170 3683 2272 3747 ab·

226 3785 521 3863 atinent,
570 3782 713 3846 iude
746 3805 869 3847 non
899 3783 1132 3862 minus»,
1181 3804 1356 3866 quam
1389 3786 1543 3866 quod
1580 3795 1849 3869 tempora
1882 3784 2272 3869 hominesque

226 3887 542 3950 verissime
592 3885 953 3969 castigavit,
1015 3887 1277 3949 omnium
1322 3887 1450 3949 fere
1497 3886 1693 3951 studia
1730 3887 1792 3950 iu
1838 3908 1905 3951 se
1949 3888 2271 3951 convertit.

227 3987 460 4071 Quodsi
492 3989 612 4052 iam
648 3987 987 4071 quaerimus
1008 4035 1027 4069 ,
1076 3998 1367 4071 quatenus
1413 3984 1661 4053 Persius
1694 3987 1754 4051 in
1786 3988 1988 4054 satiris
2018 3992 2142 4054 suis
2176 3992 2273 4055 vel

224 4093 525 4176 antiquam
587 4088 751 4153 illam
815 4089 1149 4155 libertatem
1211 4090 1594 4165 servaverit,
1672 4092 1772 4156 vel
1833 4093 1924 4156 sui
1991 4094 2279 4178 temporis
