2764 4738
883 398 1054 463 SAT.
1084 400 1184 475 lv,
1214 402 1298 466 39
1328 432 1409 446 —
1441 404 1544 464 47.
2115 396 2239 463 177
2299 401 2304 407 ’

178 571 352 631 multi
380 572 771 651 significentur
799 572 900 646 (cf.
933 568 1199 633 Seebode
1233 570 1427 632 Sclnol.
1458 592 1512 630 z.
1546 569 1686 631 Hor.
1723 570 1749 631 1
1778 592 1832 649 p.
1858 577 1993 648 12),
2029 578 2239 655 palae.

176 660 445 730 serz‘cae,
493 658 584 737 qui
630 658 687 716 in
727 657 1040 736 gymnasiis
1081 656 1327 735 ungendi
1357 657 1594 736 aliisque
1626 657 1831 716 officiis
1863 659 2244 738 fungebantur

180 743 421 815 (Vales.
451 742 526 802 ad
552 741 738 802 Amm.
770 742 953 802 Marc.
988 741 1122 814 XV,
1153 746 1213 805 3.
1261 742 1436 802 Mart.
1473 742 1567 815 111,
1601 746 1702 814 58,
1733 745 1878 816 25),
1932 747 2059 805 vilis
2100 767 2240 806 con·

179 826 425 887 ditionis
472 827 662 900 (Mart.
709 827 804 898 ΙΙΙ,
848 831 954 899 82,
998 830 1101 889 20.
1163 828 1263 899 vl,
1295 831 1399 899 39,
1431 831 1534 899 9),
1578 838 1641 886 ut
1686 827 1976 907 plurimum
2021 831 2241 892 robusti

178 913 366 983 (Aur.
413 913 570 974 Vict.
619 914 756 993 epit.
807 917 943 985 17),
989 913 1127 971 licet
1171 913 1318 972 ltaec
1359 914 1716 990 plantaria,
1766 915 1944 992 pilos,
1989 917 2237 987 vellant,

177 996 343 1079 quod
388 999 598 1058 iustum
645 997 716 1058 de
761 998 868 1056 bac
908 1016 975 1056 re
1016 1017 1144 1057 voc.
1188 998 1508 1070 est-(Suet.
1555 998 1715 1057 Galb.
1747 1004 1891 1073 22),
1935 1003 2242 1081 elixasque

178 1083 379 1143 calida
407 1084 535 1162 pico
564 1094 737 1143 nates
749 1082 994 1161 forcipe
1024 1084 1256 1142 adunca
1288 1082 1655 1161 labefactent
1696 1083 1886 1164 (Virg.
1924 1085 2134 1166 Georg.
2167 1087 2239 1159 ΙΙ,

175 1173 317 1231 264
335 1192 353 1227 =
399 1168 478 1227 Et
506 1169 793 1230 labefacta
822 1187 1053 1228 movens
1082 1168 1347 1227 robustus
1378 1170 1581 1245 iugera
1612 1170 1859 1242 fossor),
1898 1190 2014 1231 non
2044 1181 2237 1232 tamen

176 1253 478 1332 istafilix
507 1254 629 1313 ullo
660 1255 1016 1313 mansuescit
1041 1263 1272 1313 aratro.
1303 1252 1464 1314 Vera
1494 1252 1713 1334 quidem
1746 1255 1882 1328 filix,
1911 1258 2069 1335 agris
2098 1276 2239 1336 prae

176 1340 404 1401 ceteris
449 1340 705 1414 inimica,
744 1349 937 1399 aratro
982 1340 1221 1399 maxime
1268 1340 1617 1417 exstirpatur
1648 1339 1885 1411 (Colum.
1914 1342 1985 1414 11,
2015 1346 2076 1414 2,
2113 1347 2240 1414 13),

179 1426 338 1503 pilos
369 1435 560 1484 tamen
593 1444 869 1505 uunquam
900 1434 1027 1483 arte
1051 1422 1293 1484 delebis.
1347 1426 1722 1485 Man-suescit
1747 1437 1956 1487 aratro
1977 1427 2236 1507 αἰνὴ-ς.

179 1511 408 1588 Georg.
452 1509 523 1582 11,
566 1514 727 1574 239:
788 1510 1072 1589 Frugibus
1125 1510 1325 1569 infelix
1368 1528 1443 1569 ea
1489 1515 1692 1584 (terra)
1734 1532 1844 1571 non
1892 1515 2241 1573 mansuescit

176 1594 425 1656 arando.

360 1701 418 1740 v.
448 1684 728 1743 42—52.
779 1677 942 1753 Quod
983 1676 1148 1738 modo
1180 1680 1440 1758 exemplo
1471 1681 1756 1742 luculento
1795 1679 2132 1761 descripsit,
2177 1680 2238 1742 id

179 1766 447 1826 breviter
502 1768 611 1826 iam
660 1764 1088 1845 comprehendit
1129 1767 1413 1825 sententia
1453 1767 1832 1846 proverbiali,
1875 1766 1947 1827 do
1993 1770 2099 1839 iis,
2143 1769 2239 1848 qui

182 1850 342 1932 quod
372 1852 501 1911 aliis
531 1851 749 1911 faciunt
777 1861 837 1911 et
866 1852 974 1930 ipsi
1004 1852 1309 1930 patiuntur,
1340 1854 1637 1912 caedimus
1667 1855 1844 1932 inque
1860 1855 2039 1913 vicem
2051 1872 2237 1932 prae-

182 1939 391 1997 bemus
420 1956 606 1996 crura
635 1938 914 2015 sagittis,
948 1957 1109 2017 quam
1143 1938 1219 1995 ita
1251 1937 1421 1996 effert
1448 1937 1714 1997 Horatius
1747 1944 1899 2018 (epp.
1925 1937 1995 2011 11,
2012 1942 2074 2010 2,
2092 1942 2235 2011 97)ε

181 2022 541 2092 „Caedimur
557 2034 617 2081 et
632 2021 863 2081 totidem
881 2022 1064 2102 plagis
1088 2023 1464 2081 consumimus
1495 2023 1780 2082 bostem.“
1831 2026 2031 2083 Crura
2052 2042 2238 2103 prae-

183 2108 327 2167 bere
358 2106 569 2167 dictum
600 2107 826 2167 videtur
854 2106 926 2166 ad
956 2107 1272 2185 exemplum
1303 2107 1414 2166 loc.
1449 2127 1652 2167 suram
1673 2110 2008 2186 praebere,
2042 2129 2149 2189 qua
2179 2110 2240 2168 in

183 2194 337 2272 pilae
383 2193 509 2252 lusu
555 2194 887 2263 utebantur,
932 2194 1009 2252 cf.
1042 2192 1178 2252 Isid.
1227 2194 1373 2271 orig.
1404 2192 1612 2265 xvlu,
1644 2198 1745 2257 69.
1792 2194 1939 2255 Plut.
1974 2194 2096 2255 Cic.
2138 2200 2237 2257 17.

186 2280 435 2338 Vivitur
464 2278 571 2338 hoc
592 2287 805 2357 pacto,
847 2279 936 2336 sic
962 2280 1261 2349 novimus,
1310 2298 1507 2338 omnes
1553 2277 1661 2338 bac
1707 2277 2114 2340 cousuetudine
2157 2279 2239 2339 uti

182 2365 241 2424 in
271 2366 431 2438 vita,
461 2375 650 2423 notum
682 2375 790 2424 est.
854 2360 1055 2443 Pergit
1092 2364 1200 2424 iam
1242 2364 1297 2423 in
1342 2365 1763 2444 comparatione
1794 2386 1830 2426 a
1858 2364 2238 2444 pugnantibus

184 2449 473 2511 desumta.
518 2450 742 2509 Subtet·
771 2451 913 2521 ilia,
945 2451 1002 2508 in
1032 2451 1142 2509 imo
1175 2462 1375 2511 ventre
1395 2491 1414 2522 ,
1444 2452 1573 2511 loco
1603 2450 2101 2530 periculosissimo,
2132 2451 2239 2509 lea·

184 2533 290 2596 bes
332 2536 546 2595 vulnus
587 2553 858 2606 caecum,
910 2533 1057 2615 quod
1103 2554 1268 2595 nemo
1311 2534 1509 2596 videre
1541 2546 1767 2615 potest,
1811 2547 1873 2595 ut
1904 2535 2064 2596 Ovid.
2097 2537 2237 2596 Her.

184 2621 287 2692 IV,
320 2625 444 2683 20:
488 2630 550 2681 et
576 2640 809 2679 caecum
852 2632 1089 2699 pectora
1117 2621 1317 2679 vulnus
1347 2621 1576 2680 babent.
1607 2620 1770 2701 Virg.
1799 2623 1949 2681 Aen.
1980 2621 2059 2693 X,
2089 2625 2237 2684 733.

186 2708 445 2766 Balteus
474 2715 536 2764 ut
565 2705 910 2766 Graecorum
939 2698 1172 2788 ζωστήρ
1204 2705 1579 2780 (Βτδιιᾶῡιεᾶ,
1619 2704 1673 2766 d.
1707 2708 1971 2766 Brouzeu
2001 2727 2056 2765 v.
2091 2706 2237 2766 Siris

185 2813 242 2871 p.
292 2796 374 2854 18
406 2795 557 2871 sqq.)
602 2792 766 2850 imum
811 2802 1066 2851 ventrem
1112 2790 1379 2869 tegebat,
1426 2804 1487 2852 et
1529 2803 1721 2870 potest
1763 2793 1817 2851 in
1862 2789 2235 2869 gladiatorum

182 2878 543 2957 potissimum
584 2877 918 2955 imaginibus
961 2878 1117 2936 clare
1148 2878 1398 2956 perspici
1431 2878 1532 2947 (cf.
1565 2877 1818 2937 Fabretti
1850 2877 1958 2936 col.
1992 2877 2148 2936 Trai.
2179 2897 2236 2955 p.

183 2965 340 3025 256.
357 2966 505 3024 258.
540 2961 880 3022 Winckelm.
901 2962 1057 3021 Mon.
1091 2960 1248 3022 Ined.
1280 2973 1321 3021 t.
1358 2966 1499 3026 199.
1531 2962 1707 3022 Milliu
1740 2962 1911 3022 tomb.
1943 2960 2014 3022 de
2040 2961 2234 3041 Pomp.

183 3058 227 3107 t.
260 3052 328 3110 3.
388 3046 592 3108 Clarae
622 3046 850 3125 Pompei
884 3057 923 3104 t.
955 3052 1046 3118 2).
1129 3047 1268 3106 Eum
1313 3068 1347 3106 a
1392 3048 1592 3119 bullis,
1663 3048 1862 3128 quibus
1910 3048 2237 3119 ornabatur,

183 3132 398 3193 dietum
431 3151 562 3192 esse
593 3132 763 3191 tradit
794 3133 979 3192 Varro
1012 3132 1109 3204 (L.
1144 3132 1210 3191 L.
1238 3133 1312 3204 V,
1348 3134 1532 3211 116),
1576 3132 1706 3192 iude
1736 3134 1857 3193 lato
1888 3151 2038 3192 auro
2056 3151 2236 3212 prae-

184 3218 380 3297 legit,
415 3218 493 3277 cf.
525 3217 687 3296 Virg.
717 3219 866 3278 Aen.
898 3218 972 3288 V,
1004 3221 1159 3280 312:
1204 3218 1361 3290 „lato
1395 3239 1558 3297 quam
1589 3218 2067 3297 circumplectitur
2095 3238 2236 3278 auro

184 3303 492 3363 Balteus.“
524 3302 643 3362 Hac
656 3303 830 3382 igitur
845 3314 1087 3362 externa
1103 3306 1297 3382 specie
1315 3303 1484 3363 falles
1508 3305 1757 3364 fortasse
1778 3306 1941 3373 alios,
1959 3314 2016 3363 te
2035 3306 2236 3383 ipsum,

183 3390 416 3449 etiamsi
447 3388 733 3458 volueris,
778 3409 889 3447 non
920 3390 1158 3467 poteris.
1209 3390 1282 3448 Ut
1311 3391 1521 3461 mavis,
1554 3409 1663 3448 non
1698 3390 1822 3450 siue
1852 3390 2068 3461 ironia,
2100 3388 2236 3449 Hor.

182 3484 305 3533 sat.
341 3472 388 3545 l,
414 3478 479 3544 4,
511 3478 627 3535 21:
678 3473 752 3533 Ut
791 3476 967 3533 mavis
1012 3475 1234 3533 imitare
1268 3474 1591 3548 (conclusas
1624 3475 1849 3534 follibus
1880 3479 2111 3547 auras),
2159 3476 2237 3534 da

185 3558 374 3618 verba
409 3556 504 3632 (ad
531 3558 629 3630 111,
663 3562 803 3631 19),
833 3569 892 3618 et
922 3560 1123 3637 decipe
1151 3579 1401 3631 nervos,
1434 3561 1634 3638 quibus
1664 3562 1750 3619 vis
1782 3557 2058 3620 sentiendi
2087 3562 2240 3620 inest

185 3644 288 3718 (11,
316 3648 466 3716 41),
508 3646 569 3702 si
597 3654 790 3723 potes.
861 3644 974 3703 lam
1019 3642 1333 3723 respondet
1373 3645 1555 3704 alter:
1600 3646 1929 3725 Egregium
1974 3665 2105 3704 cum
2148 3664 2238 3704 me

188 3730 360 3789 dicat
396 3730 651 3800 m'cim‘a,
714 3728 969 3789 homiues
1013 3730 1338 3809 quibuscum
1385 3731 1551 3802 vivo,
1597 3731 1676 3789 cf.
1721 3730 1857 3790 Hor.
1901 3740 2010 3790 sat.
2058 3729 2128 3802 11,
2176 3735 2236 3801 5,

189 3820 319 3878 105
345 3834 468 3893 sq.:
512 3815 724 3887 „funus
755 3817 993 3894 egregie
1026 3816 1233 3875 factum
1264 3813 1458 3875 laudet
1484 3816 1687 3876 vicinia
1705 3823 1765 3889 3⁴⁶
1811 3834 1940 3897 epp.
1956 3816 2238 3888 1‚16,44‚

186 3920 308 3960 non
336 3901 626 3959 credam?
667 3900 852 3960 Vetus
890 3910 988 3960 est
1031 3911 1437 3979 praeceptum,
1483 3921 1556 3961 ne
1585 3902 1713 3961 aliis
1744 3900 1817 3962 de
1849 3921 1914 3961 se
1944 3902 2235 3982 quisquam

189 3986 317 4063 plus
361 4004 528 4065 quam
574 3985 679 4044 sibi
722 3984 923 4046 credat
970 3986 1131 4060 (Hor.
1179 3985 1387 4065 epp.1,
1422 3988 1522 4059 16,
1551 3990 1682 4059 20).
1771 3986 1968 4066 Itaque
2013 3985 2239 4047 Seneca

189 4080 349 4152 (epp.
366 4069 714 4144 Lxxx‚9›=
747 4071 944 4144 „Intus
973 4082 1033 4133 te
1064 4073 1187 4153 ipse
1218 4068 1540 4134 considera.
1583 4071 1749 4133 Nunc
1765 4074 1946 4151 qualis
1977 4072 2080 4144 sis,
2109 4072 2238 4131 aliis

270 4176 510 4217 mastos·
1734 4162 1815 4221 12
