2764 4738
479 418 606 486 316
969 420 1232 482 senet..
1262 420 1368 482 An
1404 419 1573 483 SAT.
1604 421 1703 495 1v‚
1734 425 2038 485 30-38.

649 596 752 656 30.
805 594 1186 665 Tunicamm,
1244 593 1431 652 multis
1475 595 1649 652 coriis
1693 604 2009 672 purgatum.
2080 590 2209 651 Non
2254 589 2521 662 comedit,

479 681 587 738 nisi
632 679 870 757 pultem,
931 679 1087 738 farra
1141 689 1202 738 et
1254 698 1471 756 caepe,
1531 679 1723 757 pueris
1783 677 2174 758 plaudentibus
2234 688 2403 758 atque
2451 697 2525 737 ea

479 763 960 835 desiderantibus,
992 767 1119 843 quia
1150 766 1312 842 pueri
1342 765 1529 843 pultes
1560 774 1769 823 amant.

650 870 753 928 32.
798 867 1148 937 Morientis,
1211 863 1348 925 dicit
1389 867 1825 936 evanescentis,
1866 876 1926 925 ct
1956 868 2100 924 mira
2128 860 2378 938 αὔξησις
2407 886 2522 923 non

483 952 612 1010 boni
657 952 769 1010 vini
800 952 1086 1009 saltem-in
1118 962 1285 1009 aceto
1317 952 1631 1011 morientia.
1708 950 1896 1031 Saepe
1939 954 2087 1010 enim
2127 950 2415 1020 videmus»,
2459 961 2526 1009 ut

383 1107 386 1112 ‚
481 1048 863 1097 evanescente
894 1056 1102 1114 sapore
1132 1048 1553 1114 corrumpatur,
1596 1034 1742 1117 quod
1772 1038 1942 1114 vulgo
1973 1056 2167 1115 vappa
2197 1034 2422 1094 dicitur.

653 1143 754 1200 33.
805 1141 893 1198 At
915 1141 977 1198 si
1014 1149 1222 1197 unctus
1264 1159 1454 1199 cesses
1500 1149 1565 1198 et
1586 1140 1783 1218 figas.
1854 1138 1973 1198 Hoc
2005 1136 2174 1198 dicit:
2228 1137 2288 1197 Si
2320 1148 2525 1197 contra

482 1225 710 1302 corpori
757 1223 1007 1282 curando
1052 1223 1343 1302 indulgeas
1390 1237 1450 1284 et
1492 1236 1661 1283 uncto
1702 1226 1964 1303 corpori,
2007 1244 2117 1281 non
2164 1221 2383 1294 deerit,
2430 1223 2528 1301 qui

485 1310 651 1369 alium
697 1310 885 1367 cubito
932 1309 1216 1386 tangendo
1262 1307 1333 1369 de
1380 1309 1628 1368 moribus
1660 1309 1937 1389 loquatur.
1996 1309 2072 1368 Et
2098 1310 2246 1369 infra
2276 1309 2526 1378 subiicit,

482 1394 678 1454 dicens
723 1395 966 1474 aliquem
1011 1407 1121 1454 tam
1163 1415 1471 1473 perversos
1513 1415 1700 1454 mores
1746 1394 1994 1465 babere,
2071 1405 2132 1453 ut
2175 1413 2528 1454 excrescere

485 1481 715 1540 barbam
760 1480 851 1539 vel
901 1481 1045 1559 pilos
1093 1482 1240 1539 sinat
1272 1486 1331 1551 ¹,
1414 1501 1577 1561 quam
1634 1491 1825 1559 pectat
1881 1491 1940 1540 et
1989 1480 2192 1538 balano
2236 1490 2530 1557 unguento

483 1577 660 1643 ungat
713 1576 774 1624 et
817 1565 959 1643 pilos
1006 1563 1060 1625 in
1107 1564 1382 1644 pudendis
1428 1567 1622 1625 vellat.
1666 1566 1771 1624 Est
1801 1567 1955 1627 iuxta
1987 1575 2045 1624 te
2103 1585 2266 1646 quem
2312 1567 2530 1636 nescis,

486 1654 579 1733 qui
610 1661 668 1709 te
699 1652 783 1710 sic
813 1652 964 1709 vitiis
997 1649 1239 1710 deditum
1272 1650 1569 1721 emendet,
1603 1661 1661 1710 et
1691 1663 1855 1729 sputo
1887 1653 2148 1729 castiget.

658 1757 760 1815 35.
804 1756 1171 1830 Arcanaquc
1216 1754 1434 1826 lumbi,
1489 1751 1715 1815 scilicet
1769 1752 2061 1834 podiccm;
2123 1763 2184 1813 et
2224 1749 2536 1810 notandum

491 1839 860 1917 singulariter
894 1839 1091 1896 lambi.

658 1944 762 2003 36.
808 1943 1201 2012 spumantem,
1249 1938 1608 2020 depilantem.
1674 1944 1943 2004 Rancari
1979 1943 2124 2000 enim
2171 1940 2400 2017 proprie
2435 1959 2535 1998 se·

487 2037 655 2105 getes
702 2025 791 2085 vel
832 2025 1046 2084 herbae
1092 2025 1385 2097 dicuntur,
1432 2046 1556 2085 cum
1588 2029 1960 2104 extirpantur.
2139 2026 2363 2084 Valvas
2395 2021 2537 2083 dicit

490 2122 719 2171 secreta
750 2108 1008 2189 pudenda
1041 2113 1318 2189 corporis,
1371 2132 1515 2190 quac
1536 2111 1833 2170 inhoneste
1866 2123 1923 2170 et
1956 2109 2304 2169 muliebriter
2333 2111 2539 2170 vivens

491 2196 703 2255 libidini
759 2194 1062 2254 dedicavit.
1256 2197 1483 2255 Valvas
1534 2216 1671 2255 vero
1718 2216 1819 2275 pro
1864 2196 2084 2257 natibus
2125 2196 2312 2275 posuit
2356 2195 2538 2255 multo

492 2279 790 2352 audacius;
842 2300 967 2339 nam
1000 2281 1330 2339 seminarum
1363 2282 1489 2340 loca
1519 2282 1720 2340 vulvae
1751 2292 1898 2339 sunt.

663 2388 768 2446 37.
826 2385 908 2442 Ta
957 2404 1083 2442 cam
1130 2384 1389 2442 mamillas
1438 2384 1801 2444 balanatum.
1863 2385 2156 2443 Balanam
2202 2402 2385 2460 genus
2433 2404 2540 2441 un-

493 2472 723 2550 guenti,
753 2467 902 2528 unde
934 2480 995 2528 et
1025 2468 1291 2527 Horatius
1330 2473 1388 2528 ἐ

827 2549 1043 2614 Pressa
1077 2556 1193 2613 tuis
1226 2555 1477 2614 balanus
1508 2553 1768 2633 capillis.

493 2640 570 2699 Et
626 2639 733 2698 boc
792 2637 963 2698 dicit:
1023 2638 1159 2697 Cum
1218 2639 1450 2698 barbam
1508 2641 1755 2709 nutrias,
1815 2649 1874 2697 et
1929 2647 2213 2715 unguento
2255 2633 2542 2696 madidam

493 2736 727 2804 pectas:
760 2744 935 2803 quare
967 2725 1195 2801 inguina
1230 2737 1323 2783 tua
1355 2725 1628 2802 psilothro
1661 2722 1954 2782 denudas?
2093 2720 2234 2781 Item
2260 2742 2542 2801 gausape

493 2810 638 2869 dixit
681 2829 987 2888 propexam
1033 2810 1283 2868 barbam.
1345 2808 1408 2869 Id
1446 2821 1575 2871 vest:
1624 2809 1760 2868 Cum
1808 2829 1954 2885 pexa
1998 2807 2173 2866 barba
2205 2805 2543 2881 delecteris,

495 2916 657 2976 quam
703 2900 756 2957 iu
804 2895 1043 2953 maxillis
1087 2898 1196 2953 tuis
1240 2896 1397 2955 velut
1437 2914 1688 2973 gausape
1731 2894 1945 2952 babeas
1990 2904 2423 2971 unguentatam,
2480 2906 2544 2952 et

496 2982 829 3041 defricatam
863 2981 1098 3038 balano:
1143 2999 1245 3038 cur
1273 2981 1477 3059 pubem
1508 2979 1721 3040 vulsam
1754 2980 1932 3038 habes
1969 2983 2035 3037 ³?

669 3087 769 3143 38.
823 3084 1242 3160 Gurgule'onem
1287 3093 1474 3140 autem
1516 3102 1661 3140 nunc
1704 3102 1903 3159 penem
1936 3079 2105 3151 dicit,
2151 3102 2275 3140 cum
2309 3083 2544 3158 proprie

496 3170 551 3226 in
584 3179 810 3246 gutture
843 3169 915 3224 sit
945 3168 1205 3245 gurgulio
1226 3172 1272 3225 ⁴.
1324 3168 1467 3225 Hinc
1496 3170 1698 3225 iterum
1734 3169 2131 3225 translationes
2164 3177 2295 3224 sunt
2326 3166 2539 3226 fortes.

498 3253 594 3313 Sic
642 3254 766 3313 fere
813 3272 846 3310 a
891 3254 1212 3311 tonsoribus
1255 3263 1558 3321 curantur,
1606 3263 1666 3310 ut
1711 3255 1765 3310 in
1809 3253 2045 3310 maxillis
2080 3272 2224 3330 pexa
2257 3251 2435 3310 barba
2468 3257 2547 3310 sit

499 3349 559 3398 et
590 3347 967 3416 unguentata‚
1014 3339 1161 3396 iufra
1205 3348 1450 3397 mentum
1496 3349 1680 3397 autem
1724 3335 2119 3397 detondeatur.
2180 3335 2315 3396 Ideo
2347 3348 2541 3397 autem

503 3627 527 3679 l
568 3643 675 3677 non
710 3628 856 3675 sinat
892 3626 1038 3690 vulg.

503 3698 538 3751 2
574 3695 751 3745 Horat.
793 3710 951 3746 carm.
991 3695 1077 3759 lll,
1115 3696 1203 3757 29,
1235 3698 1286 3748 4.

501 3768 534 3817 3
571 3763 655 3815 Gt.
697 3763 812 3814 cod.
850 3764 1002 3815 Bern.
1048 3765 1313 3828 ,βαι-ωε,
1353 3760 1610 3816 strfilcsf‘

502 3837 533 3887 4
574 3832 642 3883 lo.
674 3832 920 3883 alanna:
963 3834 1263 3896 ,‚Cur·culz‘o
1299 3833 1491 3885 dicitur
1524 3833 1671 3899 quasi
1709 3833 1946 3898 gurgulio
1981 3839 2260 3897 agnttnrc.
2313 3831 2382 3884 Et
2420 3834 2544 3884 binc

572 3902 710 3952 l'acta
745 3901 1085 3952 translatione
1120 3903 1350 3954 curculio
1374 3902 1570 3954 dicitnr
1598 3903 1837 3969 priapns;
1874 3917 1987 3953 cnm
2024 3902 2158 3953 onim
2193 3908 2274 3953 est
2310 3903 2540 3965 inflatus,

570 3978 653 4021 cst
697 3970 881 4021 similis
930 3970 1009 4023 illi
1046 3973 1242 4033 vermi,
1295 3979 1438 4023 totus
1486 3972 1621 4023 enim
1670 3972 1881 4022 videtur
1928 3978 2165 4021 constare
2218 3972 2270 4022 in
2305 3978 2538 4035 gutture.

571 4038 640 4158 ¹?
674 4038 969 4137 vei-estnihil
1003 4041 1146 4093 aliud
1182 4057 1296 4093 csse
1340 4041 1579 4102 videtur,
1632 4041 1732 4091 nisi
1770 4046 1966 4105 gumar.
2034 4038 2323 4092 &cundum
2362 4039 2540 4106 [Iuga-

600 4122 784 4160 ionem.
