2764 4738
847 389 1014 451 sAT.
1046 391 1092 463 1,
1123 394 1204 456 69
1235 421 1319 437 -
1350 394 1454 454 72.
2091 386 2175 452 97

168 558 231 619 ad
258 563 407 640 opica
435 561 686 621 earmina
724 579 788 620 se
836 564 1140 640 accingere
1183 558 1471 633 videmus,
1512 578 1694 640 eaque
1726 557 1960 619 Romani
2005 579 2176 644 argq·

168 649 339 716 menti,
369 667 487 706 cnm
520 658 706 706 tamen
752 647 889 706 nibil
934 667 1129 707 eorum
1176 668 1417 727 unquam
1465 647 1864 717 tractaverint,
1913 665 2059 725 quae
2104 666 2174 705 eo

168 733 452 810 pertinent.
526 731 671 791 Nam
717 733 794 790 ita
839 731 1228 810 accipiendum
1273 752 1409 792 esse
1460 732 1519 792 b.
1552 731 1592 789 l.
1638 728 1848 790 docent
1876 750 1981 803 ea,
2028 750 2173 811 quae

167 815 375 876 Persius
404 816 589 888 affert,
622 837 767 898 quae
798 819 983 877 omnia
1013 816 1084 876 ad
1116 817 1421 877 Romanum
1453 827 1839 894 argumentum
1869 818 2173 895 pertinent,

167 913 222 961 et
244 914 586 981 opponuntur
614 924 709 962 vv.
751 905 976 963 Graece
997 906 1256 980 nugar1'5
1301 905 1525 964 scilicet
1568 901 1696 960 dum
1729 900 1965 962 Graecis
2010 903 2174 979 nugis

167 984 367 1047 deditus
409 999 519 1059 est,
565 986 847 1047 Romanas
892 1007 987 1047 res
1034 1008 1142 1046 non
1196 991 1440 1048 curavit.
1516 986 1631 1047 Res
1663 986 1944 1046 Romanas
1985 998 2173 1046 autem

168 1074 311 1151 epieo
339 1075 584 1132 carmine
631 1073 928 1133 celebrare
972 1072 1193 1132 voluit'
1177 1093 1300 1152 ipse
1329 1072 1524 1144 Nero,
1567 1083 1715 1131 teste
1746 1072 1930 1132 Dione
1972 1073 2173 1131 Cassio

167 1157 345 1230 (LXII,
373 1162 514 1232 29)·
540 1154 1040 1259 Παρεσκευάζετο
1071 1155 1136 1216 δὲ
1168 1155 1252 1228 ὥς
1278 1157 1384 1216 και
1410 1152 1518 1227 τὰς
1541 1157 1661 1215 τῶν
1678 1153 1994 1234 Ῥωμαίων
2017 1154 2173 1240 πρά-

165 1240 326 1313 ξεις’
294 1240 526 1315 απάσας
560 1239 932 1325 συγγράφων
965 1240 1030 1300 ἐν
1061 1236 1249 1302 ἔπεσι.
1315 1241 1477 1315 Quod
1508 1261 1733 1302 carmen
1765 1262 1927 1322 quam
1959 1243 2174 1320 magni·

163 1326 306 1386 ficum
335 1328 748 1408 compositurus
780 1328 983 1398 fuerit,
1014 1328 1105 1386 vel
1139 1326 1267 1388 inde
1299 1338 1574 1406 apparet,
1607 1326 1776 1407 quod,
1808 1348 1933 1387 cum
1963 1325 2035 1388 de
2067 1347 2170 1386 nn·

162 1432 302 1472 mero
343 1414 608 1473 librorum
653 1414 872 1492 peritos
913 1414 1067 1472 viros
1110 1415 1166 1472 in
1222 1415 1516 1474 consilium
1561 1411 1892 1484 adhiberet,
1923 1414 2172 1484 fuerunt,

164 1499 245 1578 qui
277 1497 803 1579 quadringentorum
844 1498 1109 1558 librorum
1167 1518 1458 1559 numerum
1514 1510 1578 1558 ut
1634 1499 1978 1577 aptissimum
2038 1517 2171 1557 sna-

164 1582 357 1643 derent.
440 1583 533 1644 Ne
591 1585 803 1661 incepit
851 1582 1071 1663 quidem
1127 1584 1240 1643 tale
1288 1604 1465 1663 opus,
1524 1594 1587 1643 ut
1627 1581 1868 1643 credere
1911 1602 2018 1662 par
2058 1594 2170 1653 est,

162 1665 336 1743 Nero;
382 1667 487 1728 sed
517 1669 633 1728 tale
663 1669 956 1729 consilium
1000 1671 1358 1748 imperatoris
1402 1688 1538 1728 suos
1582 1680 1710 1728 tunc
1741 1668 2009 1729 habuisse
2048 1669 2172 1728 imi-

162 1763 357 1813 tatores
382 1757 506 1814 veri
520 1772 793 1834 perquam
811 1755 991 1814 simile
1023 1765 1134 1826 est,
1157 1774 1341 1835 eoque
1357 1756 1653 1833 respicere
1667 1752 1891 1814 videtur
1910 1753 2168 1814 Persius.

160 1835 239 1897 Ba
264 1858 411 1910 vero,
442 1859 589 1919 quae
620 1841 731 1898 iam
761 1839 929 1899 affert
947 1884 964 1912 ,
1009 1839 1271 1919 exempla
1314 1851 1446 1899 sunt
1475 1859 1669 1900 earum
1699 1860 1907 1911 rerum,
1939 1859 2170 1919 quarum

159 1924 214 1981 in
258 1921 722 2004 descriptionibus
767 1924 1055 1985 luxuriare
1112 1925 1372 1984 solebant
1429 1936 1635 2003 poetae
1696 1926 1877 2002 epici,
1937 1944 2168 2005 quarum

160 2009 314 2086 igitur
337 2030 473 2088 prae
505 2012 720 2070 ceteris
752 2012 1128 2089 cognitionem
1159 2011 1373 2070 babere
1391 2009 1655 2081 debebat,
1672 2011 1765 2090 qui
1796 2010 1908 2070 tale
1940 2029 2168 2070 carmen

161 2094 599 2174 aggrediebatur.
655 2097 811 2156 Eece
856 2093 926 2155 de
971 2114 1036 2155 re
1086 2116 1236 2156 nova
1278 2107 1338 2155 et
1374 2097 1696 2175 inopinata,
1727 2098 1820 2155 cui
1850 2095 2173 2173 adiungitur

159 2182 306 2239 nodo
344 2200 416 2240 ea
455 2181 901 2258 significatione,
943 2201 1054 2261 qua
1097 2179 1168 2241 ad
1209 2200 1486 2259 praesens
1530 2192 1750 2261 tempus
1790 2183 2043 2241 refertur
2083 2189 2171 2256 (so

158 2264 327 2338 eben),
354 2287 409 2325 v.
443 2264 623 2326 fland.
653 2265 896 2326 Turseli.
927 2266 1005 2326 111
1034 2286 1091 2345 p.
1126 2270 1270 2329 642.
1314 2268 1545 2326 Heroas
1592 2267 1873 2327 adiective
1904 2268 2167 2345 positum,

158 2360 215 2409 at
237 2349 393 2432 Prop.
426 2350 497 2423 11,
534 2357 590 2424 1,
627 2356 703 2415 18
735 2353 948 2412 heroas
976 2373 1201 2413 manus.
1261 2353 1514 2431 Nugari
1537 2374 1590 2413 v.
1626 2356 1726 2416 56.
1784 2350 2040 2430 Artzsex
2058 2371 2168 2431 po-

157 2455 281 2495 nere
305 2458 359 2497 v.
390 2439 536 2517 prol.
573 2443 671 2499 11.
743 2439 969 2497 Ponere
1007 2449 1193 2498 autem
1224 2438 1458 2498 verbum
1497 2449 1592 2498 est
1635 2437 1706 2499 de
1736 2439 2079 2508 artificibus,
2109 2449 2172 2496 ut

157 2521 569 2679 ἧῗίἓᾝῶζ
591 2522 2170 2689 ¹34‚32‘01‘1‘11'‘55:⁶2⁶01,÷}³2”22.¹22213‚2‚⁸·,„‘{;‘{·..?fz¹;

157 2691 285 2772 quod
316 2695 371 2752 in
417 2696 602 2752 animo
646 2695 769 2753 eius
813 2705 1001 2752 natum
1044 2706 1165 2765 est,
1222 2705 1485 2773 tanquam
1542 2714 1737 2753 verum
1780 2691 1989 2773 aliquid
2043 2693 2169 2752 aliis

157 2777 1412 2942 1³:535*<1⁰⁰i¹32³>⁰35512¹52g32³522m⁸3¹1:³¹3.
1422 2780 1858 2925 ifissfiffssssss‘zssssz
1892 2776 2171 2942 ἵῗῖεέξίῗξ

158 2947 330 3009 videre
360 2942 657 3009 videantur
688 2947 996 3018 auditores.
1057 2951 1277 3008 Lucum
1321 2948 1649 3010 describere
1695 2951 1750 3009 in
1796 2947 2014 3008 deliciis
2045 2960 2173 3008 erat

160 3036 357 3109 poetis,
416 3045 480 3094 ut
522 3046 710 3093 notum
752 3054 826 3094 ex
859 3034 1090 3094 Horatio
1133 3036 1230 3109 (A.
1275 3034 1340 3093 P.
1377 3038 1479 3107 16)
1522 3046 1582 3093 et
1626 3034 1817 3094 laven.
1863 3032 1930 3106 (l,
1964 3039 2001 3097 7
2036 3039 2169 3114 sq.).

158 3116 262 3198 Ego
292 3120 383 3179 hie
411 3120 788 3179 intellexerim
835 3119 1015 3179 lucum
1034 3162 1051 3190 ,
1096 3121 1151 3178 in
1183 3139 1292 3199 qno
1321 3119 1479 3179 Mars
1510 3119 1724 3181 Rheam
1758 3119 1986 3179 Silviam
2017 3139 2171 3178 com-

161 3207 364 3279 pressit,
396 3206 492 3285 qui
528 3207 599 3264 iis
631 3206 914 3277 convenit,
946 3224 1089 3285 quae
1123 3206 1231 3263 iam
1261 3205 1591 3265 afferuntur.
1650 3205 1791 3264 Eum
1824 3216 2013 3264 autem
2044 3225 2168 3263 cum

161 3287 338 3349 leviter
363 3301 904 3349 commemorassent
941 3290 1159 3349 Ennius
1206 3289 1378 3368 (apud
1427 3290 1550 3350 Cic.
1586 3288 1657 3350 de
1690 3289 1801 3350 div.
1847 3290 1892 3362 1,
1923 3295 2028 3361 2⁰,
2060 3294 2168 3364 4⁰)

161 3384 203 3433 et
227 3374 453 3435 Ovidius
487 3376 670 3450 (Fast.
707 3375 803 3446 111,
840 3381 964 3448 17),
996 3396 1030 3434 a
1059 3377 1243 3454 poetis
1293 3378 1529 3436 serioris
1576 3378 1845 3455 temporis
1875 3376 2172 3453 magnifice

163 3472 466 3520 exornatum
513 3480 647 3521 esse
690 3472 1131 3521 consentaneum
1179 3473 1305 3534 est,
1351 3458 1689 3539 praesertim
1735 3462 1785 3520 si
1815 3461 2171 3533 consideres,

163 3547 314 3605 etiam'
333 3557 511 3605 artem
555 3546 663 3605 hoc
707 3557 1096 3624 argumentum
1142 3557 1271 3605 tunc
1322 3557 1604 3606 tractasse
1652 3548 1752 3621 (cf.
1798 3546 1869 3607 R.
1905 3546 2169 3606 Boebett.

164 3624 563 3711 llon.1ned.p.
594 3636 670 3694 31
709 3651 833 3712 sqq.
864 3630 1092 3690 Mulier.
1124 3630 1280 3689 arch.
1314 3632 1525 3709 5373,
1557 3635 1642 3703 3).
1712 3635 1831 3694 Rus
1872 3644 2167 3705 saturum,

166 3726 208 3772 ut
244 3717 478 3777 Horatio
523 3724 681 3797 (epp.
734 3717 778 3787 1,
816 3720 914 3787 10,
962 3721 1064 3789 14)
1114 3727 1175 3775 et
1191 3715 1451 3776 Martiali
1503 3716 1761 3791 (111‚47‚
1794 3718 1862 3801 6)
1911 3718 2167 3789 beatum,

167 3801 297 3861 »obis
323 3812 637 3881 gesegnet‚
670 3814 749 3874 et,
782 3821 926 3882 quae
959 3800 1031 3861 ad
1061 3821 1158 3860 rus
1189 3803 1497 3880 pertinent,
1528 3803 1776 3874 Pali',lea
1813 3824 1978 3863 sacra
2009 3803 2169 3863 Deae

168 3878 307 3957 Palis,
338 3908 409 3948 eo
441 3887 571 3957 die,
616 3908 727 3967 quo
771 3887 948 3947 Roma
979 3885 1208 3947 condita
1254 3907 1388 3947 esse
1434 3886 1747 3947 dicebatur.
1823 3886 1883 3946 ln
1917 3908 1988 3946 eo
2020 3889 2170 3947 festo

170 3984 363 4044 praeter
392 3984 623 4034 ceteras
654 3974 992 4032 cerimonias
1023 3973 1180 4031 foeni
1210 3984 1380 4052 atque
1428 3972 1753 4049 stipularum
1808 3991 2044 4032 acervos
2086 3974 2171 4030 in-

171 4056 452 4118 cendebant
481 4058 784 4132 ruricolae,
816 4070 877 4120 et
905 4076 1082 4136 super
1113 4077 1216 4117 eos
1246 4056 1545 4130 saliebant,
1571 4056 1719 4119 unde
1735 4057 1978 4138 fumosa
1985 4055 2171 4136 foeno

227 4163 452 4205 nutus.
1713 4149 1748 4205 7
