2764 4738
521 405 647 473 122
1235 409 1403 472 8ΑΤ.
1434 409 1509 485 11,
1543 416 1613 475 11
1652 417 1842 474 -14.

517 580 608 640 Cf.
643 578 799 659 Virg.
832 579 979 641 Aen.
1011 581 1112 654 lx,
1142 586 1287 646 491.
1321 582 1490 662 Prop.
1522 581 1568 654 1,
1603 585 1681 645 18
1712 581 1858 659 [17],
1888 583 1951 643 8.
2000 582 2257 642 Herculi
2278 580 2543 643 decimam

518 676 733 744 partem
766 685 980 739 eorum,
1011 686 1156 747 quae
1172 669 1626 747 acquisivissent,
1643 666 2039 726 sacrificabant
2049 666 2283 728 Romani
2299 668 2543 747 (Vignol.

518 751 725 811 Inscrr.
769 753 879 812 sel.
929 773 985 832 p.
1030 756 1202 827 337),
1233 754 1363 833 quia
1394 772 1520 812 eum
1568 764 1830 832 tanquam
1872 749 2273 827 πλουτοδότην
2312 773 2548 814 venera·

518 836 740 895 bantur.
772 836 1120 896 Thesaurum
1163 838 1291 898 eius
1336 857 1446 916 ope
1486 841 1768 897 inventum
1809 836 2045 896 exhibet
2085 835 2256 898 etiam
2289 839 2547 898 Horatius

521 919 671 996 (Sat.
703 922 772 994 11,
803 926 863 994 6,
899 927 978 985 10
1018 943 1140 1002 sqq.
1187 923 1280 982 ubi
1314 945 1367 982 v.
1413 920 1757 994 naiadum).
1839 924 2069 981 Dextro
2113 925 2372 983 Hercule
2411 926 2448 983 i.
2493 945 2545 985 e.

520 1012 722 1078 amico,
754 1018 815 1066 ut
844 1009 924 1067 ait
969 1006 1233 1068 Horatius
1280 1008 1319 1068 l.
1354 1008 1424 1079 l.,
1468 1009 1708 1087 propitio
1738 1017 1908 1086 atque
1939 1006 2202 1079 favente,
2234 1019 2295 1067 ut
2322 1009 2397 1081 V,
2432 1013 2549 1071 114

516 1094 656 1152 Iove
686 1095 920 1164 deaetro,
971 1093 1228 1170 Propert.
1275 1092 1353 1153 lv
1398 1092 1540 1172 [111]‚
1588 1099 1645 1164 1,
1683 1097 1766 1154 47
1828 1102 1890 1151 et
1917 1094 2151 1152 Baccho
2182 1104 2246 1153 et
2267 1095 2550 1172 Apolline

523 1180 771 1251 dextr05
801 1179 877 1236 cf.
914 1178 1239 1237 formulam:
1284 1180 1514 1237 Dexter
1527 1180 1668 1237 ades
1697 1174 1844 1255 apud
1872 1176 2040 1254 Virg.
2072 1177 2221 1237 Aen.
2240 1178 2391 1250 VIII,
2410 1183 2550 1242 302.

524 1261 682 1323 Ονὶᾶ.
717 1263 871 1321 Fast.
911 1263 955 1332 1,
988 1267 1092 1325 69.
1130 1261 1231 1322 Sil.
1277 1264 1346 1322 It.
1395 1263 1438 1334 1,
1471 1268 1614 1325 514.
1672 1262 1867 1342 Itaque
1899 1263 2063 1321 laeva
2092 1265 2330 1322 numina
2362 1263 2552 1323 dicun-

521 1357 618 1406 tur
658 1349 931 1420 infausta,
991 1370 1043 1407 v.
1091 1348 1233 1408 Gell.
1280 1349 1354 1417 V,
1403 1352 1499 1410 12.
1545 1348 1707 1426 Virg.
1758 1349 1966 1424 Georg.
2009 1347 2121 1420 IV,
2165 1353 2204 1410 7
2246 1349 2323 1407 ib.
2367 1349 2549 1408 Burm.

522 1434 866 1512 Quamquam
919 1435 1066 1492 enim
1108 1453 1184 1494 ex
1225 1430 1519 1512 disciplina
1560 1433 1813 1511 augurali
1843 1432 2007 1491 laeva
2048 1436 2285 1511 auguria
2319 1436 2553 1513 propitia

523 1518 906 1589 habebantur,
950 1528 1134 1577 tamen
1180 1539 1343 1577 manu
1390 1517 1591 1578 dextra
1636 1537 1802 1576 sacra
1846 1516 2121 1576 dabantur
2165 1518 2394 1590 (Marini
2429 1520 2550 1578 frat.

524 1604 662 1662 Arv.
697 1621 749 1679 p.
798 1606 967 1674 592),
1012 1603 1214 1661 dextro
1260 1600 1405 1680 pede
1454 1599 1868 1680 procedendum
1918 1613 2046 1661 erat
2073 1603 2151 1674 ei,
2193 1605 2288 1682 qui
2334 1605 2553 1663 felicem

523 1697 781 1747 eventum
814 1706 1049 1765 sperare
1093 1687 1319 1746 volebat
1351 1686 1479 1760 (Sil.
1513 1686 1579 1746 lt.
1604 1686 1726 1756 VII,
1777 1691 1932 1756 172,
1977 1686 2168 1745 luven.
2201 1688 2277 1756 X,
2322 1693 2392 1758 5)
2427 1699 2554 1748 cett.

522 1774 725 1843 Seria,
757 1792 857 1831 vas
889 1783 1220 1843 testaceum,
1252 1772 1542 1852 inquibus,
1572 1782 1634 1830 ut
1647 1770 2115 1849 aitflieronymus
2147 1778 2264 1849 (ep.
2281 1773 2556 1843 XXXIX)

522 1875 700 1936 saepe
732 1856 1035 1917 thesaurus
1067 1855 1410 1917 reconditur.
1457 1890 1543 1901 -
1600 1857 1659 1916 lu
1691 1858 1791 1926 iis,
1822 1875 1965 1935 quae
1994 1868 2330 1935 sequuntur,
2362 1869 2559 1916 tenen·

524 1940 650 2001 dnm
684 1952 794 2014 est,
826 1963 901 2002 ex
930 1943 1059 2021 lege
1104 1943 1415 2001 tabularum
1461 1943 1565 2012 iis,
1611 1941 1810 2020 quibus
1842 1951 2182 1999 testamento
2211 1951 2371 2001 tutor
2400 1941 2559 2001 datus

522 2047 633 2086 non
664 2028 757 2099 sit,
786 2040 1049 2105 agnatum
1082 2028 1386 2106 legitimum
1416 2046 1551 2087 esse
1580 2037 1843 2096 tutorem,
1874 2025 2110 2085 eundem
2145 2027 2320 2104 igitur
2349 2028 2560 2107 pupilli,

521 2114 570 2171 si
601 2110 940 2182 decesserit,
969 2111 1240 2173 heredem
1271 2113 1535 2183 futurum,
1565 2113 1646 2171 cf.
1682 2110 1846 2181 Rein,
1878 2110 2034 2169 Rom.
2068 2111 2311 2172 Privatr.
2346 2134 2405 2191 p.
2438 2117 2553 2174 241

522 2218 607 2276 sq.
641 2198 982 2277 Quamquam
1012 2199 1292 2277 corruptis
1325 2198 1482 2257 hisce
1528 2197 1873 2275 temporibus
1903 2198 2131 2274 saepius
2163 2198 2311 2257 tales
2342 2208 2561 2258 tutores

523 2284 762 2362 pupillos
815 2284 1179 2353 necaverint,
1231 2293 1291 2341 ut
1347 2280 1723 2342 hereditatem
1766 2279 1990 2340 adirent
2048 2280 2231 2355 (Suet.
2295 2282 2461 2342 Galb.
2501 2287 2559 2347 9.

524 2369 641 2428 Iuv.
677 2368 776 2438 VI,
809 2373 978 2442 629),
1011 2367 1082 2429 de
1115 2369 1210 2427 tali
1255 2368 1511 2449 facinore
1555 2367 1649 2428 hic
1681 2380 1865 2426 tamen
1898 2388 2007 2426 non
2054 2365 2413 2446 cogitandum
2447 2379 2559 2428 est.

520 2453 737 2514 Noster
766 2454 932 2512 homo
964 2465 1229 2533 precatur
1259 2465 1505 2525 tantum,
1551 2465 1612 2512 ut
1641 2451 1781 2512 deus
1827 2453 2025 2531 aliquis
2070 2453 2347 2531 benignus
2382 2455 2565 2534 pupil-

524 2540 654 2609 lum,
686 2540 777 2617 qui
811 2540 1017 2597 morbis
1064 2540 1306 2611 laborat,
1352 2550 1668 2599 semoveat.
1726 2540 2094 2618 Expungere
2138 2550 2230 2596 est
2259 2537 2462 2599 delere
2504 2539 2563 2598 id

522 2622 670 2703 quod
715 2627 768 2683 in
818 2624 1020 2682 tabulis
1066 2627 1277 2684 ceratis
1308 2626 1575 2703 scriptum
1621 2634 1713 2683 est
1754 2623 1856 2695 (cf.
1908 2623 2155 2681 Haverk.
2201 2621 2272 2681 ad
2319 2623 2563 2684 Tertull.

522 2709 671 2788 apol.
702 2713 789 2781 2),
820 2708 949 2768 inde
980 2712 1034 2768 in
1065 2710 1268 2769 tabulis
1299 2711 1639 2790 expungitur
1680 2728 1883 2767 nomen
1916 2709 2060 2777 eius,
2092 2710 2185 2786 qui
2215 2729 2382 2768 omne
2415 2708 2562 2789 quod

521 2794 715 2854 debuit
745 2796 1013 2874 persolvit
1047 2795 1250 2867 (Plaut.
1284 2795 1422 2855 Cist.
1454 2795 1496 2865 I,
1527 2799 1588 2865 3,
1632 2799 1783 2865 41),
1804 2804 1863 2852 et
1894 2793 2113 2865 militis,
2145 2796 2238 2872 qui
2270 2793 2568 2853 dimittitur

524 2880 728 2953 (Plaut.
762 2880 927 2940 Cure.
961 2880 1060 2949 IV,
1091 2885 1151 2951 4,
1182 2879 1316 2962 29).
1360 2881 1717 2958 Expungitur
1743 2880 1915 2956 igitur
1944 2880 2134 2950 etiam,
2167 2880 2260 2958 qui
2292 2879 2476 2939 locum
2507 2880 2564 2938 in

523 2976 858 3025 testamento
885 2967 1089 3025 amittit
1116 2968 1235 3025 sive
1268 2978 1469 3037 morte,
1501 2966 1621 3023 sive
1652 2964 1765 3023 alia
1807 2965 2048 3024 ratione.
2111 2963 2183 3021 V.
2226 2965 2575 3042 &pellendi

521 3050 669 3110 bene
700 3052 1100 3130 impatientiam
1144 3052 1346 3110 tutoris
1393 3051 1688 3128 exprimit,
1737 3069 1863 3108 nam
1909 3046 1982 3108 de
2012 3050 2082 3107 iis
2112 3061 2441 3127 usurpatur,
2471 3051 2567 3130 qui

521 3148 896 3215 properantes
927 3138 982 3194 in
1014 3136 1176 3195 turba
1223 3156 1361 3207 eos,
1409 3138 1502 3215 qui
1535 3131 1885 3213 praecedunt
1926 3145 1988 3193 et
2015 3133 2276 3205 obstant,
2309 3137 2568 3205 incitant,

521 3221 599 3281 cf.
629 3221 850 3281 Lucan.
886 3221 929 3292 I,
967 3226 1107 3284 149.
1141 3223 1257 3281 Iuv.
1304 3221 1401 3293 111,
1436 3226 1577 3283 127.
1618 3220 1846 3279 Fortius
1886 3220 2059 3297 igitur
2085 3216 2232 3278 idem
2278 3221 2569 3299 exprimit,

520 3304 669 3386 quod
699 3308 1005 3377 promimus
1034 3326 1271 3385 sequor.
1318 3306 1393 3366 Ut
1420 3317 1660 3366 excuset
1689 3302 2116 3384 quodammodo,
2148 3302 2293 3384 quod
2326 3315 2567 3365 mortem

427 3428 453 3455 t
519 3391 712 3474 pupilli
743 3401 935 3470 optet,
978 3389 1152 3464 addit,
1199 3411 1326 3451 eum
1374 3392 1582 3450 morbis
1616 3390 1917 3459 laborare,
1958 3390 2157 3449 scabie
2196 3400 2259 3450 et
2284 3392 2427 3450 acri
2451 3391 2568 3450 bile

523 3485 608 3550 (ut
636 3474 785 3555 apud
815 3477 896 3537 Io.
941 3476 1147 3557 Chrys.
1192 3477 1384 3536 homil.
1416 3478 1471 3535 in
1499 3476 1703 3535 Mattb.
1738 3474 1943 3546 LXIII,
1985 3494 2150 3554 quem
2194 3475 2234 3533 I.
2281 3475 2566 3545 Casaub„

522 3563 582 3621 οἶ
619 3559 1001 3644 πυρέττοντες
1053 3561 1158 3621 καὶ
1200 3559 1477 3643 δριμεῖαν
1512 3557 1695 3639 χολὴν
1737 3556 1913 3620 ἔνδον
1948 3555 2227 3639 ἔχοντες).
2304 3560 2569 3639 Denique

520 3646 682 3707 Nerii
728 3647 1043 3706 felicissimi
1087 3647 1404 3725 exemplum
1451 3647 1648 3715 affert,
1695 3647 1788 3724 qui
1844 3646 1955 3705 iam
1997 3665 2121 3704 cum
2169 3646 2342 3704 tertia
2388 3665 2570 3706 uxore

521 3733 746 3791 tertiam
778 3733 884 3790 sibi
915 3729 1104 3791 dotem
1151 3752 1486 3811 comparare
1519 3732 1783 3809 potuerit.
1841 3731 2022 3788 Nerii
2045 3750 2245 3788 nomen
2278 3733 2352 3789 ab
2385 3732 2573 3791 liora-

520 3818 600 3876 tio
633 3817 832 3875 sumsit
875 3825 1007 3890 (sat.
1052 3817 1121 3889 11,
1167 3821 1227 3887 3,
1270 3821 1399 3888 69).
1474 3820 1707 3876 Ducere
1747 3835 1988 3875 uxorem
2033 3835 2106 3875 ex
2152 3834 2256 3874 usn
2302 3815 2571 3895 loquendi

522 3902 655 3961 nibil
686 3899 833 3960 aliud
866 3913 1056 3980 potest
1085 3902 1431 3979 siguificare,
1462 3922 1624 3980 quam
1658 3901 1804 3981 quod
1835 3901 1968 3959 alibi
2001 3901 2198 3972 (Caes.
2219 3901 2290 3961 B.
2328 3901 2400 3961 G.
2434 3902 2479 3973 l,
2502 3906 2569 3972 9)

523 3988 741 4066 plenius
772 3985 1010 4057 dicitur,
1058 3989 1116 4046 in
1165 3989 1594 4047 matrimonium
1638 3988 1871 4046 ducere.
1919 3984 2006 4044 De
2041 3986 2243 4044 funere
2276 3987 2371 4045 ubi
2406 4008 2571 4046 usur-

521 4084 705 4153 patur,
737 4070 958 4133 additur
987 4074 1220 4134 verbum
1251 4093 1361 4152 quo
1395 4072 1449 4132 id
1481 4073 1803 4133 accuratius
1834 4070 2133 4132 indicetur.
2183 4070 2402 4144 Quodsi
2432 4072 2570 4132 Ser—
