2764 4738
844 418 1570 483 PROLEGOMENA.
2029 441 2221 486 Lxxtx

181 593 408 656 subere
458 593 665 677 pomis
720 590 1014 678 cibisque
1081 588 1503 677 offic-tentibus
1514 637 1537 669 ,
1615 587 1809 652 donec
1868 587 2221 656 blandiente

174 696 506 780 profectu,
566 714 937 780 quamquam
996 696 1280 780 exiguae
1332 695 1501 761 vocis
1555 701 1615 755 et
1647 691 1888 775 fuscae
1941 694 2055 775 (cf.
2097 692 2218 758 Dio

182 795 254 861 C.
286 796 468 878 LXI,
500 795 591 864 2⁰
633 795 857 864 καίτοι
900 796 1013 863 καὶ
1054 791 1275 885 βραχύ
1318 796 1432 862 καὶ
1474 792 1698 882 μέλαν
1741 787 1828 868 ὥς
1866 814 1944 879 ys
1993 820 2219 882 παρα-

178 899 440 968 δέδοται
484 895 787 987 φώνημα
833 903 1079 989 ἔχων),
1127 897 1398 983 prodire
1440 899 1506 960 in
1548 917 1795 960 scenam
1838 901 2214 983 concupivit,

175 1003 430 1067 aubz’raede
476 1007 647 1067 irater
684 1002 1060 1088 familiares
1127 999 1436 1065 Graecum
1487 997 1878 1085 proverbium
1946 1002 2214 1080 iactans,

176 1106 453 1169 occultae
493 1108 772 1169 musicae
811 1105 1048 1168 nullam
1092 1125 1227 1167 esse
1271 1113 1643 1189 respectum.
1698 1100 1876 1166 Unde
1907 1102 2010 1168 illa
2041 1102 2216 1169 foeda

176 1209 433 1272 adulatio
455 1254 475 1286 ,
523 1228 641 1292 qua
671 1207 930 1270 divinam
962 1206 1246 1291 principis
1275 1228 1492 1271 vocem
1528 1203 1987 1270 venerabantur
2015 1217 2079 1270 et
2106 1228 2215 1290 pro

176 1331 245 1374 ea
287 1309 792 1375 sacrificabantur
834 1307 984 1392 (Dio
1032 1306 1109 1374 C.
1160 1306 1369 1387 LXII,
1414 1306 1521 1372 26.
1570 1305 1865 1372 Philostr.
1903 1329 1966 1371 v.
1999 1308 2208 1393 Apoll.

177 1410 371 1498 Tyan.
407 1410 531 1492 lV,
566 1410 702 1498 39).
768 1409 940 1493 Quae
986 1412 1188 1475 omnia
1233 1432 1409 1498 quam
1443 1410 1693 1495 egregie
1727 1411 2055 1475 concinant
2081 1433 2215 1477 cum

173 1512 366 1579 Persii
399 1515 807 1597 descriptione
839 1535 959 1578 uon
992 1535 1142 1599 opus
1175 1524 1272 1579 est
1299 1524 1367 1579 ut
1393 1533 1669 1577 moneam
1702 1520 1746 1574 ¹.
1811 1508 1935 1576 Iam
1965 1535 2209 1594 versus,

175 1637 312 1700 qnos
354 1615 614 1681 Persius
660 1617 873 1696 affert,
933 1617 1266 1681 simillimos
1313 1637 1453 1682 esse
1506 1615 1620 1692 iis,
1681 1635 1831 1698 quos
1873 1638 1912 1681 a
1955 1613 2213 1681 Nerone

173 1721 419 1804 scriptos
450 1719 652 1784 adhuc
685 1718 1004 1797 babemus,
1039 1738 1162 1783 uon
1194 1730 1394 1803 potest
1425 1717 1670 1799 negari:
1713 1736 1899 1800 quare
1928 1718 1979 1782 si
2012 1718 2214 1783 omnia

175 1824 624 1887 consideramus
653 1822 836 1906 longe
866 1821 1361 1885 verisimillimum
1395 1829 1527 1899 est,
1577 1839 1714 1885 esse
1761 1840 1868 1884 eos
1897 1842 2047 1886 vere
2078 1819 2146 1885 N
2148 1843 2212 1887 e-

172 1925 328 1989 ronis
352 1973 369 2004 ,
420 1923 782 2009 praesertim
831 1944 961 1988 cum
996 1925 1221 1988 diserte
1253 1924 1524 1987 nominet
1551 1920 1872 1988 Maenada
1901 1933 1964 1987 et
1991 1924 2208 2001 Attea,

171 2047 310 2108 quae
358 2027 675 2103 earmina,
732 2026 1123 2110 probabiliter
1162 2025 1239 2090 ab
1282 2024 1414 2110 ipso
1461 2024 1825 2108 composita,
1872 2044 1908 2089 a
1950 2022 2209 2090 Nerone

170 2129 393 2213 publice
440 2139 687 2193 cantata
731 2149 867 2194 esse
911 2128 1174 2207 scimus,
1238 2148 1390 2211 quae
1435 2127 1620 2213 igitur
1660 2129 1736 2192 ad
1801 2148 1935 2192 eum
1992 2129 2211 2194 referri

171 2252 421 2298 necesse
463 2240 622 2296 erat.
700 2228 874 2313 Quae
919 2243 1136 2296 contra
1189 2230 1395 2294 afferri
1452 2233 1690 2308 solent,
1750 2228 1908 2293 baud
1962 2230 2210 2294 multum

168 2336 367 2401 valere
400 2335 711 2400 videntur.
758 2330 1026 2398 Primum
1073 2334 1233 2398 enim
1282 2333 1607 2412 obiiciunt,
1663 2332 1771 2398 vix
1814 2333 1981 2398 credi
2030 2352 2209 2419 posse

168 2460 239 2501 eo
275 2459 469 2523 usqne
516 2437 805 2502 andaciae
851 2437 1225 2522 processisse
1257 2432 1574 2513 Persium,
1631 2446 1696 2500 ut
1723 2434 1909 2519 ipsius
1935 2433 2209 2501 Neronis

167 2561 374 2606 versus
407 2542 525 2604 hoc
556 2540 733 2603 modo
767 2540 1147 2618 traduceret,
1199 2540 1355 2624 quod
1389 2560 1563 2623 quam
1601 2561 1811 2624 parum
1842 2540 2070 2603 firmum
2102 2540 2204 2619 sit,

167 2654 430 2728 apparet.
501 2641 665 2706 Nam
699 2653 764 2706 ut
795 2653 1027 2707 taceam
1050 2689 1068 2720 ,
1118 2644 1274 2727 quod
1311 2638 1643 2707 Suetonius
1677 2653 1742 2707 ut
1770 2640 1981 2706 mirum
2015 2652 2080 2707 et
2109 2643 2208 2707 vel

164 2748 480 2831 praecipue
516 2743 776 2810 notabile
810 2745 1053 2809 tradidit
1081 2745 1274 2830 (Ner.
1307 2742 1464 2825 39),
1514 2744 1662 2808 nibil
1706 2764 1841 2808 eum
1884 2744 2208 2828 patientius

163 2870 328 2932 quam
362 2849 690 2913 maledicta
719 2858 781 2912 et
811 2848 1086 2912 convicia
1117 2848 1421 2912 homiuum
1452 2847 1698 2924 tulisse,
1732 2865 1928 2929 neque
1959 2845 2020 2908 in
2052 2845 2207 2910 ullos

161 2951 491 3029 leniorem,
538 2970 713 3034 quam
761 2951 859 3033 qui
906 2969 973 3013 se
1018 2950 1190 3015 dictis
1235 2961 1339 3015 aut
1382 2951 1745 3015 carminibus
1786 2949 2202 3027 lacessissent,

160 3055 513 3130 exstitisse,
558 3054 716 3136 quod
748 3052 963 3138 probat
993 3054 1172 3118 etiam
1213 3050 1454 3117 Lucani
1499 3053 1879 3137 exemplum,
1929 3051 2027 3135 qui
2071 3071 2205 3115 eum

158 3154 475 3221 Neronem
519 3157 925 3221 aemulatione
972 3157 1261 3220 incensus
1292 3155 1904 3239 intemperantissime
1935 3154 2205 3238 proscin-

161 3259 368 3336 deret,
416 3257 659 3342 impune
692 3259 806 3324 boc
839 3260 1011 3337 tulit,
1060 3269 1124 3324 et
1165 3255 1536 3324 Pisoniauae
1572 3260 1804 3324 demum
1838 3256 2206 3322 coniuratio·

160 3362 249 3426 nis
294 3361 601 3447 particeps
640 3362 883 3447 punitus
928 3372 1024 3425 cst
1055 3367 1116 3441 ²,
1165 3372 1232 3425 ut
1272 3359 1388 3426 boc
1436 3371 1700 3438 taceam,
1750 3360 1879 3445 quis
1922 3359 1998 3424 de
2031 3378 2104 3423 ea
2135 3379 2202 3424 re

162 3519 180 3570 l
225 3515 359 3583 Quid
412 3517 547 3582 quod
600 3516 664 3565 ad
720 3514 883 3567 Persii
938 3515 1013 3583 (v.
1044 3516 1108 3568 56
1133 3519 1236 3583 sq.)
1271 3518 1462 3568 verba:
1517 3515 1741 3581 Nugaris
1775 3529 1886 3567 eum
1923 3513 2018 3564 tibi
2056 3511 2202 3565 calve

218 3585 435 3650 Pinguia
474 3584 796 3651 aqualiculus
831 3601 1076 3653 propenso
1123 3587 1427 3654 sesquipede
1476 3589 1652 3637 extet?
1718 3583 1948 3637 adbiberi
2009 3583 2205 3650 possint

218 3654 454 3705 Suetonii
507 3654 668 3706 verba
702 3652 849 3718 (Ner.
880 3656 998 3714 5l):
1046 3655 1185 3706 Fuit
1214 3681 1279 3692 —
1316 3661 1504 3706 ventre
1544 3659 1808 3720 proiecto.
1882 3651 2024 3718 Quod
2058 3659 2202 3703 notat

220 3724 389 3774 Sebol.
445 3722 645 3774 Lucan.
698 3723 762 3790 (Ι,
794 3724 876 3774 53.
909 3725 991 3775 58.
1022 3725 1143 3788 59),
1203 3723 1452 3775 Neronem
1505 3724 1664 3775 fuisse
1712 3724 1943 3785 calvum,
1996 3721 2202 3773 credere

220 3801 363 3844 vetat
400 3792 686 3844 Suetonius
722 3793 784 3859 (Ι.
827 3793 918 3858 1.),
960 3808 1051 3843 nee
1090 3792 1298 3857 dubito,
1338 3796 1457 3861 quin
1496 3794 1668 3846 Schol.
1692 3830 1707 3857 ,
1761 3793 1846 3859 qui
1885 3791 2134 3843 Neronem
2171 3806 2200 3842 a

217 3862 427 3913 Lucano
488 3861 693 3913 traduci
755 3861 852 3911 sibi
914 3869 1272 3927 persuaserat,
1336 3863 1389 3913 iu
1441 3864 1609 3914 animo
1660 3861 1897 3913 babuerit
1942 3860 2200 3911 luvenalis

218 3931 327 3997 (lv,
355 3931 448 3994 38)
484 3932 698 3980 calvum
736 3929 1025 3993 Neronem,
1064 3932 1148 3998 qui
1187 3938 1262 3982 tot
1297 3948 1500 3983 errores
1537 3931 1841 3999 procreavit·
1888 3927 2077 3981 Verum
2107 3931 2199 3980 boc

217 4003 361 4053 uodo
410 3998 674 4054 Neronem
719 4014 748 4050 a
798 3998 971 4051 Persio
1022 4006 1248 4051 notatum
1299 4016 1450 4063 esse,
1516 4017 1610 4052 non
1662 4015 1860 4068 possum
1912 3998 2034 4050 mihi
2086 4013 2200 4066 per-

152 4141 185 4194 2
215 4072 485 4193 anguet.
541 4137 641 4189 vit.
695 4135 933 4188 Lucanus
969 4135 1189 4188 sortasse
1225 4137 1341 4190 ideo
1377 4154 1573 4206 quoque
1610 4145 1876 4203 tantopere
1913 4134 2200 4188 admiraba-
