2764 4738
906 425 1634 492 PnotsscouENa.
2157 452 2290 497 evn

229 594 415 681 Quae
443 616 571 660 non
600 595 783 661 modo
810 595 953 662 ideo
973 642 994 677 ,
1040 596 1176 683 quia
1216 597 1430 664 iisdem
1459 596 1831 683 temporibus
1860 600 2192 685 eomposita
2223 613 2291 667 et

224 699 446 766 similis
474 700 538 763 in
569 700 773 765 multis
805 711 1061 765 naturae
1087 712 1266 786 atque
1299 700 1520 766 indolis
1543 712 1720 782 sunt,
1755 703 2110 786 gravissima
2142 714 2288 773 sunt

225 814 295 868 et
327 803 650 867 utilissima
695 802 773 867 ad
818 802 1098 869 iudicium
1140 804 1216 868 de
1248 801 1465 868 Persio
1498 804 1873 869 formandum
1907 806 2155 891 eiusque
2187 827 2287 872 sa·

225 903 386 969 tiras
428 904 860 983 illustrandas,
909 907 1017 971 sed
1062 928 1196 972 eum
1240 926 1581 971 sermonem
1631 906 1925 992 plebeium
1957 930 2041 974 ex
2070 910 2146 974 iis
2177 910 2287 975 ali-

224 1017 534 1092 quatenus
579 1018 747 1072 eerte
792 1028 1167 1092 cognoscere
1210 1008 1434 1086 lic-eat,
1493 1011 1739 1073 omnino
1787 1011 2101 1096 permagni
2144 1022 2290 1076 sunt

225 1110 544 1175 facienda.
604 1107 888 1175 Petronii
928 1111 1285 1196 praesertim
1326 1113 1663 1196 fragmenta
1707 1113 1911 1190 vitae,
1963 1124 2285 1179 consuetu-

228 1212 398 1277 dinis
439 1223 622 1296 atque
666 1212 906 1297 liuguae
951 1213 1225 1299 plebeiae
1270 1214 1647 1278 verissimam
1697 1215 2018 1299 imaginem
2051 1216 2287 1299 plenam

230 1314 666 1380 delectationis
695 1314 870 1379 nobis
901 1316 1219 1395 exhibent,
1252 1327 1314 1381 et
1342 1317 1405 1380 in
1437 1316 1655 1381 litteris
1674 1315 1970 1383 Romanis
2002 1317 2285 1383 eximium

228 1417 434 1483 loeum
487 1415 603 1482 sibi
653 1417 989 1483 vindicant.
1050 1417 1128 1482 Hi
1185 1420 1388 1503 itaque
1442 1420 1815 1506 scriptores,
1864 1431 2288 1506 praeterquam

235 1520 396 1606 quod
440 1520 504 1584 in
549 1520 807 1606 singulis
850 1541 1032 1606 saepe
1073 1543 1206 1587 eum
1253 1523 1328 1586 iis
1374 1523 1802 1602 consentiunt,
1850 1542 2002 1606 quae
2030 1520 2287 1589 Persius

235 1623 552 1702 adhibuit,
618 1641 811 1707 eaque
863 1624 1066 1709 populi
1114 1645 1228 1690 usu
1289 1625 1431 1690 trita
1475 1625 1705 1705 fuisse,
1765 1626 2157 1704 confirmant,
2221 1625 2286 1690 in

237 1727 593 1793 uuiversum
637 1747 752 1792 uos
792 1727 1021 1793 certius
1063 1726 1265 1813 paullo
1308 1728 1384 1793 de
1427 1728 1503 1793 iis
1544 1728 1812 1793 iudicare
1843 1727 2085 1808 sinunt,
2133 1750 2287 1814 quae

236 1831 395 1897 bue
424 1829 779 1917 popularem
810 1840 1084 1894 naturam
1116 1848 1262 1915 prae
1290 1852 1359 1896 se
1391 1831 1617 1895 ferunt.
1686 1831 1786 1896 Ad
1837 1832 1980 1896 talia
2026 1832 2286 1897 referam

237 1934 504 1999 ebullin
532 1953 643 2019 pro
673 1932 993 2019 exspirare
1022 1930 1138 2014 (ΙΙ,
1173 1929 1319 2011 10),
1366 1935 1604 1999 aristas
1631 1944 1931 2000 excutere
1964 1936 2036 1999 de
2070 1935 2286 2001 timore

237 2034 382 2124 (ΙΙΙ,
420 2034 624 2118 115),
671 2035 852 2099 Ιιοιιιο
896 2043 1154 2100 nostrae
1186 2036 1453 2121 fim'nae
1493 2035 1604 2120 (V,
1643 2036 1833 2119 115),
1881 2046 2151 2123 sartago
2200 2039 2288 2101 Io·

237 2140 476 2229 quendi
528 2135 614 2221 (1,
647 2138 810 2220 80),
867 2157 1114 2224 paparo
1171 2149 1237 2204 et
1291 2138 1520 2204 lallare
1574 2136 1722 2225 (ΙΙΙ,
1760 2137 1841 2205 17
1870 2140 2034 2225 sq.),
2100 2162 2289 2227 asper

236 2263 526 2308 mnus
555 2238 701 2324 (ΙΙΙ,
735 2238 887 2327 69),
934 2251 999 2306 et
1039 2261 1192 2324 quae
1232 2239 1436 2326 paullo
1464 2243 1743 2328 pinguius
1774 2243 1927 2307 diota
1958 2253 2138 2321 sunt,
2184 2265 2290 2307 ro·

240 2346 421 2413 busti
458 2346 759 2412 eae-mahat:
800 2343 965 2430 offae
1006 2346 1306 2433 ingerere
1364 2342 1480 2424 (V,
1516 2342 1586 2431 5)
1607 2391 1626 2424 ,
1691 2356 1753 2410 et
1796 2346 1954 2431 quod
1997 2344 2288 2432 Iuppiter

238 2449 497 2516 barbam
527 2447 871 2514 vellendam
889 2448 1202 2534 praebere
1230 2449 1450 2514 dieitur
1476 2445 1592 2535 (ll,
1622 2447 1737 2530 28)
1756 2493 1774 2524 ‚
1817 2451 2044 2514 canina
2072 2450 2290 2513 littera

240 2552 319 2619 de
355 2555 568 2618 Enim
606 2573 837 2616 sonare
880 2548 963 2630 (1,
1000 2547 1175 2634 109).
1263 2548 1575 2615 Plebeium
1622 2571 1963 2616 sermonem
2022 2551 2290 2616 imitatus

241 2677 359 2722 uee
388 2656 465 2719 ab
496 2654 822 2720 obscoenis
854 2653 1157 2734 abstinet,
1202 2674 1399 2738 neque
1440 2655 1635 2719 solum
1680 2654 1911 2720 duobus
1940 2654 2073 2720 istis
2103 2654 2284 2733 loeis,

242 2758 319 2825 ob
368 2777 641 2823 crassam
691 2758 983 2843 nimisque
1026 2757 1248 2823 nudam
1303 2757 1778 2822 obscoenitatem
1834 2757 2084 2822 famosis
2143 2753 2289 2838 (IV,

240 2860 328 2928 35
355 2884 491 2947 sqq.
526 2858 641 2941 Vl,
674 2861 760 2928 72
788 2862 995 2945 sqq.,)
1040 2857 1402 2946 praesertim
1434 2881 1604 2924 voce.
1633 2861 1994 2946 gurgulio,
2041 2859 2292 2944 singul-

243 2967 404 3044 tite,
455 2976 519 3029 et
548 2963 762 3028 audaci
790 2964 895 3027 illo
925 2961 1281 3049 quiequi’d
1250 2983 1314 3026 m
1333 2984 1558 3049 penem
1588 2964 1792 3037 venit,
1827 2963 2094 3048 plebeias
2128 2964 2293 3026 faee-

241 3068 360 3132 tias
390 3068 727 3151 expressit,
761 3066 961 3130 sedin
990 3065 1179 3151 prima
1207 3087 1441 3150 quoque
1467 3065 1679 3144 satira,
1713 3085 2061 3149 quamquam
2095 3064 2293 3150 paullo

244 3170 585 3236 modestius
604 3216 623 3249 ,
655 3168 935 3234 similiter
963 3177 1167 3233 tamen
1195 3168 1434 3233 loeutus
1466 3179 1561 3233 est
1591 3176 1677 3244 (v.
1705 3164 1852 3232 102.
1892 3166 2014 3234 112
2036 3169 2235 3252 sqq.).

410 3307 617 3391 Atque
646 3303 795 3370 baec
827 3304 1105 3392 exempla
1134 3305 1432 3370 sufficiant
1460 3305 1533 3370 ad
1567 3304 2098 3370 demonstrandam
2129 3303 2292 3368 illam

241 3410 582 3477 Persianae
624 3406 851 3473 satirae
897 3427 1026 3471 oum
1060 3408 1255 3473 mimis
1285 3408 1816 3486 coniunctionem,
1864 3407 2102 3491 quando
2148 3406 2295 3471 talia

242 3515 461 3580 melius
505 3512 581 3577 ab
627 3531 700 3575 eo
741 3509 997 3588 sentiri,
1056 3512 1157 3595 qui
1200 3512 1414 3575 librum
1458 3521 1694 3575 attento
1753 3510 1954 3572 animo
2011 3509 2291 3594 perlegit,

242 3638 417 3703 quam
450 3614 704 3700 singulis
736 3614 1030 3699 exemplis
1065 3614 1270 3679 doceri
1302 3623 1580 3701 possunt.
1647 3610 1850 3678 Unum
1895 3612 2051 3676 addo
2073 3657 2091 3688 ,
2140 3608 2295 3675 Per·-

240 3721 400 3787 siaui
433 3716 656 3801 dialogi
687 3715 1026 3796 rationem,
1074 3737 1227 3801 quae
1270 3737 1455 3803 saepe
1500 3715 1755 3781 obscura
1791 3715 2066 3794 videtur,
2117 3715 2293 3780 facile

244 3821 544 3909 explicari
575 3839 753 3906 posse
777 3864 796 3897 ,
844 3819 895 3884 si
933 3819 1203 3903 cogites,
1250 3819 1471 3885 satiras
1501 3840 1536 3883 a
1567 3819 1725 3884 scito
1772 3816 2023 3902 quodam
2068 3815 2296 3883 lectore

242 3937 382 4011 apta
424 3923 601 3989 vocis
644 3920 1052 3986 modulatione
1096 3933 1157 3986 et
1204 3933 1382 4006 gestu
1434 3921 1718 4002 recitari,
1777 3941 1892 4005 quo
1952 3921 2147 3986 omnis
2193 3919 2296 3984 illa

242 4028 586 4094 obscuritas
632 4025 970 4091 evanescit.
1046 4023 1256 4110 Itaque
1302 4025 1415 4091 bae
1457 4025 1521 4089 in
1569 4047 1638 4090 re
1684 4043 1917 4110 quoque
1961 4024 2038 4088 ad
2083 4023 2298 4087 mimos

244 4130 512 4197 aceedit.
591 4126 747 4193 Illud
792 4131 952 4195 enim
998 4150 1120 4194 non
1168 4138 1370 4213 potest
1409 4128 1658 4212 negari,
1707 4125 1983 4192 Persium
2034 4124 2296 4189 omnium
