2764 4738
873 395 1610 461 PRoLRGoMENA.
2006 421 2260 465 nxxnn

203 590 552 637 sermonem
598 568 906 634 hominum
925 615 944 648 ,
990 569 1254 634 maxime
1286 565 1661 653 popularium
1680 614 1700 649 ‚
1748 565 2022 655 diligenti
2060 580 2259 637 atten-

202 674 378 738 tione
406 673 564 738 bene
595 683 955 758 perspectos
986 671 1210 737 habere
1243 681 1309 737 et
1337 670 1588 756 egregie
1625 689 1733 754 per
1760 672 1996 757 singula
2031 673 2262 738 deseri·-

204 775 360 841 bere
384 820 405 852 ,
459 774 547 839 ita
588 786 657 840 ut
694 797 842 854 eos,
902 795 1052 857 quos
1093 775 1160 838 in
1208 772 1551 856 exemplum
1594 772 1813 852 affert,
1869 775 2041 859 quasi
2083 776 2261 841 vivos

202 877 373 961 loqui
403 886 469 943 et
511 897 578 941 se
623 896 844 962 gerere
888 877 1229 943 videamus.
1287 874 1498 958 Itaque
1541 895 1666 939 non
1710 887 2032 942 contentus
2064 889 2159 943 est
2198 879 2263 942 in

203 980 565 1045 universum
609 979 669 1042 id
712 1000 909 1064 genus
949 978 1252 1063 hominnm
1291 977 1675 1063 siguificare,
1737 979 1847 1044 sed
1904 979 2144 1065 singula
2183 981 2264 1045 sd

201 1084 416 1148 vivum
463 1081 880 1166 depingendo,
928 1080 1141 1165 quibus
1185 1079 1462 1145 homiues
1509 1102 1544 1146 e
1589 1082 1804 1167 populo
1837 1082 2087 1148 effeetus
2118 1103 2263 1148 suos

203 1184 517 1261 motibus,
590 1184 900 1269 gestibus,
973 1182 1246 1267 eorporis
1305 1181 1554 1263 habitu,
1627 1183 1974 1269 exprimere
2034 1185 2261 1267 solent,

207 1286 526 1373 eogitandi
569 1297 632 1350 et
671 1286 954 1369 loquendi
994 1287 1294 1351 rationem
1323 1284 1401 1350 iis
1430 1284 1732 1371 propriam
1761 1286 2092 1365 imitando,
2137 1288 2264 1371 ple-

207 1411 352 1454 nam
382 1408 629 1472 semper
668 1398 731 1451 et
771 1387 1035 1452 vividam
1075 1388 1399 1472 imaginem
1447 1398 1593 1453 ante
1623 1389 1831 1453 oeulos
1863 1389 2038 1455 nobis
2067 1389 2259 1474 ponit.

208 1489 296 1558 Ut
328 1490 541 1577 paneis
570 1490 635 1553 in
663 1509 732 1554 re
761 1502 972 1575 aperte
1004 1492 1302 1576 exemplis
1333 1492 1654 1576 defungar,
1678 1490 1817 1555 vide
1846 1492 2043 1555 aviam
2073 1491 2261 1569 illam,

209 1614 366 1679 que
399 1613 512 1678 pro
542 1592 772 1657 infante
805 1603 950 1657 vota
979 1593 1228 1678 suscipit
1258 1589 1489 1677 (11,31
1521 1596 1668 1675 sq..)
1751 1594 1852 1657 Ad
1894 1613 2062 1673 rem,
2112 1613 2266 1678 quae

212 1695 297 1760 ibi
327 1696 569 1779 agitur,
616 1694 957 1760 sufficiebat
997 1696 1184 1760 stulta
1225 1695 1328 1758 illa
1370 1705 1516 1759 vota
1546 1694 1929 1778 significare,
1978 1707 2044 1760 at
2086 1707 2267 1783 poeta

211 1796 599 1863 verissimam
628 1815 779 1860 saue
811 1807 875 1860 et
882 1796 1202 1881 lepidam
1185 1797 1507 1882 imaginem
1540 1796 1819 1882 proponit
1848 1798 2062 1875 aviae,
2111 1814 2267 1880 quae

216 1896 673 1983 superstitionis
703 1899 882 1982 plena
920 1900 1209 1964 infantem
1251 1899 1424 1964 vario
1468 1899 1649 1963 modo
1692 1900 1947 1979 lustrat,
1992 1898 2268 1964 manibus

215 2001 407 2085 quatit
428 2047 449 2079 ,
498 2010 564 2064 et
592 2000 834 2064 taudem
862 2012 1007 2067 vota
1039 2022 1146 2066 sus
1178 2001 1430 2087 profert.
1492 1997 1790 2066 Videmus
1831 2001 2033 2065 omnia
2066 2011 2130 2066 et
2159 2021 2267 2064 an-

217 2104 441 2179 dinus,
472 2112 595 2165 tam
625 2100 782 2165 bene
812 2101 1051 2188 singula
1081 2114 1364 2188 tantaque
1398 2124 1544 2169 eura
1574 2104 1807 2187 depieta
1838 2112 2001 2166 sunt.
2048 2101 2269 2187 Neque

215 2216 428 2270 tamen
468 2203 621 2269 haee
667 2214 836 2268 certa
879 2206 1165 2289 quaedam
1215 2226 1478 2292 persons
1523 2216 1658 2284 est,
1703 2205 1812 2269 sed
1856 2214 2045 2269 totum
2077 2225 2270 2288 genus

216 2328 291 2372 ea
319 2315 848 2392 repraesentatur.
916 2304 1159 2389 Quanta
1190 2309 1453 2374 veritate
1507 2318 1572 2374 et
1614 2317 1838 2392 quanta
1881 2327 1990 2393 per
2032 2307 2271 2392 singula

216 2411 553 2475 subtilitate
596 2410 836 2474 iuvenis
879 2410 1038 2475 illius
1085 2411 1376 2477 desidiosi
1419 2411 1787 2496 clamosique
1831 2412 1963 2476 eius
2009 2410 2267 2487 eomitiS,

218 2534 479 2597 quornm
523 2513 805 2597 exemplo
846 2514 1036 2577 utitur
1077 2513 1139 2577 in
1183 2516 1408 2579 satirae
1441 2514 1660 2578 tertiae
1690 2515 2024 2599 principio,
2071 2514 2271 2597 imago

219 2616 461 2701 depicta
510 2625 644 2690 est,
692 2627 797 2679 aut
837 2615 1052 2700 pueri,
1098 2616 1199 2699 qui
1245 2628 1309 2680 nt
1350 2616 1562 2682 ludere
1595 2617 1789 2701 possit
1818 2627 1879 2682 et
1906 2615 2148 2680 scholas
2179 2616 2272 2678 su·

218 2719 386 2803 giat,
434 2717 577 2781 oleo
608 2717 816 2781 oeulos
849 2718 1045 2802 tangit
1087 2714 1232 2798 (111,
1268 2718 1351 2782 44
1382 2720 1586 2804 sqq.),
1637 2707 1811 2805 quam
1857 2718 2103 2801 egregie
2149 2714 2272 2780 hir-

219 2840 509 2886 ωσι-ω
549 2818 970 2885 centurionum
1007 2821 1175 2885 rudis
1208 2832 1272 2886 et
1301 2831 1366 2885 ut
1397 2823 1543 2907 ipsis
1573 2821 1809 2904 quidem
1838 2819 2080 2909 videtur
2106 2817 2273 2882 ioeo·

219 2943 286 2988 ss
332 2922 541 2987 oratio
583 2940 879 3006 expressa
922 2931 1019 2986 est
1061 2919 1209 3002 (ΙΙΙ,
1261 2921 1347 2986 77
1376 2923 1569 3009 sqq.).
1646 2919 1758 2987 Illa
1802 2916 2061 2986 Vettidii
2102 2921 2277 2987 avari

221 3023 559 3110 doeriptio
603 3020 749 3105 (lv,
781 3022 867 3088 25
897 3022 1104 3107 sqq.),
1165 3045 1420 3110 quaeum
1473 3024 1748 3109 componi
1789 3034 2043 3108 possunt
2085 3042 2278 3107 panea

218 3127 418 3193 verbs
460 3122 664 3190 Bassi
704 3121 854 3205 (vl,
904 3124 987 3189 36
1016 3129 1222 3211 sqq),
1288 3148 1441 3211 quae
1502 3138 1692 3191 totum
1747 3126 2048 3191 hominem
2100 3123 2277 3189 nobis

220 3238 371 3295 ante
414 3227 653 3292 oculum
699 3228 907 3312 ponit,
953 3238 1076 3292 tam
1116 3228 1323 3294 vivida
1365 3240 1484 3293 tam
1539 3229 1600 3291 in
1653 3227 1905 3311 singulis
1950 3227 2022 3291 sd
2064 3246 2274 3292 verum

221 3350 527 3418 expressa
571 3340 709 3406 est,
758 3339 825 3393 ut
865 3330 1015 3393 nihil
1059 3331 1250 3415 possit
1280 3330 1492 3414 magis.
1561 3329 1647 3395 Et
1676 3330 1970 3395 eiusmodi
2001 3328 2279 3412 exempla

222 3432 527 3520 permulta
573 3441 823 3498 exstant
874 3431 1030 3518 apud
1081 3429 1399 3510 Persium,
1456 3453 1611 3516 quae
1668 3432 1799 3498 eius
1855 3432 1919 3494 in
1973 3430 2277 3495 hominum

224 3533 501 3601 nen-ibn·
528 3544 706 3600 aute
737 3533 1138 3598 obsmandis
1183 3545 1247 3600 et
1277 3535 1493 3599 callide
1526 3535 1888 3620 effingendis
1918 3543 2110 3597 artem
2141 3552 2279 3618 pro·

224 3638 398 3706 bant.
458 3637 671 3722 Atque
716 3636 815 3701 hie
856 3658 922 3700 se
969 3637 1146 3701 offert
1182 3638 1591 3703 memorabilis
1633 3633 1726 3700 lo.
1764 3631 1924 3724 Lydi
1952 3637 2122 3702 loeus
2170 3638 2277 3718 (de

224 3735 649 3827 meg-1,41):
685 3738 978 3824 Πὲροιος
1003 3736 1128 3809 τὸν
1155 3739 1451 3826 ποιητήν
1470 3733 1806 3826 Σώφρονα
1836 3733 2279 3826 μιμήσασθαι

225 3841 467 3913 mm
505 3839 591 3910 vo*
631 3835 1077 3927 Λυκόφρονος
1119 3843 1482 3929 παρῆλθεν
1528 3837 1866 3929 ἀμαυρόν.
1931 3839 2109 3923 Quod
2153 3841 2283 3905 site

228 3946 312 4011 its
355 3945 822 4029 intelligendum
866 3956 999 4025 est,
1047 3956 1113 4009 ut
1153 3942 1412 4009 Persius
1456 3942 1833 4031 Sophronem
1879 3944 2149 4009 studiose
2197 3943 2282 4006 lc-

232 4048 392 4132 gisse
423 4059 493 4115 et
519 4048 793 4112 imitatus
824 4068 963 4114 esse
996 4047 1265 4126 dicatur,
1315 4059 1378 4112 et
1427 4043 1602 4113 Statii
1651 4058 1820 4112 certe
1849 4056 2022 4131 pater
2052 4047 2283 4110 iuveni·

1797 4169 1868 4228 s.
