2764 4738
805 427 973 489 SAT.
1005 428 1101 501 111,
1132 433 1214 492 24
1249 461 1326 472 -
1360 432 1464 492 28.
2082 416 2202 484 149

176 593 535 675 dus‚utapud
548 595 729 657 Plaut.
763 596 954 658 Aulul.
986 598 1054 672 11,
1082 603 1143 672 3,
1176 602 1250 662 3:
1297 597 1589 672 „Vascula
1615 598 1763 656 intus
1788 616 1927 676 pure
1956 614 2203 676 propera

177 694 344 761 atque
373 682 558 741 elue.“
1855 711 1858 714 Δ

343 788 396 825 v.
427 771 699 830 24—34.
747 767 833 827 Ex
864 781 1051 828 mente
1086 770 1304 828 iuvenis
1323 770 1726 828 excusationes
1754 768 1922 827 affert
1948 766 2202 837 Persius,

174 852 371 931 quibus
397 851 608 913 desidia
636 856 982 932 potissimum
1017 854 1297 925 utebatur,
1329 865 1391 914 ut
1417 853 1656 913 studium
1685 864 1744 913 et
1766 853 2018 914 laborem
2064 873 2098 911 a
2138 871 2203 911 se

173 947 415 997 arceret.
458 938 582 997 Duo
622 949 809 998 autem
853 940 1113 1018 exempla
1155 942 1414 1018 proponit
1442 958 1580 1018 prae
1618 940 1831 998 ceteris
1862 939 2205 1017 frequentia,

171 1023 399 1101 primum
426 1024 569 1094 eius,
600 1026 694 1103 qui
727 1027 1059 1100 patrimonio
1078 1066 1095 1095 ,
1125 1023 1274 1103 quod
1307 1043 1338 1084 a
1373 1025 1678 1084 maioribus
1709 1025 1952 1101 accepit,
1985 1021 2204 1082 modico

174 1119 498 1179 contentus,
543 1129 669 1168 cum
707 1110 915 1168 habeat
946 1108 1094 1170 unde
1127 1111 1313 1180 vivat,
1354 1121 1553 1169 cetera
1594 1129 1830 1169 securus
1854 1108 2202 1188 tranquillam

172 1195 338 1251 vitam
384 1191 575 1271 degit,
619 1214 729 1254 uec
773 1194 1068 1273 quidquam
1113 1196 1350 1254 ulterius
1389 1195 1638 1273 appetit,
1672 1195 1909 1254 alterum
1937 1197 2082 1264 eius,
2113 1195 2206 1272 qui

171 1278 367 1337 nobilis
406 1281 711 1357 prosapiae
758 1280 909 1339 fastu
953 1281 1137 1340 elatus
1178 1300 1248 1339 ac
1288 1280 1552 1348 tumidus,
1585 1300 1708 1339 cum
1735 1281 1918 1339 omnia
1961 1298 2100 1358 prae
2141 1297 2206 1337 se

171 1373 493 1423 contemnat
536 1375 597 1423 et
625 1375 879 1443 spernat,
912 1385 1075 1424 omne
1124 1363 1362 1424 studium
1407 1365 1602 1424 inutile
1661 1365 1835 1424 babet
1879 1384 1985 1424 nec
2027 1362 2099 1422 ad
2142 1382 2207 1422 se

173 1451 456 1526 pertinere
501 1459 679 1527 putat.
722 1450 917 1530 Itaque
971 1452 1026 1508 in
1077 1453 1257 1528 primo
1304 1450 1404 1509 illo
1448 1451 1710 1529 exemplo
1753 1451 1941 1509 omnia
1971 1469 2043 1511 eo
2075 1468 2207 1526 spe-

170 1544 337 1605 ctant,
382 1544 446 1593 ut
472 1536 756 1614 antiquam
800 1535 1212 1612 simplicitatem
1244 1546 1415 1614 atque
1455 1534 1787 1594 modestiam
1817 1546 1949 1594 ante
2010 1535 2208 1594 oculos

172 1629 395 1696 ponant.
457 1619 579 1678 Huc
620 1618 982 1679 referendum
1016 1641 1121 1679 rus
1143 1631 1466 1699 paternum
1507 1621 1644 1694 (luv.
1677 1620 1774 1692 vl,
1808 1625 1912 1691 55)
1944 1631 2004 1679 et
2031 1620 2209 1678 modi-

169 1702 464 1780 cnmsar,
511 1724 620 1763 uec
670 1706 847 1763 minus
888 1706 1140 1764 salinum
1180 1717 1242 1766 et
1261 1707 1534 1783 patella,
1580 1706 1779 1785 quibus
1818 1706 2210 1783 simplicissimi

173 1792 345 1847 rictus
375 1790 554 1866 signis
584 1791 734 1849 nulla
761 1789 957 1849 domus
1003 1809 1206 1850 carere
1236 1790 1441 1868 potuit,
1468 1801 1531 1848 ut
1560 1809 1704 1870 quae
1735 1792 1788 1849 in
1819 1792 2013 1869 quavis
2049 1790 2209 1847 fami-

174 1876 241 1932 lia
293 1876 524 1952 autiquo
588 1875 804 1935 bonore
849 1876 1214 1946 fruebantur,
1278 1897 1333 1935 v.
1394 1874 1721 1953 diligentem
1776 1874 2210 1953 disputationem

172 1959 439 2018 Klauseui
485 1959 655 2033 (Aen.
702 1959 751 2019 11
780 1981 838 2038 p.
876 1965 994 2023 631
1049 1963 1221 2040 sqq.).
1311 1960 1630 2019 Curabatur
1667 1979 1809 2037 ergo
1852 1961 2103 2038 inprimis
2152 1970 2212 2017 ut

170 2045 460 2115 selmum,
523 2043 670 2122 quod
697 2064 772 2104 ex
797 2056 1034 2123 argento
1064 2046 1272 2104 factum
1315 2064 1450 2105 esse
1496 2044 1718 2105 solebat
1750 2045 1905 2119 (Val.
1933 2045 2085 2103 Max.
2113 2044 2209 2112 lv,

174 2134 230 2199 ⁴,
268 2133 329 2190 3.
369 2129 519 2189 Ptin.
564 2129 630 2188 fl.
675 2129 753 2187 Ν.
802 2130 1068 2201 XXXIII,
1122 2134 1222 2200 12,
1256 2134 1399 2203 54),
1440 2133 1570 2189 sine
1600 2131 1757 2199 labe,
1805 2132 2106 2208 integrum,
2151 2139 2211 2187 et

167 2234 376 2291 purum
412 2214 640 2286 (Catull.
668 2214 876 2287 XXIII,
915 2219 1014 2288 19)
1051 2227 1400 2287 servaretur,
1418 2235 1539 2274 cum
1566 2215 1824 2294 patella,
1858 2217 1913 2274 in
1947 2234 2056 2294 qua
2087 2213 2209 2272 olus

173 2309 227 2358 et
250 2302 445 2379 pisces
507 2297 968 2380 decoquebantur
1006 2298 1245 2380 ideoque
1292 2299 1469 2379 dapes
1514 2299 1795 2359 delibatae
1833 2299 1941 2358 diis
1976 2302 2029 2357 in
2081 2300 2210 2357 foco

172 2386 542 2463 ponebantur,
574 2385 718 2445 unde
754 2385 1136 2465 cultrixsoci
1167 2398 1420 2457 vocatur,
1460 2397 1520 2447 et
1547 2405 1786 2457 secura,
1831 2397 1895 2444 ut
1923 2382 2067 2464 apud
2099 2385 2211 2442 Ho-

174 2474 366 2530 ratium
391 2477 525 2543 (sat.
558 2471 626 2542 11,
655 2477 715 2540 7,
753 2476 833 2534 29
853 2477 970 2551 sq.)
1004 2473 1276 2549 legimus:
1321 2470 1430 2543 „Si
1460 2491 1730 2551 nusquam
1763 2491 1828 2529 es
1860 2473 2010 2530 forte
2040 2489 2211 2528 voca-

173 2567 255 2615 tus
282 2554 379 2615 Ad
407 2555 878 2628 coenam,laudas
893 2576 1163 2615 securum
1182 2557 1309 2615 olus
1324 2566 1400 2630 ‚·“
1430 2577 1540 2636 quo
1570 2557 1899 2635 tranquillus
1916 2567 1977 2614 et
1993 2553 2210 2614 modico

173 2652 469 2701 contentus
488 2643 702 2700 animus
733 2643 970 2719 egregie
1001 2643 1354 2720 exprimitur.
1403 2643 1512 2715 Qui
1544 2644 1619 2701 ita
1653 2652 1902 2701 moratus
1933 2651 2043 2712 est,
2073 2642 2217 2718 qm'd

172 2738 414 2798 metuat,
447 2746 550 2786 cur
580 2729 732 2786 vires
763 2725 1038 2797 intendat,
1070 2727 1272 2786 altiora
1299 2731 1573 2806 appetat?
1633 2728 1734 2786 Cui
1766 2722 2210 2803 indignabundus

175 2824 370 2888 poeta:
427 2814 555 2871 IIoc
587 2815 737 2871 salzb
781 2819 920 2872 est?
976 2812 1200 2883 obiicit,
1244 2813 1377 2870 nibil
1417 2813 1651 2871 ulterius
1683 2823 1810 2883 est,
1854 2831 1963 2889 quo
1992 2807 2212 2879 tendas,

175 2908 404 2974 praeter
444 2898 589 2956 banc
636 2898 986 2977 tranquillam
1030 2899 1235 2968 vitam,
1277 2898 1414 2955 nibil
1447 2899 1624 2956 maius
1664 2907 1757 2956 est
1799 2895 1944 2975 quod
1975 2897 2210 2954 animum

172 2986 563 3042 commoveat?
606 2983 664 3041 Iu
694 2984 877 3042 altero
909 2984 1169 3059 exemplo
1198 2985 1387 3060 inepta
1437 2984 1703 3041 iactantia
1749 2993 2002 3053 notatur,
2047 3000 2210 3059 quam

175 3068 400 3128 fortiter
438 3069 702 3145 exprimit
741 3089 830 3127 vv.
872 3071 1199 3145 pulmonem
1241 3088 1516 3144 rumpere
1566 3069 1788 3138 ventis,
1831 3087 1934 3145 pro
1961 3087 2032 3125 eo
2065 3066 2214 3145 quod

174 3155 338 3231 vulgo
372 3151 579 3211 dieitur
605 3155 833 3234 inflat-1⁰,
866 3154 1088 3211 Graece
1122 3154 1327 3229 φυσᾷν
1356 3149 1571 3212 ἑαυτόν
1599 3153 1812 3230 (Bergl.
1856 3150 1925 3210 ad
1955 3151 2210 3229 Alciphr.

174 3239 330 3308 t‚37.
379 3236 637 3315 Lenuep.
660 3235 728 3297 ad
752 3238 976 3296 Phalar.
999 3258 1052 3315 p.
1072 3241 1241 3308 206).
1274 3240 1618 3310 Stemmata,
1655 3257 1799 3317 quae
1817 3248 1946 3315 post
1979 3236 2210 3295 Cicero-

174 3325 250 3383 nis
266 3336 528 3401 tempora
545 3321 763 3381 demum
793 3325 849 3381 in
873 3342 1032 3381 usum
1047 3325 1277 3382 venisse
1295 3323 1664 3400 probabiliter
1689 3334 1890 3382 censet
1916 3322 2213 3380 Ernestius

176 3409 259 3477 (ad
292 3409 464 3468 Suet.
495 3408 638 3467 Ner.
669 3412 797 3478 37),
827 3428 1155 3487 quamquam
1171 3406 1566 3467 contradicere
1597 3407 1774 3466 videri
1792 3410 1971 3487 possit
2003 3405 2214 3465 Plinius

174 3493 440 3563 (XXXV,
489 3499 550 3563 2,
592 3498 690 3565 2),
738 3491 1113 3552 discernenda
1160 3504 1290 3551 suut
1329 3493 1400 3551 ab
1453 3494 1785 3571 imaginibus
1832 3495 2100 3551 maiorum
2156 3503 2214 3550 et

175 3581 375 3638 similia
418 3581 628 3637 nostris
673 3579 1059 3637 stemmatibus
1110 3590 1308 3649 eraut,
1389 3582 1640 3658 quamvis
1707 3577 1874 3637 aliter
1929 3579 2217 3637 existimet

176 3662 533 3724 Eicbstadius
581 3661 676 3737 (de
721 3664 945 3741 imagin.
998 3663 1157 3722 Rom.
1198 3685 1252 3742 p.
1307 3668 1478 3734 ¹14).
1570 3664 1627 3722 Iu
1669 3663 1856 3722 tabula
1888 3666 2031 3722 enim
2068 3664 2208 3735 (Iuv.

178 3748 290 3821 vu,
325 3754 389 3821 6)
418 3767 655 3808 avorum
688 3751 909 3808 nomina
940 3747 1176 3821 (Senec.
1210 3748 1279 3808 de
1312 3747 1552 3807 benefic.
1599 3748 1693 3816 ΙΙΙ,
1725 3754 1830 3820 28)
1875 3759 1971 3806 aut
2016 3750 2212 3825 imagi-

176 3855 268 3897 nes
299 3837 494 3915 pictae
522 3834 695 3908 (Plin.
731 3834 973 3904 XXXV,
1006 3839 1067 3905 2,
1102 3839 1163 3896 2.
1209 3832 1369 3892 Suet.
1404 3834 1546 3892 Ner.
1576 3837 1688 3912 37)
1731 3836 1805 3892 ita
1838 3831 2213 3913 disponeban-

176 3931 295 3991 tur,
332 3931 397 3979 ut
446 3921 632 3979 lineae
691 3920 874 3978 multis
929 3920 1161 3978 flexuris
1208 3918 1596 3978 discurrentes
1655 3917 1906 3978 ordinem
1970 3921 2212 3978 familiae.

178 4004 567 4076 ostenderent,
593 4004 851 4084 talesque
882 4004 1108 4063 tabulae
1136 4007 1190 4062 iu
1219 4006 1365 4063 atrio
1397 4025 1505 4062 non
1539 4007 1715 4063 minus
1747 4025 1909 4084 quam
1946 4007 2212 4062 maiorum

177 4091 446 4172 imagines
474 4092 938 4173 proponebantur
969 4090 1133 4163 (Seu.
1153 4090 1193 4150 l.
1210 4091 1246 4149 l.
1263 4090 1429 4151 Suet.
1452 4090 1612 4150 Galb.
1629 4095 1692 4154 2.
1716 4090 1881 4150 Mart.
1901 4089 1997 4161 IV,
2013 4094 2113 4159 40,
2136 4096 2214 4161 t).
