2764 4738
893 383 1061 448 SAT.
1092 387 1137 460 1,
1164 389 1248 448 42
1278 417 1361 431 —-
1394 389 1502 450 62
1752 390 1763 395 ’
2127 377 2226 486 89.

209 568 406 629 ment,
431 569 490 617 nt
515 568 994 618 conservarentur
1036 567 1097 616 et
1123 558 1269 617 flavo
1299 557 1496 616 colore
1525 557 1791 627 niterent,
1822 556 1997 619 cedro
2026 577 2207 637 unge-

207 642 601 715 banturffivid.
636 642 889 712 Trist.1‚
925 648 981 713 1,
1014 648 1071 704 7.
1092 641 1185 714 ΙΙΙ,
1208 647 1262 712 1,
1285 645 1381 704 13.
1402 641 1642 701 Martial.
1674 641 1767 710 111,
1799 641 1859 713 2’,
1879 649 1938 705 7.
1969 644 2204 704 Lucian.

207 726 320 786 adv.
362 727 557 788 indoct.
607 732 753 802 16),
794 725 941 787 unde
986 729 1161 786 cedro
1192 729 1374 804 digna
1420 725 1679 786 dicuntur
1718 730 2001 800 carmina,
2061 748 2205 809 quae

207 815 518 874 aeternitate
563 812 733 892 digna
780 824 942 883 sunt,
987 813 1068 872 cf.
1115 812 1311 871 Horat.
1355 813 1430 871 A.
1476 811 1541 870 Ρ.
1572 816 1690 875 331
1727 831 1849 891 sq.:
1899 813 2208 894 Speremus

206 901 429 958 earmina
485 901 619 978 fingi
663 918 830 977 posse
882 899 1116 958 linenda
1162 899 1356 955 cedro.
1412 898 1629 956 Auson.
1691 898 1877 977 epigr.
1936 898 2209 971 XXXIV,

207 987 274 1045 13
301 1004 416 1063 sq.:
473 985 648 1044 Huius
681 984 954 1058 (Proculi)
986 985 1040 1040 in
1086 978 1320 1042 arbitrio
1352 994 1461 1053 est,
1494 1002 1598 1042 seu
1629 994 1684 1042 te
1715 985 2086 1043 iuvenescere
2115 1004 2209 1043 ce·

203 1070 320 1139 dm,
351 1089 445 1128 seu
475 1069 671 1129 iubeat
699 1067 855 1129 duris
885 1068 1167 1130 vermibus
1198 1085 1332 1126 esse
1361 1067 1564 1126 cibum.
1596 1067 1683 1127 De
1715 1066 1937 1128 dicendi
1968 1069 2210 1130 formula

200 1155 358 1212 cedro
382 1156 559 1232 digna
601 1156 830 1214 locutus
871 1173 930 1214 v.
964 1153 1037 1213 ΙΙ.
1085 1151 1311 1212 Peerlk.
1356 1150 1428 1211 ad
1475 1153 1611 1212 Hor.
1657 1172 1830 1213 earm.
1862 1154 1932 1226 Π,
1969 1159 2068 1227 13,
2097 1158 2204 1218 29.

202 1237 347 1310 Quod
372 1259 505 1299 vero
556 1238 726 1299 hodie
771 1238 1140 1319 scriptoribus
1185 1236 1576 1309 metuendum,
1620 1257 1691 1305 ne
1738 1240 1793 1297 in
1832 1259 2119 1319 cauponas
2150 1249 2212 1300 ot

199 1324 393 1383 culinas
431 1326 725 1402 migraturi
770 1326 884 1384 sint
930 1324 1087 1395 libri,
1132 1321 1188 1381 id
1235 1323 1342 1380 iam
1388 1325 1646 1402 antiquos
1689 1325 1941 1384 timuisse
1982 1326 2209 1404 scriptis

200 1411 323 1481 suis,
351 1410 499 1469 multi
531 1412 641 1470 loci
669 1410 896 1470 docent.
929 1408 1019 1468 Cr.
1053 1407 1252 1467 Catull.
1285 1407 1465 1468 XCIII
1496 1408 1722 1482 (XCV),
1754 1415 1830 1471 72
1879 1410 2077 1470 Volusi
2107 1431 2210 1469 an-

198 1494 341 1553 nales
376 1527 460 1540 —
502 1495 666 1554 laxas
704 1495 989 1554 scombris
1031 1513 1209 1572 saepe
1255 1490 1464 1552 dabunt
1511 1495 1748 1564 tunicas,
1781 1494 1853 1554 cl.
1883 1494 2059 1556 Mart.
2106 1494 2208 1568 lv,

198 1581 289 1650 86,
316 1584 389 1642 8:
436 1600 543 1640 nec
587 1581 872 1640 scombris
915 1578 1073 1638 dabis
1116 1579 1336 1638 tunicas
1377 1579 1667 1638 molestas.
1714 1579 1849 1638 Hor.
1883 1600 2012 1661 epp.
2044 1580 2115 1652 11,
2151 1586 2210 1653 1,

198 1668 306 1727 269
334 1685 454 1745 sq.=
519 1665 771 1726 Deferar
796 1666 853 1724 in
900 1665 1078 1724 vicum
1119 1661 1458 1724 vendentem
1503 1673 1597 1723 tus
1621 1675 1684 1723 et
1709 1666 1919 1725 odores
1958 1676 2016 1725 et
2031 1669 2211 1745 pisper

199 1759 250 1808 ct
285 1749 537 1831 quidquid
582 1752 797 1811 chartis
843 1751 1103 1809 amicitur
1139 1749 1365 1827 ineptis.
1416 1747 1613 1809 Sidon.
1660 1749 1849 1829 Apoll.
1891 1770 2065 1810 carm.
2105 1751 2210 1822 IX,

199 1838 341 1897 317:
371 1836 589 1908 charta,
641 1856 789 1916 quae
818 1835 1112 1895 scombros
1155 1835 1357 1895 merito
1393 1836 1684 1913 piperque
1721 1846 1928 1914 portet.
1961 1835 2207 1897 Martial.

199 1917 284 1989 ΙΙΙ,
310 1925 366 1992 2,
396 1926 434 1984 3
465 1942 595 2002 sqq.
631 1922 786 1994 XIII,
821 1927 878 1993 1,
915 1927 969 1982 1.
999 1920 1096 1992 ΙΙΙ,
1127 1925 1228 1990 50,
1259 1923 1319 1980 9.
1349 1919 1451 1990 VI,
1483 1925 1584 1990 70,
1616 1923 1675 1981 8.
1739 1920 2211 1999 Videmusigitur

199 2005 365 2081 pisces
407 2016 468 2067 et
509 2007 719 2067 odores
761 2008 1105 2085 potissimum
1152 2004 1469 2082 exemplum
1512 2005 1701 2065 talium
1743 2008 2007 2066 mercium
2050 2005 2210 2066 adhi-

197 2087 322 2149 beri.
362 2091 450 2151 Cf.
495 2090 738 2152 Markld.
782 2090 855 2150 ad
901 2089 1045 2150 Stat.
1095 2088 1231 2150 Silv.
1277 2089 1376 2159 IV,
1430 2094 1491 2161 9,
1543 2094 1641 2152 13.
1715 2093 1994 2151 Scomber
2018 2104 2209 2154 autem

197 2176 348 2252 piscis
376 2178 625 2236 marinus
667 2179 801 2247 fnit,
847 2195 882 2237 e
923 2197 1033 2256 quo
1063 2196 1243 2254 garon
1273 2175 1682 2235 conficiebatur
1721 2178 2206 2255 pretiosissimum,

198 2260 264 2318 cf.
291 2260 423 2321 Plin.
453 2262 526 2321 Η.
554 2261 632 2323 N.
663 2262 878 2334 XXXI,
907 2268 968 2333 8,
998 2265 1101 2325 43.
1132 2261 1379 2320 Martial.
1410 2260 1563 2332 XIII,
1598 2265 1755 2337 1023
1797 2267 1937 2325 103.

339 2368 393 2407 v.
424 2352 700 2412 44—62.
748 2348 846 2408 His
889 2347 1079 2408 verbis
1123 2357 1379 2407 naturam
1422 2344 1664 2426 dialogi,
1709 2348 1930 2427 qualem
1970 2350 2093 2429 ipse
2124 2350 2208 2409 in-

197 2433 371 2506 stituit,
400 2434 558 2493 clare
591 2432 940 2493 demonstrat
967 2443 1157 2513 poeta,
1189 2432 1259 2494 de
1290 2451 1400 2510 qua
1430 2436 1669 2511 egregie
1699 2432 1930 2494 disserit
1947 2434 2204 2496 Passow.

195 2536 242 2594 p.
269 2521 383 2581 202
413 2539 501 2599 sq.
548 2517 786 2579 Scilicet
824 2539 934 2578 non
979 2529 1191 2579 certam
1236 2515 1516 2598 quandam
1549 2519 1656 2577 sibi
1686 2519 1845 2597 fingit
1886 2540 2209 2598 personam,

194 2621 407 2680 quacum
438 2604 815 2685 colloquatur,
856 2604 961 2665 sed
990 2603 1046 2664 id
1089 2606 1305 2682 ipsum,
1336 2612 1536 2662 contra
1568 2601 1715 2683 quod
1745 2603 1909 2664 modo
1941 2603 2210 2684 disputat,

186 2690 333 2833 2:32³
350 2688 877 2845 fi‘lffffiofigffi.
891 2687 2210 2853 “31233322‘2’10³.⁶;⁰‘323”3..12³2'³„2252‘;

184 2870 323 2937 agat.
354 2862 489 2919 Non
515 2879 652 2938 ego,
684 2881 739 2919 v.
771 2858 867 2931 Ill,
900 2864 1001 2922 78.
1032 2859 1168 2919 Hor.
1202 2878 1329 2937 epp.
1362 2858 1408 2929 Ι,
1447 2862 1543 2930 19,
1577 2863 1682 2920 37.
1731 2860 1807 2917 Si
1825 2856 2001 2935 sorte
2027 2895 2107 2906 —
2131 2862 2211 2918 si-

182 2946 316 3022 quid
335 2955 383 3004 t.
414 2956 543 3023 apt.
578 2947 726 3015 exit,
761 2944 905 3005 haec
936 2955 1135 3023 aperte
1152 2946 1397 3002 imitatus
1430 2955 1520 3002 est
1538 2944 1765 3017 Quintil.
1794 2942 1921 3014 XII,
1958 2950 2055 3015 10,
2086 2949 2205 3007 26:

181 3028 295 3099 „Ita
332 3050 481 3089 nunc
517 3031 567 3089 si
609 3032 734 3109 quis
783 3028 855 3089 ad
900 3050 1002 3090 eas
1048 3028 1452 3089 Demosthenis
1497 3031 1773 3100 virtutes,
1816 3049 1956 3107 quas
2001 3030 2096 3090 ille
2128 3065 2213 3075 -

181 3113 384 3186 babuit,
417 3125 606 3175 tamen
624 3135 768 3196 quae
800 3113 1054 3175 defuisse
1085 3118 1139 3175 ei
1163 3112 1540 3186 —videntur,
1563 3112 1859 3185 adiecerit,
1888 3148 1969 3161 —
1989 3114 2210 3174 audiam

180 3196 470 3260 dicentem.
500 3199 630 3260 Non
675 3201 815 3261 fecit
858 3200 967 3260 hoc
1000 3200 1463 3260 Demosthenes?
1521 3210 1584 3258 et
1607 3201 1667 3258 si
1691 3202 1836 3277 quid
1858 3202 2076 3259 eoeierit
2101 3221 2212 3260 nn·-

180 3288 346 3344 ueris
386 3287 608 3362 aptius,
631 3284 905 3363 sortasse
939 3306 1054 3345 non
1080 3288 1291 3364 possit,
1340 3286 1450 3343 sed
1492 3295 1685 3344 tamen
1729 3287 1788 3342 si
1825 3288 1968 3362 quid
1995 3288 2217 3345 eoez'erit

178 3373 386 3447 optim,
420 3391 533 3430 non
564 3374 675 3431 erit
688 3370 936 3431 Atticum
954 3376 1022 3430 2⁶⁶
1052 3373 1243 3430 Exire
1277 3380 1462 3429 autem
1483 3369 1742 3429 dicuntur
1770 3390 1947 3447 opera
1979 3392 2053 3430 ex
2085 3372 2213 3430 offi-

180 3457 295 3514 cina
336 3456 430 3515 vel
473 3475 506 3515 e
553 3477 714 3516 manu
758 3456 1013 3529 artificis,
1056 3457 1149 3516 ubi
1200 3466 1478 3534 tamquam
1527 3458 1786 3535 perfecta
1832 3457 1886 3514 in
1933 3457 2210 3534 publicum

180 3543 516 3613 emittuntur,
548 3542 624 3601 cf.
657 3542 778 3601 Cic.
823 3541 1022 3620 parad.
1057 3562 1145 3621 pr.
1180 3546 1250 3603 5:
1308 3541 1440 3600 Non
1489 3551 1579 3600 est
1622 3542 1769 3609 enim
1818 3548 2030 3619 (opus),
2061 3552 2123 3600 ut
2157 3544 2211 3600 in

179 3644 304 3687 arce
334 3629 464 3705 poni
495 3628 694 3706 possit,
726 3630 887 3707 quasi
929 3627 1025 3686 illa
1053 3626 1312 3686 Minerva
1345 3624 1612 3698 Phidiae,
1659 3624 1763 3684 sed
1794 3637 2002 3695 tamen,
2046 3641 2106 3685 ut
2136 3647 2214 3685 ea:

181 3713 365 3770 eadem
405 3710 650 3790 officina
694 3714 887 3770 exisse
946 3722 1236 3791 appareat.
1282 3710 1585 3789 Angustia.
1634 3711 1754 3770 Civ.
1814 3709 1888 3771 D.
1954 3712 2076 3783 Vll,
2136 3717 2212 3774 4:

179 3794 471 3876 Tamquam
517 3799 751 3875 opifices
796 3799 851 3856 in
893 3799 1019 3857 vico
1060 3799 1424 3876 argentario,
1467 3797 1558 3855 ubi
1594 3817 1757 3856 unum
1808 3798 2120 3867 vasculum,
2155 3808 2214 3856 nt

178 3881 493 3960 perfectum
523 3893 721 3954 exeat,
771 3902 875 3959 per
918 3883 1121 3942 multos
1167 3884 1417 3941 artifices
1465 3885 1686 3940 transit.
1729 3881 1861 3941 Hor.
1894 3881 1966 3941 A.
2003 3882 2064 3940 Ρ.
2097 3888 2209 3945 22:

183 3967 283 4026 Cur
309 3987 521 4028 urceus
553 3970 721 4027 exit?
764 3967 852 4028 De
884 3968 1042 4028 libris
1074 3969 1198 4027 Cic.
1233 3967 1303 4026 ad
1333 3968 1512 4027 Attic.
1549 3966 1703 4038 Xlll,
1740 3971 1838 4039 13,
1877 3973 1931 4028 1.
1968 3970 2212 4045 Quando

180 4072 387 4114 cansam
419 4051 594 4126 addit,
626 4073 728 4115 cur
770 4064 882 4114 tam
930 4053 1248 4115 dubitanter
1279 4065 1339 4114 et
1370 4051 1626 4114 modeste
1659 4053 1953 4131 loquatur,
2006 4064 2066 4114 et
2099 4054 2208 4111 boc
