2764 4738
525 409 646 474 154
1239 411 1405 473 SAT.
1439 413 1535 483 111,
1564 419 1638 475 51
1676 445 1761 459 -
1792 419 1897 476 53.
2415 476 2428 508 ἱ

523 584 706 654 hatur,
766 585 919 640 sicot
946 579 1142 643 videre
1175 594 1267 642 est
1309 585 1367 641 in
1384 585 1619 663 ,pictura
1662 585 1891 663 antiqua
1923 581 2271 662 (Antiquites
2293 582 2363 641 d'
2395 584 2557 645 Herc.

522 669 565 738 I,
597 680 637 727 t.
669 672 798 738 32).
826 667 999 727 Errat
1028 681 1213 727 autem
1248 667 1442 728 Schol.
1475 670 1650 748 Cruq.
1686 669 1828 728 Hor.
1865 666 1936 727 A.
1971 667 2034 727 Ρ.
2071 673 2218 740 385,
2251 672 2300 728 si
2331 668 2559 729 eundem

524 755 665 813 facit
694 753 949 812 trochum
981 763 1042 813 et
1072 754 1350 813 turbinem
1378 779 1396 828 ς
1445 755 1680 815 trochus
1724 756 1870 814 enim
1902 765 2027 811 rota
2059 751 2186 824 ruit,
2218 774 2379 834 quem
2409 758 2563 832 virga

522 839 821 899 movebant
851 850 911 898 et
926 840 1202 916 regebant
1231 842 1412 918 pueri,
1431 852 1493 899 nt
1521 837 1689 898 hodie
1722 858 1943 919 quoque
1964 839 2063 910 (cl'.
2097 838 2239 898 Hor.
2269 860 2442 899 carm.
2472 839 2562 910 111,

522 930 627 996 24,
659 929 761 987 57.
811 924 977 1002 Prop.
1022 925 1121 996 IV,
1170 930 1247 987 13
1297 926 1419 1002 [111‚
1470 926 1595 1002 14],
1628 929 1686 987 6.
1735 925 1900 984 ovid.
1949 924 2124 983 Trist.
2173 925 2242 995 II,
2285 929 2431 988 486.
2474 926 2562 995 III,

531 1015 626 1083 12,
657 1009 992 1087 20.Rigalt.
1029 1009 1099 1068 ad
1119 1011 1338 1069 Artem.
1369 1020 1411 1068 t.
1444 1009 1493 1069 11
1527 1031 1579 1088 p.
1614 1014 1694 1072 35
1727 1008 1818 1069 ed.
1851 1008 2015 1068 Reiff.
2049 1010 2444 1069 Heius-Advv.
2474 1010 2562 1081 111,

528 1102 601 1158 11
653 1117 709 1176 p.
744 1100 891 1157 477.
937 1094 1132 1155 Elmsl.
1179 1094 1249 1155 ad
1291 1095 1429 1154 Eur.
1460 1093 1617 1155 Med.
1651 1099 1788 1173 ⁴6).
1851 1095 1905 1154 Is
1937 1096 1991 1153 in
2024 1097 2167 1154 artis
2199 1098 2563 1155 monumentis

524 1201 697 1326 {222⁶
728 1181 1173 1329 iiiiiidiu‘aii
1218 1180 1471 1325 iffi?
1490 1199 1805 1325 ffi'mffl
1842 1199 1904 1324 ir·
1927 1179 2564 1327 ?·1‘³⁵⁸¹¹‘33{‘2³⁸.{{¹;23·

525 1354 568 1423 I,
604 1357 729 1423 18),
772 1352 1001 1410 Amoris
1049 1286 1353 1424 (Panol'kigt,
1400 1351 1592 1429 Argos
1639 1351 1873 1429 Panopt.
1903 1360 1947 1409 t.
1982 1356 2044 1421 4,
2075 1355 2137 1412 2.
2183 1349 2254 1410 R.
2291 1351 2564 1411 Rochette

524 1438 677 1496 Mon.
709 1435 863 1497 Ined.
911 1446 952 1493 t.
997 1441 1142 1510 44),
1199 1438 1276 1495 cf.
1309 1436 1650 1495 Winckelm.
1681 1437 1836 1496 Mon.
1865 1434 2025 1496 Ined.
2065 1439 2206 1498 194.
2243 1441 2386 1499 195.
2422 1439 2560 1498 196.

524 1523 591 1582 R.
624 1522 905 1581 Rochette
934 1521 1087 1580 Mon.
1120 1520 1275 1582 Ined.
1314 1542 1366 1601 p.
1401 1526 1524 1584 233
1557 1541 1680 1601 sqq.

691 1629 745 1667 v.
781 1611 1078 1669 52—62.
1153 1608 1238 1665 Tu
1283 1617 1468 1665 tamen
1516 1627 1628 1665 non
1672 1616 1838 1683 potes
1883 1607 2201 1684 comparari
2230 1625 2444 1682 puero,
2473 1607 2565 1685 qui

525 1692 914 1772 philosophiae
959 1711 1190 1769 operam
1237 1689 1475 1760 dedisti,
1534 1701 1594 1749 et
1639 1689 1769 1770 quid
1811 1701 2025 1749 rectum
2069 1693 2144 1748 sit
2188 1690 2336 1750 hene
2383 1692 2564 1762 nosti3

524 1790 622 1836 tua
651 1780 823 1853 igitur
851 1775 1065 1834 desidia
1112 1777 1263 1834 nullo
1308 1774 1475 1833 modo
1520 1786 1710 1852 potest
1740 1777 2024 1834 excusari.
2095 1778 2301 1833 Mores
2333 1795 2565 1846 curvos,

526 1882 666 1943 quos
699 1865 949 1920 intortos
980 1863 1111 1920 alibi
1154 1872 1324 1921 vocat
1356 1861 1453 1933 (V,
1484 1865 1589 1933 38)
1639 1862 1999 1939 deprendere
2030 1859 2278 1920 didicisti
2310 1863 2567 1939 apposita

527 1966 701 2007 verae
748 1948 982 2005 rationis
1026 1947 1256 2024 regula,
1302 1947 1378 2005 cf.
1424 1947 1523 2016 lv,
1577 1951 1647 2007 11
1700 1967 1785 2026 sq.
1834 1946 2031 2005 Horat.
2078 1966 2208 2024 epp.
2255 1946 2326 2015 II,
2359 1951 2420 2016 2,
2450 1951 2565 2006 44:

528 2053 744 2103 „curvo
762 2031 1101 2110 dignoscere
1120 2039 1401 2091 rectum.“
1426 2031 1575 2089 Nota
1597 2032 1695 2089 tibi
1726 2042 1856 2089 sunt
1885 2030 2147 2108 dogmata
2178 2031 2568 2111 philosophiae

530 2118 792 2188 Stoicae,
854 2137 998 2196 quae
1046 2128 1106 2175 ut
1147 2128 1336 2175 notum
1382 2127 1474 2174 est
1516 2136 1717 2175 nomen
1750 2118 1974 2194 accepit
2002 2137 2036 2174 a
2077 2118 2298 2195 portien
2328 2113 2567 2196 ποικίλῃ

526 2203 697 2274 dicta,
729 2204 783 2261 in
815 2223 921 2282 qua
957 2204 1115 2260 Zeno
1149 2201 1439 2271 docuerat,
1470 2200 1638 2278 Diog.
1674 2201 1740 2260 L.
1773 2202 1897 2260 VII.
1932 2208 1969 2262 5
2000 2203 2078 2261 ib.
2113 2202 2348 2278 Menag.
2415 2200 2568 2259 Haec

528 2286 767 2348 Athenis
813 2290 867 2345 in
915 2289 1207 2347 Ceramico
1254 2288 1366 2345 sita
1409 2287 1883 2362 (Forchhammer
1924 2288 1981 2344 in
2029 2286 2178 2345 Kiel.
2221 2287 2358 2365 phil.
2409 2283 2567 2344 Stud.

526 2398 586 2454 p.
622 2380 747 2437 334
778 2380 894 2453 sq.)
936 2371 1161 2452 depicta
1192 2386 1318 2432 erat
1362 2393 1395 2432 a
1428 2371 1779 2451 Polygnoto,
1821 2374 2047 2433 Micone
2079 2383 2139 2431 et
2167 2372 2439 2453 Panaeno
2471 2373 2567 2445 (εἴ.

527 2460 807 2520 Zeitschr.
842 2460 882 2517 f.
914 2459 1246 2518 Alterthsw.
1279 2479 1332 2517 a.
1371 2462 1534 2520 1840
1568 2480 1620 2536 p.
1655 2463 1778 2520 830
1810 2467 1984 2538 sqq.).
2050 2458 2351 2517 Eminebat
2380 2468 2569 2516 antem

523 2548 675 2606 inter
705 2554 967 2624 quattuor
996 2546 1242 2622 picturas
1271 2564 1458 2622 pugna
1489 2543 1914 2602 Marathoniaca
1947 2544 2231 2621 (Bottiger
2259 2543 2570 2602 Archaeol.

525 2629 580 2690 d.
612 2631 747 2690 Mal.
779 2652 834 2708 p.
866 2633 991 2691 246
1037 2650 1158 2708 sqq.
1202 2629 1484 2699 Siebelis,
1514 2630 1762 2688 Amalth.
1799 2629 1847 2688 11
1877 2650 1931 2707 p.
1963 2634 2088 2691 252
2132 2649 2260 2708 sqq.
2295 2627 2365 2687 ad
2401 2628 2570 2687 Paus.

527 2716 572 2788 I,
609 2721 774 2788 15.)‚
818 2716 945 2773 hinc
991 2713 1126 2774 dicit
1167 2714 1398 2773 Persius
1439 2718 1713 2793 porticum
1759 2716 1955 2773 Medis
1985 2716 2216 2773 illitam.
2285 2715 2578 2773 Ille’nendi

526 2822 650 2861 voc.
684 2800 755 2859 ad
786 2801 1171 2879 quaestionem
1204 2798 1648 2871 diiudicandum,
1698 2810 1880 2859 utrum
1912 2801 2162 2878 parietes
2194 2801 2330 2876 picti
2363 2800 2575 2858 fuerint

527 2908 597 2945 an
631 2887 833 2944 tabulis
865 2887 1031 2964 pictis
1061 2887 1271 2955 vestiti,
1304 2886 1440 2943 nihil
1471 2884 1694 2943 videtur
1724 2887 2011 2944 conferre.
2100 2884 2244 2944 Nam
2276 2885 2416 2942 illini
2450 2885 2571 2964 qui-

528 2971 650 3030 dem
681 2969 752 3030 de
783 2972 851 3029 iis
883 2970 1054 3029 rebus
1085 2982 1421 3049 usurpatur,
1468 2991 1699 3050 quarum
1731 2971 2060 3049 superficies
2091 2970 2381 3029 coloribus
2412 2991 2576 3042 auro,

528 3058 796 3115 similibus
843 3055 1153 3128 inducitur3
1215 3075 1506 3125 marmor,
1575 3067 1824 3127 tectum,
1888 3058 2160 3134 porticus
2203 3076 2359 3113 auro
2407 3055 2573 3128 (Plin.

526 3140 793 3213 XXXIII,
826 3145 886 3213 3,
918 3145 1020 3203 20.
1057 3141 1264 3201 Senec.
1310 3161 1443 3224 epp.
1478 3142 1678 3213 CXIX,
1715 3147 1812 3203 11.
1857 3141 2120 3219 Calpurn.
2164 3141 2273 3200 ecl.
2308 3140 2435 3211 VII,
2467 3148 2574 3211 47)

529 3230 706 3286 cados
731 3247 918 3304 gypso
952 3227 1123 3298 (Plin.
1148 3227 1356 3296 XVIII,
1390 3232 1491 3298 31,
1524 3232 1650 3299 73),
1683 3228 1943 3286 tabulam
1987 3237 2321 3286 atramento
2353 3228 2577 3286 illinere

531 3312 700 3383 (Plio.
735 3311 982 3382 XXXV,
1031 3318 1131 3384 10,
1162 3317 1266 3384 36,
1298 3317 1405 3384 97)
1455 3333 1564 3370 non
1611 3313 1779 3371 aliter
1809 3324 1998 3390 potest
2025 3314 2265 3390 intelligi
2299 3311 2474 3383 (unde
2506 3312 2575 3371 R.

528 3396 792 3457 Rochett.
839 3397 1284 3467 animadversio,
1328 3400 1502 3476 peint.
1550 3409 1670 3457 aut.
1727 3398 1877 3457 ined.
1924 3418 1978 3476 p.
2030 3403 2170 3469 158,
2204 3398 2342 3456 nihil
2374 3399 2578 3470 valet),

530 3502 705 3562 quare
738 3485 906 3541 etiam
936 3484 995 3543 h.
1034 3484 1071 3542 1.
1105 3484 1570 3563 simplicissimum
1603 3495 1695 3542 est
1738 3482 1811 3542 de
1841 3485 2078 3561 picturis
2110 3486 2165 3542 in
2195 3485 2323 3561 ipso
2354 3486 2578 3562 pariete

530 3569 810 3628 consectis
841 3571 1129 3646 cogitarez
1162 3589 1354 3628 verum
1371 3570 1480 3628 hoc
1511 3589 1621 3627 non
1653 3579 1843 3649 potest
1872 3571 2063 3647 urgeri
2093 3572 2148 3627 in
2179 3580 2378 3648 poeta,
2410 3589 2580 3648 prae-

531 3655 725 3711 sertim
757 3673 881 3712 cum
912 3655 1092 3730 ipsum
1124 3653 1369 3714 illinendi
1415 3675 1542 3713 voc.
1590 3654 1660 3714 de
1690 3654 1897 3713 talibus
1928 3656 2164 3732 picturis
2195 3676 2307 3713 non
2342 3658 2420 3713 sit
2449 3675 2582 3734 pro-

530 3741 729 3817 prium.
774 3739 970 3817 Itaque
1002 3743 1251 3818 porticus
1278 3737 1460 3798 Medis
1504 3740 1643 3798 illita
1685 3740 1819 3798 nihil
1851 3740 2130 3817 significat
2162 3743 2271 3798 nisi
2300 3745 2580 3819 porticum

531 3826 747 3901 pictura
791 3822 1151 3896 decoratam,
1212 3844 1356 3903 quae
1387 3823 1590 3884 Medos
1635 3826 2133 3904 repraesentabat,
2197 3825 2425 3885 modum
2472 3848 2581 3886 non

531 3909 758 3969 indicat.
795 3908 1071 3987 Synesius
1117 3922 1304 3969 autem
1349 3915 1509 3987 (epp.
1559 3911 1710 3970 LIV.
1760 3910 2074 3983 CXXXV.)
2120 3911 2347 3970 tabulas
2400 3914 2582 3989 pictas

534 3998 713 4055 fuisse
746 4005 958 4065 narrat,
989 3994 1136 4054 haud
1169 3996 1339 4054 multo
1371 4006 1503 4053 ante
1535 4014 1588 4053 a.
1621 4016 1674 4073 p.
1709 3996 1842 4053 Chr.
1872 4001 1997 4057 402
2030 3996 2301 4056 sublatas.
2336 3996 2432 4058 Cr.
2471 3998 2584 4059 Le-

534 4095 751 4154 tronne‚
783 4082 985 4140 lettres
1015 4080 1145 4141 d'nn
1191 4083 1362 4159 antiq.
1396 4102 1450 4158 p.
1490 4084 1624 4144 194
1641 4101 1765 4161 sqq.
1800 4080 1866 4139 R.
1901 4080 2204 4154 Rochette,
2237 4084 2417 4162 peint.
2455 4094 2578 4145 ant.

628 4510 745 4625 Κ
