2764 4738
886 414 1050 475 SAT.
1086 416 1183 486 Vl,
1216 420 1299 479 46
1329 451 1409 461 —
1438 419 1538 477 50.
2130 412 2258 478 223

209 587 366 645 Hune
398 586 647 645 colorem
679 590 932 645 caustica
964 607 1159 666 spuma
1192 589 1393 645 imitari
1428 586 1619 660 (Mart.
1647 585 1796 657 vm,
1829 589 1930 655 33,
1962 590 2065 647 20.
2098 586 2253 658 XIV,

205 675 355 746 26),
403 683 464 730 et
501 670 771 730 venalitia
811 692 968 731 coma
1016 675 1093 731 ita
1125 673 1377 732 colorata
1410 675 1491 731 uti
1535 673 1676 744 (Iuv.
1709 670 1809 740 Vl,
1849 675 1985 732 120.
2019 671 2249 730 Petron.

211 761 330 819 110
378 758 454 814 ib.
502 756 732 828 Gons.),
786 758 947 815 luxus
978 759 1086 816 iam
1121 757 1429 829 docuerat,
1474 758 1551 816 cf.
1585 756 1867 834 Buttiger,
1913 755 2106 814 Sabin.
2138 757 2162 816 1
2192 778 2248 836 p.

211 848 322 904 141
352 863 436 920 sq.
495 846 614 903 160
633 862 718 921 sq.
780 842 854 901 Ut
884 843 1156 921 Caligula,
1200 845 1275 901 ita
1322 843 1670 901 Domitianus
1713 862 1934 923 qnoque
1983 843 2181 900 falsum
2217 862 2250 901 e

205 927 510 986 Germania
540 928 873 1005 triumphum
906 931 1057 1006 egit,
1104 931 1306 1007 emptis
1338 948 1444 1006 per
1472 929 1846 997 commercia,
1887 947 2117 1006 quorum
2151 927 2250 986 ha-

206 1012 353 1071 bitus
387 1022 450 1070 et
479 1015 665 1071 crines
698 1016 754 1070 in
787 1017 1135 1091 captivorum
1169 1015 1419 1091 speciem
1452 1015 1834 1071 formarentur
1865 1013 2028 1085 (Tac.
2049 1012 2248 1089 Agrie.
2290 1084 2293 1087 ⁴

204 1101 332 1168 39).
394 1099 622 1156 Esseda
644 1142 661 1166 ,
697 1118 955 1157 curruum
989 1119 1206 1174 genuS,
1239 1120 1349 1178 quo
1385 1098 1526 1157 Galli
1557 1110 1615 1156 et
1646 1098 1897 1156 Britanni
1928 1097 2250 1168 utebantur,

205 1184 281 1241 cf.
311 1183 488 1242 Caes.
528 1183 593 1241 B.
624 1182 688 1241 G.
721 1181 819 1254 IV,
849 1188 950 1245 33.
997 1183 1135 1242 Tac.
1169 1183 1366 1261 Agric.
1404 1187 1486 1245 35
1519 1184 1593 1242 ib.
1628 1185 1801 1261 intpp.
1839 1183 2001 1261 Virg.
2037 1182 2248 1261 Georg.

204 1268 298 1338 111,
328 1272 478 1329 204.
522 1271 800 1345 Ingentes
848 1269 1074 1327 ahenos
1093 1312 1114 1339 ,
1170 1267 1348 1328 Rheni
1381 1266 1531 1328 fluvii
1565 1270 1898 1340 simulacra,
1943 1289 2067 1326 uam
2101 1269 2251 1327 sole-

204 1354 339 1411 bant
369 1356 423 1411 in
457 1354 733 1432 triumpho
762 1364 996 1432 praeter
1022 1356 1276 1432 captivos
1308 1355 1610 1413 simulacra
1635 1356 1919 1423 montium,
1951 1355 2250 1425 fluminum,

205 1439 546 1517 proeliorum
578 1437 810 1516 produci
844 1439 1007 1511 (Tac.
1035 1440 1184 1498 Ann.
1214 1438 1283 1510 11,
1317 1445 1355 1500 4
1389 1440 1460 1498 cl.
1495 1438 1655 1498 Ovid.
1685 1459 1743 1499 a.
1775 1458 1830 1499 a.
1857 1438 1900 1510 Ι,
1928 1442 2053 1501 220
2081 1448 2252 1518 sqq.),

207 1543 314 1581 non
363 1524 545 1581 solum
590 1523 792 1582 tabulis
839 1526 1025 1603 picta,
1072 1524 1173 1584 sed
1217 1527 1416 1583 statuis
1463 1545 1684 1604 quoque
1715 1534 2149 1603 repraesentata
2180 1543 2254 1583 ex

205 1611 420 1678 ebore,
469 1609 619 1686 ligno
668 1609 880 1683 (Quint.
910 1608 1010 1681 Vl,
1040 1614 1100 1680 3,
1134 1616 1233 1682 7),
1281 1611 1508 1670 metallo
1555 1608 1776 1682 (Claud.
1819 1608 1890 1668 de
1929 1630 2086 1668 cons.
2125 1609 2250 1668 Stil.

208 1693 299 1759 lIl,
328 1698 414 1755 22
430 1701 541 1773 sq.)
576 1695 774 1766 factis,
807 1696 883 1754 cf.
918 1715 1062 1775 quae
1095 1696 1354 1775 exempla
1385 1694 1616 1773 collegit
1646 1693 1713 1752 R.
1744 1695 2019 1753 Rochette
2053 1698 2251 1770 (peint.

207 1790 324 1837 ant.
348 1778 898 1860 ined.p.314sqq.),
932 1782 1023 1860 qui
1057 1791 1240 1839 tamen
1274 1782 1480 1839 tabulis
1512 1782 1736 1839 nimium
1769 1781 1981 1839 favisse
2012 1779 2250 1838 videtur.

207 1865 416 1923 Illustri
449 1865 711 1942 exemplo
743 1876 836 1924 est
865 1865 1239 1944 anaglyphum
1270 1869 1321 1924 in
1355 1886 1494 1924 arcu
1525 1865 1657 1936 Titi,
1690 1866 1782 1924 ubi
1812 1867 1962 1924 inter
1993 1866 2253 1942 triumphi

207 1961 540 2028 apparatum
586 1951 857 2030 reliquum
901 1963 1158 2030 portatur
1200 1953 1365 2010 etiam
1412 1949 1665 2009 Iordanis
1710 1952 1858 2009 lluvii
1891 1961 2079 2009 statua
2110 1950 2254 2023 (Ad-

210 2037 331 2093 mir.
368 2044 408 2092 t.
446 2040 503 2096 6.
536 2036 759 2095 Muller.
795 2058 937 2095 mon.
979 2047 1087 2094 art.
1121 2049 1236 2095 ant.
1269 2037 1312 2106 1,
1345 2047 1385 2094 t.
1421 2041 1521 2107 65,
1553 2041 1678 2098 345
1717 2042 1795 2108 a).
1873 2034 1934 2094 ln
1977 2036 2255 2112 triumpho

208 2119 547 2180 Germanico
590 2121 803 2192 Rheni,
847 2143 958 2201 quo
990 2122 1213 2180 devicto
1245 2133 1543 2199 tantopere
1576 2123 1810 2198 gloriari
1850 2122 2112 2180 amabant
2143 2121 2255 2179 Ro-

208 2206 565 2274 mani(Mart.
583 2207 650 2277 11,
677 2211 737 2278 2,
758 2211 815 2268 3.
848 2206 1129 2276 1x‚1‚3)‚
1163 2210 1345 2284 imago
1378 2206 1584 2266 deesse
1620 2228 1725 2266 non
1760 2218 2007 2286 poterat.
2058 2207 2253 2286 Itaque

208 2289 279 2349 de
314 2290 485 2349 Drusi
518 2293 794 2372 triumpho
827 2292 1057 2351 Ovidius
1104 2293 1301 2365 (Trist.
1335 2292 1433 2363 IV,
1467 2297 1526 2362 2,
1559 2298 1632 2353 41
1660 2300 1803 2373 sq.):
1853 2292 2131 2351 Cornibus
2165 2294 2254 2350 hic

210 2377 409 2436 fractis
453 2378 614 2435 viridi
661 2379 806 2438 male
852 2391 1036 2437 tectus
1080 2381 1149 2435 ab
1195 2380 1325 2437 ulva
1369 2377 1620 2437 Decolor
1662 2384 1785 2457 ipse
1828 2399 1932 2437 suo
1981 2380 2256 2455 sanguine

212 2461 441 2520 Rhenus
488 2466 631 2534 erit,
676 2465 752 2522 cf.
799 2484 928 2541 epp.
978 2464 1070 2535 lIl,
1116 2469 1176 2533 4,
1222 2468 1361 2525 107.
1409 2464 1621 2522 Lucan.
1654 2464 1748 2534 1¹1,
1778 2469 1859 2525 75
1880 2484 2004 2543 sqq.
2062 2464 2254 2522 Facile

209 2558 397 2606 autem
442 2560 629 2625 potest
676 2551 941 2626 intelligi,
984 2552 1037 2607 in
1088 2548 1378 2627 splendida
1425 2570 1624 2627 pompa
1672 2550 1852 2608 Rheni
1897 2550 2255 2607 simulacrum

210 2634 421 2711 pluries
457 2635 706 2709 produci.
767 2634 921 2693 Haec
955 2636 1127 2712 igitur
1156 2637 1384 2693 occasio
1432 2647 1540 2692 tam
1576 2636 1723 2692 festa
1757 2645 1816 2692 et
1847 2635 1996 2692 laeta
2028 2645 2151 2703 est,
2199 2646 2258 2691 ut

210 2723 262 2776 in
312 2720 584 2777 honorem
628 2722 865 2778 deorum
911 2730 969 2778 et
1008 2722 1181 2796 genii
1219 2722 1387 2778 ducis
1432 2718 1617 2793 (Ovid.
1656 2722 1782 2778 l‘ast.
1821 2718 1891 2792 V,
1921 2724 2102 2790 145),
2164 2721 2256 2797 qui

208 2804 435 2882 publice
480 2804 776 2869 colebatur
822 2807 922 2877 (cf.
958 2805 1296 2883 Hertzherg.
1344 2804 1417 2863 de
1450 2803 1553 2861 diis
1586 2803 1745 2863 Rom.
1778 2814 1921 2883 patr.
1956 2803 1999 2874 1,
2038 2809 2137 2871 18)
2186 2805 2258 2861 ob

208 2909 305 2948 res
351 2891 594 2965 egregie
637 2900 842 2966 gestas
886 2901 1112 2948 centum
1136 2892 1322 2969 paria
1354 2888 1721 2967 gladiatorum
1756 2888 1918 2963 (Hor.
1955 2900 2061 2947 sat.
2095 2890 2162 2959 Il,
2198 2894 2258 2960 3,

208 2979 290 3036 85
320 2981 440 3052 sq.)
488 2976 760 3033 inducam
804 2977 905 3047 (cf.
958 2974 1118 3033 Suet.
1157 2974 1356 3034 Claud.
1406 2979 1533 3047 34).
1595 2976 1812 3033 Ducem
1850 2974 2060 3034 acerbe
2092 2985 2261 3032 vocat

209 3060 556 3135 Caligulam,
590 3062 748 3138 quasi
782 3080 918 3118 vere
953 3060 1154 3119 bellum
1190 3061 1334 3119 bene
1364 3062 1647 3138 gesserit,
1699 3059 1956 3118 similiter
1988 3060 2259 3118 Domitia-

208 3166 335 3203 num
386 3145 665 3203 luvenalis
711 3144 833 3215 (lV,
882 3151 1001 3207 145
1046 3146 1118 3204 cl.
1158 3146 1362 3204 Markl.
1410 3144 1483 3204 ad
1529 3145 1674 3205 Stat.
1725 3144 1862 3203 Silv.
1904 3144 2001 3215 IV,
2036 3149 2091 3215 1,
2128 3149 2257 3215 46).

210 3230 592 3289 Gladiatorum
628 3250 859 3289 munera
892 3251 1000 3289 non
1033 3233 1210 3289 solum
1243 3233 1296 3289 in
1332 3230 1661 3302 funeribus,
1711 3229 1810 3290 sed
1856 3232 2078 3288 omnino
2109 3231 2260 3289 festa

208 3317 517 3375 occasione
565 3317 764 3392 privati
810 3314 1089 3387 edebant,
1135 3328 1197 3374 ut
1240 3317 1430 3395 populi
1461 3319 1698 3393 gratiam
1732 3327 2064 3394 captarent,
2113 3316 2260 3394 quod

209 3403 483 3459 innumeri
520 3399 735 3478 lapides
766 3412 1068 3459 testantur.
1108 3400 1296 3481 Atque
1329 3401 1438 3460 hoc
1471 3403 1637 3459 etiam
1673 3420 1774 3478 pro
1807 3401 1987 3459 salute
2021 3403 2261 3478 impera-

211 3499 393 3544 torum
429 3486 747 3556 faciebant,
780 3488 855 3544 cf.
894 3484 1054 3544 Grut.
1085 3507 1138 3563 p.
1171 3492 1318 3556 475,
1349 3490 1387 3548 3
1423 3487 1486 3544 C.
1519 3486 1741 3545 TITIO.
1777 3485 2154 3545 CHRESIMO
2176 3519 2264 3529 —-

211 3570 446 3644 QVOD.
499 3570 663 3629 PRO.
714 3570 1035 3643 SALVTE,
1080 3572 1196 3630 ΕΤ.
1254 3571 1800 3631 INDVLGENTIA.
1849 3569 2201 3629 IMPERAT.
2251 3568 2262 3651 Ι

208 3654 610 3715 ANTONINI.
650 3655 762 3713 PII.
798 3656 1108 3715 FELICIS.
1145 3657 1262 3715 ET.
1299 3657 1424 3715 EX.
1456 3656 1953 3715 VOLVNTATE.
1991 3655 2265 3714 POPVLI

214 3743 225 3822 Ι
270 3740 562 3800 MVNVS.
637 3741 1025 3800 FAMILIAE.
1094 3741 1688 3801 GLADIATORIAE.
1739 3741 1863 3799 Ex.
1912 3740 2261 3799 PECVNIA.

213 3824 364 3886 SVA
428 3824 437 3907 Ι
505 3824 721 3886 ΒΙΕΜ.
785 3826 1198 3887 PRIVATVM.
1259 3825 1699 3886 SECVNDVM.
1760 3825 2259 3885 DIGNITATEM.

215 3910 599 3971 COLONIAE
641 3908 653 3993 Ι
692 3911 1074 3971 EDIDERIT.
1129 3923 1306 3983 eett.,
1367 3913 1445 3971 ef.
1491 3911 1650 3991 Lips.
1686 3910 1806 3970 Sat.
1852 3932 2024 3970 serm.
2072 3910 2117 3982 1,
2165 3915 2263 3972 10.

220 3997 361 4070 Quis
410 4002 619 4055 vetat?
663 3999 856 4056 aude!
909 3998 1070 4077 quasi
1117 3996 1500 4076 indignantem
1543 3997 1738 4057 videat
1781 3996 2086 4070 heredem3
2130 4016 2263 4067 vae,

213 4084 335 4140 nisi
360 4084 677 4141 connives!
718 4082 1039 4143 Liberalius
1072 4085 1242 4143 etiam
1271 4102 1436 4163 agam
1486 4093 1546 4143 et
1588 4093 1822 4161 praeter
1865 4080 2029 4142 ludos
2075 4083 2262 4140 oleum
