2764 4738
886 379 1622 446 PROLEGOMENA.
2120 402 2269 447 eux

212 559 586 641 interpretes
632 555 1071 620 numerandum
1115 573 1277 619 esse.
1348 548 1765 638 Intelligemus
1806 560 2007 616 autem
2054 550 2273 617 flete·-

216 659 423 723 nium
462 666 487 701 ²
542 658 981 734 Acrouem,
1069 655 1171 739 qui
1250 652 1614 721 Terentium
1687 654 2119 739 interpretatus
2179 666 2276 720 est

215 758 566 843 (Schopeu.
616 759 692 823 de
740 756 896 823 Ter.
944 769 1007 822 et
1050 756 1214 822 Don.
1262 778 1326 843 p.
1374 756 1460 823 39
1489 776 1580 840 sq.
1635 755 1957 841 Suringar.
1992 757 2036 821 l.
2071 757 2115 820 1.
2146 754 2179 820 1
2209 779 2268 841 pa

215 858 304 926 90
334 859 542 945 sqq.),
591 870 655 924 et
685 860 853 925 cuius
885 862 946 924 in
989 858 1320 923 Horatium⁴
1351 859 1765 925 commentarii
1809 867 2120 944 prostant,
2167 879 2277 925 ve·

218 985 352 1028 rum
386 973 708 1046 tantopere
737 960 1083 1046 interpolati
1117 972 1180 1025 et
1209 963 1501 1048 corrupti,
1535 974 1599 1026 ιιι
1629 962 1772 1026 inde
1806 962 1880 1024 de
1912 962 2043 1026 eius
2075 972 2276 1027 aetate

220 1067 370 1130 nibil
415 1068 611 1150 possit
652 1065 799 1129 effici
844 1067 954 1144 (cf.
998 1084 1151 1149 quae
1202 1068 1515 1149 congessit
1560 1060 1885 1148 Suringar.
1937 1063 1978 1126 1.
2013 1064 2057 1127 l.
2093 1060 2185 1127 111
2214 1085 2274 1150 p.

221 1169 265 1234 8
294 1174 491 1253 sqq.).
566 1163 638 1229 Id
690 1176 923 1230 tantum
978 1176 1222 1231 constat
1258 1166 1494 1231 vixisse
1538 1186 1674 1230 eum
1717 1177 1863 1230 ante
1908 1162 2277 1246 Charisium,

224 1271 397 1336 euius
442 1281 647 1333 tamen
679 1279 848 1332 aetas
879 1289 994 1333 uec
1027 1269 1154 1353 ipsa
1186 1280 1356 1333 certa
1402 1280 1498 1333 est
1539 1267 1652 1352 (cf.
1690 1265 1928 1332 Osann.
1965 1269 2008 1331 1.
2043 1268 2087 1331 1.
2121 1264 2184 1330 11
2214 1289 2274 1354 p.

223 1371 355 1437 319
380 1374 572 1454 sqq.).
618 1368 715 1435 De
747 1391 823 1435 eo
856 1370 1037 1454 igitur
1066 1372 1216 1436 nihil
1247 1371 1500 1454 amplius
1531 1370 1689 1433 tradi
1718 1380 1917 1453 potest
1951 1376 1998 1432 2.
2048 1366 2279 1435 Verum

223 1485 435 1539 tamen
479 1473 554 1538 ad
602 1493 738 1538 eum
779 1471 935 1537 haud
985 1472 1464 1557 improbabiliter
1520 1472 1663 1536 mihi
1706 1475 1943 1537 referre
1988 1473 2282 1554 quaedam

227 1577 483 1655 videor,
533 1594 686 1658 quae
738 1576 898 1659 apud
930 1571 1262 1640 Cornutum
1302 1575 1623 1659 leguntur,
1668 1595 1799 1637 eum
1848 1573 2120 1638 doctiora
2159 1575 2285 1640 sint

226 1699 403 1761 quam
449 1698 562 1763 pro
607 1676 736 1741 eius
782 1687 1018 1753 aetate,
1078 1695 1271 1759 neque
1316 1686 1523 1740 tamen
1567 1674 1629 1738 iu
1673 1671 1983 1739 Valerium
2015 1673 2281 1741 Probum

229 1782 458 1845 eadere
501 1779 848 1843 videantur.
911 1777 1062 1842 Non
1107 1777 1273 1861 quasi
1315 1796 1442 1840 non
1472 1776 1846 1860 intelligam,
1894 1798 2068 1862 quam
2099 1779 2286 1843 lubri-

228 1904 337 1947 ωε
368 1882 496 1946 siut
524 1881 678 1944 tales
709 1879 1122 1966 quaestiones»,
1172 1897 1387 1945 verum
1414 1879 1503 1943 ita
1534 1880 1609 1944 de
1639 1880 1732 1945 his
1762 1880 1945 1946 rebus
1977 1882 2283 2017 aptissime

226 1982 613 2050 tractabitur.

404 2116 545 2181 Huc
572 2116 760 2202 igitur
785 2118 991 2180 refero
1036 2112 1500 2182 observationes
1544 2116 1618 2181 de
1648 2118 1784 2183 loco
1816 2116 1916 2181 ubi
1948 2116 2151 2202 puteal
2179 2115 2284 2181 Li-

228 2221 411 2286 bonis
442 2220 622 2284 situm
651 2219 733 2282 sit
762 2214 910 2302 (IV,
942 2217 1090 2304 49),
1127 2220 1202 2283 de
1234 2216 1490 2283 Bovillis
1522 2229 1584 2283 et
1611 2219 1820 2285 Aricia
1853 2215 1995 2306 (VI,
2017 2218 2121 2283 55.
2145 2216 2281 2304 56),

231 2325 348 2390 hue
379 2323 652 2403 scholia,
698 2320 760 2385 in
807 2320 1020 2405 quibus
1061 2341 1265 2387 mores
1310 2319 1728 2387 Romanorum
1770 2323 1946 2388 docte
1980 2322 2289 2387 illustran-

230 2439 371 2506 tur,
436 2448 496 2491 e.
549 2448 612 2510 g.
660 2421 960 2490 Varronis
1002 2421 1347 2488 testimonio
1398 2423 1664 2489 adhibito
1726 2420 1810 2505 (I,
1858 2421 1966 2488 72.
2012 2421 2096 2502 11,
2142 2422 2283 2509 69),

230 2530 405 2596 velut
448 2528 595 2592 illud
637 2526 796 2613 quod
843 2526 917 2591 de
949 2523 1091 2590 dote
1123 2524 1379 2590 traditur
1409 2520 1526 2610 (Π,
1562 2524 1673 2613 14)
1702 2526 1784 2590 ita
1806 2572 1826 2606 ,
1872 2535 1938 2590 ut
1978 2526 2289 2611 antiquum

238 2750 262 2803 Ι
302 2748 566 2802 Helenius
597 2763 703 2867 ἕνα
752 2745 978 2798 Helenus
1021 2746 1257 2800 restituit
1305 2745 1553 2799 Ritschel.
1609 2746 1697 2813 (de
1747 2753 1880 2798 vett.
1918 2745 2086 2798 Plauti
2125 2749 2287 2816 intpp.

301 2835 356 2886 p.
396 2818 592 2940 gzulpu
663 2815 832 2867 Rufio.
871 2832 922 2884 p.
960 2815 1290 2882 2⁷1³‚iden
1327 2818 1537 2868 videtur
1570 2816 1858 2868 faciendum
1894 2816 2028 2884 apud
2052 2815 2288 2869 Cassiod.

302 2901 357 2955 p.

233 2975 269 3028 2
305 2972 473 3024 fleur.
514 2971 755 3022 Ernstius
792 2970 951 3031 (varr.
993 2969 1131 3021 obss.
1171 2969 1211 3035 1,
1252 2967 1306 3035 7)
1341 2973 1467 3022 haec
1505 2978 1720 3022 narrat.
1777 2969 1972 3037 Reperi
1999 2969 2296 3022 Mediolani

304 3046 366 3092 iu
404 3040 723 3091 bibliotheca
770 3039 1128 3090 Ambrosiam
1177 3038 1294 3091 cod.
1349 3043 1789 3107 antiquissimum
1836 3039 2045 3091 calamo
2095 3054 2293 3091 exara-

307 3116 429 3161 tum
445 3147 464 3173 ,
504 3112 660 3159 cuius
694 3123 851 3159 usum
897 3109 1036 3159 milti
1067 3112 1334 3159 concessit
1369 3109 1572 3160 Franc.
1612 3107 1936 3160 Remu-din.
1973 3107 2286 3173 Ferrarius,

306 3183 398 3230 vir·
438 3193 546 3229 uon
594 3177 770 3228 solum
815 3177 1033 3242 elegans
1077 3181 1137 3227 et
1176 3177 1396 3240 doctus,
1463 3193 1649 3228 verum
1694 3179 1857 3228 bonus
1906 3181 1962 3227 et
2004 3180 2293 3228 rarissima

304 3249 647 3298 humanitate
692 3245 1014 3311 praeditus,
1060 3248 1119 3295 in
1172 3261 1278 3311 quo
1326 3247 1409 3296 ita
1444 3249 1714 3311 scriptum
1748 3249 1905 3296 erat.-
1955 3245 2007 3295 A
2021 3261 2190 3297 eron
2226 3248 2293 3296 in

306 3317 637 3368 Persium
676 3328 783 3380 pro
834 3312 1193 3364 Cornutus
1238 3318 1311 3365 in
1355 3311 1696 3366 Persium.
1765 3314 1912 3366 Idem
1958 3319 2082 3366 erat
2135 3314 2292 3379 liber,

306 3387 411 3451 qui
448 3383 691 3435 Cornuto
743 3381 888 3432 alias
938 3381 1286 3434 adscribitur.
1344 3383 1523 3438 Faveo
1541 3420 1557 3445 ,
1595 3389 1662 3434 ut
1694 3397 1879 3434 verum
1914 3381 2126 3444 dicam,
2166 3383 2296 3434 huic

306 3455 644 3513 sententiae,
683 3466 803 3501 cum
840 3451 904 3500 ob
939 3453 1155 3516 antiqui
1182 3451 1379 3502 codicis
1416 3456 1832 3516 auctoritatem,
1871 3456 1985 3502 tum
2021 3452 2085 3502 ob
2119 3452 2298 3516 affini-

310 3527 490 3573 tatem
522 3525 784 3571 sermom's
819 3533 940 3569 cum
976 3521 1135 3601 aliis,
1184 3534 1414 3585 quorum
1448 3520 1630 3571 Acron
1664 3525 1859 3572 auctor
1891 3519 2110 3571 dieitur.
2181 3517 2294 3570 Non

311 3590 670 3711 inpirpgarpnlt
688 3589 1156 3707 Ιιιὲιζοὲουιειιιιιιιει
1185 3587 1425 3708 VgnoenL.
1452 3588 1688 3641 Placcius
1714 3589 1871 3721 cisatgl.
1897 3590 2295 3708 pteudouzmror.

540 3675 569 3709 e
652 3674 682 3706 o
888 3672 969 3707 ius
1006 3671 1034 3706 a
1144 3673 1218 3707 cri
1256 3673 1317 3707 ou
1426 3673 1486 3708 ar
1523 3673 1602 3709 um
1891 3673 1925 3707 u
1985 3672 2138 3708 narra
2243 3672 2295 3708 a-

349 3728 512 3778 ricius
561 3726 698 3778 Bibl.
734 3723 852 3776 Lat.
895 3723 936 3775 ΙΙ
972 3740 1024 3791 p.
1065 3726 1200 3789 165,
1250 3726 1335 3776 cui
1386 3673 1554 3777 tamin
1603 3674 1702 3776 ngn
1737 3726 2031 3793 persuasit,
2084 3726 2162 3777 uti
2199 3740 2296 3778 nee

310 3795 538 3849 Funeeio
592 3794 656 3845 de
703 3793 843 3845 imm.
893 3792 955 3843 L.
994 3787 1056 3845 1..
1094 3809 1207 3847 sen.
1248 3794 1315 3860 V,
1353 3796 1441 3850 2⁰.
1527 3793 1655 3847 Mihi
1702 3810 1799 3845 non
1852 3793 1950 3846 suit
1998 3810 2297 3847 concessum

313 3868 367 3918 iu
419 3866 553 3916 hunc
598 3877 704 3914 rem
755 3863 1052 3914 accuratius
1104 3863 1401 3930 inquirere,
1466 3879 1582 3915 uam
1645 3878 1756 3916 eum
1807 3863 1887 3914 bis
1936 3863 2136 3931 aliquot
2186 3864 2297 3916 dies

311 3932 597 3987 Mediolani
635 3938 881 3983 versatus
917 3931 1048 3992 aim,
1098 3932 1437 3984 Ambrosiana
1473 3949 1570 3984 nou
1608 3931 1760 3985 licuit
1793 3934 1891 3984 uti.
1951 3932 2170 3984 Aeronis
2205 3933 2298 3983 boa

312 4002 707 4055 commentarios
752 4016 867 4052 esse
918 3999 1060 4050 nullo
1107 4002 1255 4053 modo
1289 4001 1435 4053 credi
1470 4009 1668 4068 potest,
1715 4001 1939 4098 fortasse
1974 4006 2145 4054 tamen
2178 4001 2297 4053 iude

311 4070 685 4134 confirmatur,
720 4070 976 4121 Aci-onem
1010 4068 1244 4123 Persium
1279 4071 1588 4138 explicasse.
