2764 4738
472 415 645 463 cxcn
1135 393 1857 457 PRoLEGoMENA.

469 565 608 630 dum
637 574 706 630 ut
736 563 978 630 videtur
1007 584 1142 631 cum
1170 580 1241 630 ν.
1270 562 1483 628 cerdo.
1539 562 1657 630 Vs,
1691 560 1778 629 52
1805 574 2006 630 autem
2036 584 2178 629 voc.
2211 573 2321 643 ut,
2368 586 2526 651 quae

471 666 817 751 explicandi
874 667 1070 752 gratia
1126 665 1301 730 initio
1357 666 1662 751 adscripta
1708 687 1849 731 esse
1893 667 2175 745 videtur,
2221 668 2285 731 in
2333 667 2528 733 verba

468 768 783 852 scriptoris
826 768 1124 833 inculcata
1166 778 1284 832 est.
1374 765 1552 850 Quod
1599 766 1682 847 V,
1729 765 1814 831 64
1860 767 2001 853 Mp.
2055 769 2235 835 Rom.
2298 768 2528 833 babent

459 872 772 956 puerique
808 890 1110 955 senesque
1152 890 1261 954 pro
1308 870 1695 955 iuvenesque
1722 890 2021 955 senesque
2074 870 2133 934 id
2190 872 2525 936 memoriae

465 973 567 1037 vel
598 973 809 1037 calami
841 973 1043 1055 lapsus
1075 991 1212 1037 esse
1257 970 1539 1047 videtur3
1598 982 1663 1034 at
1692 991 1788 1036 vs·
1822 968 1908 1036 78
1949 983 2253 1037 momento
2293 983 2525 1059 tempo-

465 1076 563 1139 ris
590 1095 698 1158 pro
729 1095 812 1136 m.
846 1073 1115 1138 turbinis
1145 1072 1273 1136 eius
1302 1072 1501 1156 potius
1533 1092 1672 1137 esse
1717 1072 1994 1152 videtur,
2039 1073 2138 1157 qui
2186 1075 2522 1138 faciliorem

464 1177 791 1241 lectionem
824 1174 1138 1239 difficiliori
1167 1173 1500 1240 substituit.
1557 1171 1654 1238 De
1686 1197 1789 1240 vv.
1830 1172 1975 1238 123.
2014 1174 2138 1240 134
2169 1176 2388 1241 dictum
2421 1187 2524 1241 est

463 1278 529 1343 in
560 1289 768 1342 annot.
806 1278 944 1342 crit.
995 1274 1125 1340 Cur
1153 1273 1267 1355 Vl,
1286 1274 1372 1339 23
1400 1274 1718 1340 scombros
1747 1277 2030 1361 scriptum
2060 1280 2142 1341 sit
2170 1300 2280 1363 pro
2310 1277 2522 1343 rhom-

466 1378 615 1462 bos,
672 1391 870 1443 utrum
925 1378 1181 1444 consilio
1225 1398 1304 1440 an
1346 1378 1562 1443 calami
1606 1398 1862 1456 errore,
1904 1378 2136 1444 difficile
2184 1382 2344 1446 dictu
2392 1394 2513 1460 est,

464 1481 743 1564 idemque
790 1482 919 1546 sere
966 1480 1136 1545 valet
1178 1480 1253 1543 de
1300 1479 1566 1543 lectione
1609 1480 1793 1544 victis
1829 1503 1941 1568 pro
1995 1484 2199 1568 captis
2239 1485 2333 1565 (v.
2368 1480 2512 1567 46),

466 1585 624 1669 quod
654 1581 957 1647 Prisciani
986 1581 1347 1646 auctoritate
1386 1582 1672 1645 munitur.

635 1716 869 1801 Quodsi
901 1717 1053 1782 haec
1083 1716 1374 1782 attentius
1408 1715 1687 1800 nullaque
1731 1717 2016 1804 opinione
2061 1718 2335 1803 occupati
2365 1739 2516 1783 con-

463 1819 836 1898 sideramus,
879 1818 1219 1904 putabimus
1240 1865 1258 1896 ,
1293 1829 1359 1882 ut
1389 1830 1532 1903 puto
1556 1864 1574 1896 ,
1619 1817 1831 1882 Iulium
1862 1819 2137 1885 Flavium
2171 1821 2515 1905 exemplum

461 1944 634 1988 suum
683 1943 804 1985 uon
851 1930 1019 1984 certo
1066 1918 1321 1983 consilio
1364 1919 1807 2003 interpolasse,
1857 1923 1965 1987 sed
2013 1943 2122 2006 pro
2167 1923 2328 1988 virili
2374 1944 2514 1987 cor-

461 2025 729 2090 rexisse.
823 2022 960 2107 Qua
1004 2021 1070 2087 in
1118 2039 1187 2084 re
1231 2021 1283 2085 si
1329 2023 1570 2104 quaudo
1627 2024 1893 2101 erravit,
1958 2026 2315 2108 praesertim
2374 2047 2515 2089 cum

462 2125 742 2210 exemplo
772 2146 918 2189 usus
949 2143 1085 2187 esse
1115 2122 1399 2187 videatur
1441 2146 1476 2188 a
1519 2124 1683 2188 vitiis
1725 2146 1845 2188 non
1886 2125 2171 2202 immuni,
2220 2127 2399 2212 longe
2448 2128 2513 2191 id

459 2238 664 2293 tamen
713 2237 1006 2317 remotum
1052 2235 1149 2288 est
1188 2224 1265 2288 ab
1311 2226 1444 2290 eius
1487 2226 1777 2303 audacia,
1824 2226 1921 2309 qui
1963 2228 2274 2313 scriptoris
2318 2229 2513 2294 verba

459 2338 567 2395 aut
595 2337 875 2413 corrupta
908 2337 1012 2390 aut
1040 2325 1155 2390 sibi
1181 2347 1301 2390 non
1334 2327 1644 2408 intellecta
1659 2328 1991 2412 refingitad
2026 2329 2213 2414 ipsius
2246 2341 2508 2417 captum.

458 2432 523 2496 A
566 2451 681 2513 qua
728 2431 900 2513 culpa
944 2429 1294 2493 liberandus
1343 2441 1464 2494 est.
1524 2428 1685 2495 Nam
1732 2441 2152 2515 praeterquam
2195 2435 2348 2516 quod
2384 2455 2512 2498 non

460 2553 673 2597 omncs
690 2530 803 2595 bae
833 2531 1129 2596 lectiones
1145 2530 1217 2594 ad
1238 2551 1371 2594 eum
1397 2542 1677 2615 tauquam
1699 2543 2006 2596 auctorem
2027 2545 2194 2598 certo
2227 2537 2512 2600 referun-

458 2646 584 2712 tur,
604 2635 711 2698 sed
732 2632 1112 2697 librariorum
1130 2633 1539 2717 negligentiae
1558 2635 1816 2698 fortasse
1832 2636 2159 2700 nonnullae
2181 2635 2508 2718 debentur,

459 2736 719 2819 exiguus
764 2735 943 2799 etiam
990 2755 1197 2800 earum
1246 2755 1534 2798 numerus
1579 2746 1714 2812 est,
1762 2747 1825 2800 et
1866 2738 2034 2822 ipsae
2078 2738 2377 2805 lectiones
2424 2741 2514 2806 ita

460 2847 841 2922 comparatae
871 2848 1051 2917 sunt,
1098 2849 1165 2901 ut
1204 2858 1328 2901 non
1362 2847 1481 2900 tam
1516 2847 1747 2901 certum
1778 2838 2068 2922 quoddam
2101 2841 2513 2926 interpolandi

458 2941 773 3005 consilium
818 2939 1270 3016 demonstrent,
1319 2961 1495 3023 quam
1540 2959 1824 3017 errores,
1870 2942 2081 3023 quales
2121 2943 2195 3005 ab
2229 2945 2510 3010 omnibus

457 3043 588 3106 fere
620 3040 882 3105 librariis
915 3041 1267 3104 commissos
1299 3041 1596 3119 videmus,
1632 3042 1730 3124 qui
1755 3043 1968 3126 partim
1988 3043 2222 3107 notiora
2243 3067 2509 3129 repone-

453 3141 602 3207 bant
645 3164 752 3227 pro
800 3142 1328 3220 insolentioribus,
1389 3145 1606 3227 partim
1653 3143 1973 3208 oscitantia
2019 3147 2269 3228 quadam
2316 3148 2508 3212 verba

454 3245 770 3328 scriptoris
813 3243 1228 3308 immutabaut.
1290 3241 1384 3307 Ita
1427 3246 1672 3309 eosdem
1719 3246 1849 3309 fere
1897 3266 2143 3311 errores
2175 3269 2208 3311 e
2243 3249 2509 3314 diversis

456 3347 634 3412 codd.
672 3357 913 3410 notatos
946 3346 1251 3431 reperieS,
1292 3348 1393 3428 qui
1424 3367 1554 3411 cum
1590 3347 1755 3410 bisce
1786 3347 1951 3410 nullo
1982 3350 2162 3411 modo
2193 3351 2510 3416 coniuncti

453 3459 617 3512 sunt.
685 3445 820 3533 lpsa
868 3461 1065 3512 autem
1111 3445 1313 3513 Persii
1354 3447 1691 3513 obscuritas
1735 3459 1795 3512 et
1828 3450 2366 3515 insolentissimum
2399 3473 2510 3537 ge-

455 3569 569 3613 nus
614 3549 854 3613 dicendi
898 3550 1300 3634 interpolaudi
1350 3550 1661 3614 consilium
1704 3572 2025 3616 removere
2080 3551 2374 3631 debebat,
2442 3567 2508 3619 et

452 3648 595 3713 inde
638 3650 1012 3734 potissimum
1056 3654 1275 3716 factum
1322 3673 1586 3732 censeo,
1649 3654 1805 3735 quod
1852 3654 1982 3717 eius
2036 3656 2299 3731 satirae,
2350 3676 2505 3739 quae

454 3761 626 3815 tanto
677 3752 875 3814 studio
921 3754 1283 3838 legebantur
1326 3765 1390 3817 et
1434 3754 1967 3833 describebantur,
2037 3766 2239 3820 tamen
2297 3757 2505 3821 incor-

452 3861 665 3937 ruptae
710 3853 785 3915 ad
833 3875 944 3918 nos
990 3866 1425 3938 pervenerunt.
1493 3854 1866 3939 Quamquam
1913 3858 2072 3922 enim
2107 3859 2411 3922 variarum
2443 3871 2508 3923 et

451 3954 873 4018 mendosarum
916 3956 1241 4019 lectionum
1282 3959 1450 4042 larga
1500 3958 1669 4041 copia
1709 3971 1977 4042 prostat,
2044 3981 2248 4024 earum
2296 3972 2499 4026 tamen

451 4057 775 4141 pleraeque
806 4068 949 4122 sunt
971 4104 990 4139 ,
1025 4060 1231 4141 quales
1261 4080 1370 4144 per
1400 4059 1780 4126 librariorum
1809 4062 2165 4146 imperitiam
2199 4073 2260 4126 et
2290 4083 2501 4127 socor-
