2764 4738
602 473 742 543 xm}
1248 447 1981 512 PROLEGOMENA.

599 642 733 686 rum
758 630 981 700 esset,
1027 620 1297 685 firmaret
1339 616 1623 685 Lerscbii
1665 620 2028 685 sententiam
2050 664 2071 697 ,
2120 618 2221 703 qui
2276 613 2661 683 Caesellium

599 744 757 788 aevo
800 722 1119 808 Augusteo
1163 723 1398 788 vixisse
1443 733 1614 806 putat
1663 720 1998 808 (Zeitschr.
2045 722 2092 783 f.
2127 718 2400 784 Altertb.
2436 718 2658 784 Wiss.

601 847 662 889 a.
696 821 864 891 1840
892 847 953 910 p.
990 823 1115 891 109
1142 847 1237 909 sq.
1288 847 1349 889 a.
1385 822 1547 890 1841
1579 847 1642 911 p.
1679 822 1842 888 1101
1889 822 2080 908 sqq.).
2158 819 2388 887 Posset
2443 833 2662 886 autem

599 950 637 993 a
681 924 1057 993 Cassiodoro
1100 928 1367 992 additum
1412 945 1587 1005 esse,
1653 937 1719 991 ut
1764 923 2026 992 Cornuti
2071 937 2136 990 et
2174 924 2472 993 Caesellii
2506 949 2660 992 con-

599 1051 847 1095 sensum
899 1030 1225 1094 indicaret.
1298 1025 1532 1093 Lucius
1591 1030 2015 1114 grammaticus
2071 1030 2323 1095 affertur
2380 1030 2572 1094 etiam
2622 1051 2663 1093 a

599 1129 893 1217 Pompeio
940 1129 1447 1197 ‹le—barbarismo
1509 1131 1601 1216 (p.
1646 1128 1776 1195 43⁰
1813 1129 2070 1216 Lind.)=
2144 1130 2382 1196 Lucius
2441 1143 2663 1197 autem

599 1233 775 1298 delm’t
812 1243 1056 1298 centum
1106 1234 1560 1314 (soloecismos)
1603 1243 1669 1296 et
1721 1243 2044 1299 enumerat
2090 1255 2325 1298 omncs.
2403 1234 2667 1300 Exstat

602 1336 762 1400 liber
796 1338 1028 1421 ipsius,
1076 1335 1235 1400 dicit
1253 1333 1421 1399 illud
1445 1344 1511 1399 et
1536 1334 1700 1399 illud
1707 1362 1735 1410 ‚-
1779 1357 1921 1400 nam
1954 1337 2051 1400 ait
2069 1338 2198 1400 sic.-

726 1453 919 1520 Adde
948 1454 1310 1520 soloecismo
1335 1455 1800 1539 (soloecismon)
1840 1478 2087 1543 genera
2128 1464 2318 1541 atque
2341 1455 2663 1520 vocabula

2101 1567 2370 1622 centum.

603 1684 668 1738 et
690 1676 897 1738 currit
935 1676 1286 1763 (percurrit
1312 1675 1534 1762 Lind.)
1580 1681 1719 1764 ipsa
1747 1676 2060 1741 vocabulis
2083 1675 2363 1740 versibus
2391 1679 2660 1762 scriptis

602 1786 774 1856 arte,
826 1787 889 1842 et
929 1777 1022 1842 ibi
1058 1781 1442 1844 enumeravit
1479 1781 1593 1845 illu
1634 1783 1863 1844 omnia.
1925 1780 2187 1843 Interim
2230 1780 2350 1843 iste
2377 1775 2661 1844 breviter

600 1882 892 1945 strinm‘t.
954 1878 1187 1946 Verum
1231 1881 1306 1945 de
1346 1880 1463 1946 hoc
1509 1892 1691 1967 poeta
1731 1882 2122 1969 grammatico
2155 1881 2358 1944 omnia
2385 1880 2654 1947 incerta.

602 1979 896 2048 Ceterum
968 1983 1209 2049 videtur
1277 1980 1589 2047 Cornutus
1662 1984 1736 2049 de
1814 1984 2232 2050 enuntiatione
2293 2002 2441 2067 opus
2506 2005 2658 2047 con-

600 2085 938 2170 scripsisse.
985 2083 1161 2148 Inter
1189 2088 1615 2171 grammaticos
1646 2107 1902 2171 maguae
1943 2088 2140 2152 famae
2171 2098 2350 2170 atque
2381 2087 2658 2150 auctori-

600 2189 740 2251 tatis
774 2184 1112 2251 Cornutum
1141 2190 1330 2251 refert
1360 2188 1540 2252 etiam
1572 2187 1951 2274 Augustinus
1982 2188 2088 2274 (de
2120 2187 2252 2252 util.
2288 2189 2456 2253 cred.
2496 2187 2651 2272 17)=

598 2289 797 2354 Nulla
840 2289 1110 2353 imbutus
1140 2292 1395 2374 poetica
1427 2290 1761 2376 disciplina
1817 2290 2380 2356 Terentianum
2423 2290 2504 2356 M
2518 2313 2560 2355 α
2581 2313 2656 2355 u-

601 2413 766 2455 rum
809 2395 945 2455 sine
982 2393 1294 2476 magistro
1339 2395 1662 2478 attingere
1691 2415 1814 2457 non
1851 2391 2080 2469 audes,
2113 2394 2422 2479 Asper,
2466 2391 2657 2458 Cor·-

599 2503 882 2569 nutus,
927 2493 1303 2561 Donatus
1348 2506 1410 2557 ct
1436 2496 1554 2557 alii
1576 2493 2052 2558 innumerabiles
2080 2497 2531 2579 requiruntur,
2577 2507 2655 2560 ut

599 2594 861 2681 quilibet
881 2604 1077 2680 poeta
1102 2597 1312 2679 possit
1353 2597 1651 2682 intelligi.
1715 2594 1838 2661 Ubi
1870 2597 2288 2662 commentarii
2320 2595 2650 2681 virgiliani

596 2697 973 2785 potissimum
1030 2698 1318 2763 videntur
1359 2700 1604 2784 respici.
1678 2696 1940 2763 Praeter
1998 2699 2185 2774 haec,
2249 2720 2400 2782 quae
2447 2701 2649 2765 virum

598 2800 1022 2887 philosophicis
1080 2812 1142 2865 et
1199 2801 1608 2884 grammaticis
1668 2802 1880 2867 studiis
1955 2801 2252 2864 eruditum
2317 2802 2651 2885 variaeque

597 2903 907 2967 doctrinae
955 2903 1144 2989 copiis
1182 2903 1543 2968 instructum
1587 2905 2041 2979 demonstrant,
2090 2903 2365 2988 poeticae
2408 2925 2648 2988 quoque

597 3027 844 3088 operam
877 3006 1043 3071 dedit
1074 3004 1410 3072 Cornutus.
1457 3004 1606 3071 Fuit
1636 3007 1791 3072 euim
1813 3052 1832 3084 ,
1873 3016 1942 3070 ut
1969 3006 2093 3069 vita
2122 3002 2326 3070 Persii
2357 3017 2641 3085 testatur,

597 3118 773 3190 poeta
806 3109 1096 3191 tragicuS,
1133 3109 1288 3193 quod
1316 3108 1536 3173 iniuria
1565 3109 1630 3171 in
1663 3108 1901 3173 dubium
1931 3119 2211 3173 vocatum
2241 3126 2415 3184 esse,
2451 3130 2650 3194 nuper

598 3210 831 3273 monuit
860 3211 1039 3274 etiam
1076 3208 1454 3275 Welckerus
1473 3207 1769 3294 (Griech.
1820 3209 2014 3296 Trag.
2051 3205 2143 3272 ΙΙΙ
2186 3231 2247 3294 p.
2286 3207 2454 3274 1456
2481 3213 2637 3295 sq.).

594 3310 759 3376 Nam
813 3313 968 3397 apud
1024 3311 1340 3377 Romanos
1402 3312 1674 3376 videmus
1735 3313 2063 3397 permultos
2116 3313 2643 3397 grammaticorum

594 3424 772 3497 atque
824 3414 1309 3499 philosophorum
1361 3411 1678 3479 Musarum
1724 3437 1958 3499 quoque
2002 3426 2167 3480 artes
2220 3414 2519 3494 coluisse,
2575 3429 2644 3481 et

595 3517 868 3580 audimus
919 3514 1255 3580 Cornutum
1298 3518 1363 3580 in
1410 3517 1723 3582 eonsilium
1766 3529 2049 3582 vocatum
2097 3537 2236 3583 esse
2279 3539 2316 3582 a
2357 3516 2636 3597 Nerone,

598 3616 694 3699 qui
727 3628 1037 3701 poetarum
1085 3620 1450 3685 commercio
1483 3619 1821 3706 gaudebat,
1871 3642 1945 3685 ea
1991 3621 2064 3684 de
2109 3639 2210 3697 re,
2258 3619 2359 3683 ubi
2403 3632 2639 3705 poetam

595 3717 792 3800 potius
824 3740 996 3801 quam
1028 3719 1445 3808 philosophum
1478 3723 1799 3788 consulere
1829 3721 2150 3786 attinebat.
2213 3720 2356 3787 Nec
2399 3722 2638 3788 mirabi-

597 3828 733 3896 tur,
783 3821 1129 3903 tragoedias
1177 3842 1309 3886 eum
1356 3825 1718 3912 scripsisse,
1780 3824 1879 3909 qui
1925 3824 2448 3900 consideraverit,
2492 3825 2632 3892 inde

595 3921 668 3986 ab
700 3921 964 4007 Augusti
997 3924 1363 4007 temporibus
1410 3927 1564 3990 haud
1610 3946 1836 4012 paucos
1883 3927 2202 4004 extitisse,
2250 3926 2350 4009 qui
2396 3936 2633 4008 tragoe-

598 4023 765 4102 dias,
798 4045 1075 4109 magnam
1107 4036 1337 4109 partem
1368 4029 1432 4092 in
1464 4050 1633 4093 usum
1663 4030 2089 4095 recitationum
2109 4075 2128 4106 ,
2157 4030 2623 4114 composuerint,

155 4126 946 4600 Xapmnino
990 4127 1105 4195 boc
1152 4130 1481 4196 carminum
1529 4150 1721 4216 genus
1778 4154 1997 4217 magno
2056 4135 2269 4200 favore
2325 4144 2626 4218 acceptum
