2764 4738
126 4220 344 4380 ,Γ

533 380 619 448 88
1247 381 1422 447 SAT.
1456 387 1500 460 1,
1530 390 1614 451 4⁰
1643 418 1725 434 -
1755 389 1859 449 42.

529 557 741 616 Manes
768 551 914 616 idem
955 556 1083 616 fere
1125 556 1442 636 significat,
1484 553 1634 636 quod
1675 557 1847 628 αἰπὺ,
1892 553 1951 615 id
1993 552 2143 636 quod
2188 565 2455 635 superest
2490 553 2558 616 «lo

531 641 755 701 homine
786 642 1076 701 combusto
1106 651 1168 701 ct
1195 640 1472 713 conditur,
1503 642 1580 701 cf.
1599 639 1861 721 Propert.
1894 641 1991 713 ΠΙ,
2018 646 2082 714 4,
2116 646 2193 703 15
2225 660 2311 721 sq.
2344 642 2432 719 [11‚
2463 646 2559 713 13,

532 727 670 804 321:
716 725 934 786 Deinde
965 726 1059 785 ubi
1088 728 1407 806 suppositus
1438 728 1691 786 cinerem
1722 745 1809 786 me
1854 728 2063 786 fecerit
2090 725 2294 798 ardor,
2326 729 2561 806 occipiat

531 829 731 870 manes
742 812 972 890 parvula
991 821 1333 871 tautameos.
1365 810 1501 872 Inde
1518 814 1573 871 in
1590 812 1764 871 titulis
1788 812 2196 891 sepulcralibus
2211 832 2317 891 pro
2328 813 2555 891 vulgato

531 896 630 956 illo
657 917 742 955 nis
774 916 1005 955 umuvs
1033 898 1313 956 invenitur
1342 900 1510 956 etiam
1543 916 1818 957 eiusmvs
1847 905 1925 970 (v.
1942 896 2112 976 Spec.
2128 899 2310 976 epigr.
2342 918 2397 976 p.
2429 901 2555 968 91).

700 1003 758 1041 v.
793 985 1066 1044 40—43.
1129 984 1247 1042 Ae‘t
1297 980 1368 1042 de
1416 981 1706 1054 auditore,
1753 1002 1916 1062 quem
1962 983 2362 1062 obloquentem
2405 983 2561 1042 uobis

534 1068 868 1145 cogitemus,
897 1065 1097 1126 eodem
1131 1065 1293 1126 modo
1321 1065 1469 1146 apud
1501 1066 1697 1127 Horat.
1727 1087 1857 1148 epp.
1886 1068 1931 1140 Ι,
1966 1072 2068 1139 19,
2089 1072 2202 1130 432
2245 1065 2445 1139 Rides,
2469 1069 2562 1139 nit,

533 1162 593 1212 et
620 1151 769 1211 Iovis
799 1152 1027 1211 nuribus
1057 1154 1165 1212 ista
1198 1172 1423 1213 servus.
1457 1153 1752 1213 cf.1nven.
1785 1152 1888 1224 IX,
1934 1157 2036 1216 63.
2094 1153 2271 1212 Multo
2319 1154 2565 1232 saepiu&

533 1240 645 1296 imo
690 1238 1177 1317 frequentissime,
1220 1239 1304 1297 sic
1349 1240 1590 1317 positum
1634 1239 1841 1316 legitur
1878 1239 2103 1317 inquit,
2141 1238 2218 1298 cf.
2264 1237 2456 1298 Bentl.
2498 1236 2566 1297 acl

535 1321 671 1383 Hor.
706 1323 827 1381 Sat.
859 1323 903 1393 1,
932 1328 994 1393 4,
1026 1327 1131 1386 79.
1167 1324 1346 1402 lntpp.
1376 1323 1500 1383 Liv.
1519 1321 1788 1394 XXXIV,
1820 1327 1881 1395 3,
1911 1328 1972 1393 9,
2003 1334 2063 1382 et
2091 1342 2230 1403 quos
2259 1334 2567 1401 praeterea

534 1404 726 1468 laudat
767 1408 941 1468 naas.
990 1407 1059 1468 ud
1103 1408 1315 1486 Reisig.
1362 1428 1452 1487 gr.
1498 1409 1596 1468 lat.
1643 1411 1676 1488 ἓ
1725 1413 1867 1472 197.
1898 1407 2165 1468 Heinrich
2194 1406 2266 1467 nd
2294 1407 2414 1468 Iov.
2445 1409 2567 1479 vu,

533 1496 680 1556 242.
723 1495 988 1553 Naribus
1025 1495 1372 1572 indulgere,
1418 1503 1479 1553 nt
1523 1494 1661 1554 Hor.
1707 1514 1801 1573 ep.
1843 1493 1889 1564 1,
1932 1496 2032 1565 19,
2079 1497 2163 1555 45
2190 1495 2443 1554 naribus
2485 1495 2575 1552 nti

534 1578 696 1648 dixit,
727 1580 877 1657 quia,
922 1589 985 1638 nt
1025 1581 1104 1638 nit
1149 1576 1522 1651 Quintilianus
1561 1578 1691 1661 (XI,
1735 1582 1795 1649 3,
1826 1583 1957 1652 80),
2002 1578 2231 1638 naribus
2261 1578 2570 1658 labrisque,

531 1664 731 1744 quibus
763 1684 870 1722 non
905 1665 1028 1723 l'ere
1068 1661 1361 1743 quidquam
1394 1663 1665 1724 decenter
1695 1662 2061 1735 ostendimus,
2091 1661 2314 1722 derisus
2358 1674 2568 1736 tamen,

533 1760 909 1828 contemptus,
941 1750 1223 1809 fastidium
1270 1751 1577 1828 significari
1608 1750 1774 1809 solet.
1822 1749 1911 1808 cf.
1945 1749 2085 1808 Plin.
2118 1749 2189 1809 fl.
2225 1748 2299 1808 N.
2331 1749 2437 1820 xl,
2467 1753 2571 1820 37,

535 1838 639 1897 59.
684 1834 786 1893 Hic
816 1846 1169 1913 contemptus
1213 1837 1393 1913 magis
1425 1836 1593 1895 etiam
1639 1836 1969 1915 exprimitur
2010 1835 2258 1894 naribus
2287 1837 2479 1906 unctis,
2510 1843 2572 1893 ut

533 1918 683 1999 apud
713 1919 906 1979 Horat.
939 1918 1064 1978 Sat.
1110 1920 1154 1991 1,
1177 1924 1247 2000 ἱ6,
1280 1924 1317 1982 5
1348 1939 1494 1978 naso
1522 1922 1768 1980 adunco.
1830 1922 1996 1979 Velle
2039 1936 2323 1978 recusare
2363 1921 2568 1978 fortius

532 2024 568 2064 e
598 2006 834 2064 consilio
864 2003 1178 2064 adversarii
1207 2004 1411 2064 dictum
1443 2025 1545 2084 pro
1575 2008 1755 2075 nolle,
1783 2006 1860 2064 cf.
1892 2005 1991 2077 VI,
2026 2010 2128 2067 15.
2162 2005 2563 2063 meruaelsseinf.

530 2091 703 2169 perf..
734 2091 826 2148 ubi
856 2091 958 2148 inf.
989 2110 1178 2169 praes.
1225 2101 1529 2169 exspectes
1547 2132 1564 2160 ‚
1610 2091 1822 2169 pluries
1867 2092 2054 2169 posuit
2082 2089 2353 2161 Persius,
2383 2102 2449 2149 ut
2475 2090 2568 2149 hic

532 2194 655 2234 cum
698 2196 750 2234 v.
784 2177 931 2234 velle
969 2177 1323 2234 coniunctum
1367 2196 1421 2235 v.
1453 2180 1529 2238 91
1567 2177 1675 2255 qui
1704 2195 1791 2234 me
1830 2176 1985 2234 volet
2021 2177 2383 2247 hamane,
2418 2173 2569 2255 quod

527 2280 666 2339 prae
698 2263 909 2320 ceteris
941 2262 1202 2319 usitatum
1249 2261 1347 2334 (cf.
1395 2262 1657 2339 exempla
1702 2263 1758 2320 in
1790 2271 1978 2319 annot.
2011 2260 2204 2319 Haasii
2245 2259 2318 2318 ad
2349 2260 2565 2338 Reisig.

527 2364 618 2425 gr.
650 2346 746 2405 lat.
780 2347 811 2425 ξ
843 2349 1030 2418 290);
1067 2345 1111 2417 1,
1145 2350 1287 2416 132,
1317 2347 1436 2405 scit
1460 2348 1681 2405 νιζηζςεο.
1720 2346 1820 2418 IV,
1851 2352 1890 2409 7
1903 2343 2045 2423 sert
2068 2348 2298 2406 am'rttus
2311 2344 2561 2424 fecisse.

534 2437 613 2493 17
642 2449 862 2490 summa
895 2433 1033 2491 boni
1056 2442 1167 2501 est,
1206 2442 1384 2492 uncta
1414 2434 1630 2491 υιίτίεεε
1643 2433 1892 2510 patella.
1923 2431 2020 2503 vl,
2052 2437 2133 2494 77
2156 2435 2573 2511 praestantior

537 2518 922 2595 Cappadocas
954 2519 1208 2594 pavisse.
1267 2518 1404 2576 Cum
1451 2518 1712 2596 perfecto
1756 2520 2087 2577 coniunctus
2134 2527 2226 2576 est
2266 2517 2370 2575 inf.
2416 2518 2570 2596 perf.

530 2600 604 2674 V,
637 2607 717 2665 33
742 2604 1016 2681 permisit
1053 2603 1345 2679 sparsisse
1384 2606 1604 2672 oculos,
1653 2613 1714 2661 et
1755 2604 1857 2661 inf.
1888 2621 2079 2681 praes.
2112 2613 2170 2661 et
2199 2602 2347 2681 perf.
2379 2601 2571 2661 eidem

529 2690 706 2748 verbo
737 2686 980 2746 adiuncti
1024 2698 1156 2745 sunt
1196 2687 1266 2757 11,
1311 2691 1392 2749 66
1438 2689 1639 2747 bacam
1681 2690 1900 2747 rasisse
1939 2698 2001 2747 et
2032 2689 2333 2764 stringere
2362 2706 2569 2746 venam

529 2775 734 2845 iussit,-
763 2773 861 2844 vl,
893 2776 931 2834 3
965 2791 1090 2852 sqq.
1154 2770 1357 2850 apffeoe
1384 2775 1722 2843 ahtendt'sse,
1766 2793 1903 2831 mox
1938 2770 2174 2851 ag‘i'i'are
2201 2775 2358 2831 iocos
2388 2782 2452 2830 et
2478 2774 2572 2831 ln-

526 2860 674 2917 sisse
698 2860 1000 2936 egregius.
1033 2856 1131 2928 VI,
1167 2862 1245 2920 15
1277 2876 1400 2939 sqq.
1434 2877 1695 2917 recusem
1730 2860 1919 2917 mz'nm‘
1936 2869 2040 2917 aut
2063 2876 2313 2917 coenare
2345 2867 2409 2916 et
2431 2858 2569 2917 teti·

523 2946 687 3022 gisse
714 2950 847 3023 (quo
877 2945 933 3002 in
963 2943 1139 3003 verbo
1179 2944 1444 3004 usitatum
1489 2954 1581 3003 est
1623 2944 1704 3004 cf.
1742 2941 1968 3002 Heindl'.
2016 2941 2085 3001 nd
2118 2941 2254 3002 Hor.
2285 2954 2394 3001 snt.
2427 2941 2474 3014 1,
2503 2947 2571 3014 2,

527 3033 657 3101 28).
689 3028 761 3087 V.
796 3030 1083 3107 egregiam
1116 3026 1384 3105 Madvigii
1414 3026 1848 3106 disputationem
1879 3026 1951 3087 (le
1984 3029 2291 3088 formarum
2322 3047 2572 3107 quarun-

527 3114 654 3173 dam
687 3114 847 3172 verbi
878 3114 1065 3172 Latini
1095 3124 1295 3172 nutura
1324 3123 1386 3171 et
1413 3133 1517 3173 usu
1550 3114 1599 3173 11
1631 3133 1683 3193 p.
1718 3118 1800 3176 32
1832 3133 1954 3193 sqq.
2015 3148 2102 3158 —-
2160 3110 2321 3186 Quod
2350 3113 2572 3172 Ennius

528 3198 753 3259 dixerat
784 3206 898 3277 (ap.
945 3199 1066 3258 Cic.
1112 3199 1321 3258 Tusce.
1366 3198 1411 3270 1,
1466 3204 1565 3270 15,
1597 3203 1702 3271 34)
1751 3218 1988 3278 eumque
2031 3210 2261 3258 secutus
2293 3197 2572 3276 Virgilius

529 3283 767 3363 (Georg.
798 3284 893 3352 111,
926 3287 988 3355 9)
1021 3285 1269 3343 volitare
1286 3302 1530 3362 perora
1550 3285 1763 3353 vitum,
1795 3283 1865 3343 de
1898 3304 2101 3362 magna
2131 3282 2273 3362 apud
2306 3284 2572 3362 populum

529 3371 697 3441 fama,
728 3368 784 3428 id
815 3369 1120 3446 simplicius
1149 3369 1319 3448 vulgo
1364 3367 1660 3430 dicebatur
1695 3371 1754 3428 in
1797 3388 1902 3428 ore
1936 3388 2062 3427 esse
2096 3368 2310 3442 (Beier.
2343 3367 2415 3427 ad
2448 3368 2573 3429 Cic.

526 3455 693 3515 Lael.
732 3454 773 3526 l,
802 3461 867 3518 2.
902 3455 1042 3514 Tac.
1085 3455 1227 3515 nist.
1273 3455 1343 3526 11,
1374 3458 1478 3516 73.
1526 3458 1632 3517 78.
1680 3453 1817 3514 Sen.
1860 3452 1931 3514 de
1962 3456 2050 3513 ira
2079 3454 2174 3526 111,
2204 3458 2335 3525 23),
2367 3455 2430 3512 in
2460 3473 2577 3513 ora

526 3543 752 3612 venire,
796 3539 944 3620 quod
996 3560 1326 3619 quamquam
1378 3541 1549 3599 etiam
1595 3541 1652 3598 in
1692 3540 1890 3599 malam
1937 3550 2153 3618 partem
2212 3539 2578 3618 accipiebant

527 3628 628 3699 (cf.
660 3627 783 3685 Liv.
816 3626 885 3694 11,
916 3630 1019 3697 36,
1050 3630 1110 3688 3.
1144 3625 1347 3685 Catull.
1377 3625 1679 3685 XXXVIII
1710 3624 1877 3702 [XL],
1907 3630 1990 3694 5),
2022 3625 2350 3704 plerumque
2380 3634 2579 3685 tamen

523 3713 579 3770 in
613 3709 830 3770 laudem
876 3711 1396 3791 interpretabantur
1443 3710 1637 3789 (prop.
1685 3710 1782 3781 IV,
1815 3715 1854 3771 8
1888 3710 2005 3788 [III.
2037 3714 2123 3784 9],
2170 3713 2270 3771 32.
2304 3709 2444 3770 Hor.
2478 3731 2574 3789 ep.

525 3797 569 3866 Ι,
601 3800 660 3866 3,
693 3800 784 3866 9).
843 3796 932 3855 Ex
978 3796 1085 3856 bac
1131 3807 1403 3855 consucta
1450 3797 1735 3855 locutione
1781 3795 2015 3855 Persius
2061 3814 2217 3854 suum
2259 3814 2325 3853 os
2362 3798 2585 3873 populi

523 3900 754 3940 merere
782 3882 1019 3940 effinxit.
1078 3881 1165 3940 Ex
1197 3883 1372 3940 cedro
1401 3882 1608 3952 oleum,
1637 3892 1700 3940 ut
1728 3882 1809 3939 nit
1836 3880 2124 3940 Vitruvius
2158 3879 2252 3951 (Π,
2284 3883 2349 3951 9)
2382 3884 2576 3940 nasci·

523 3978 633 4039 tur,
664 3987 774 4045 quo
805 3967 1058 4045 reliquae
1090 3986 1184 4026 res
1216 3987 1340 4026 cum
1364 3977 1495 4025 sunt
1524 3978 1749 4037 unctae,
1779 3977 1840 4025 ut
1867 3967 2036 4026 etism
2067 3965 2214 4037 libri,
2244 3984 2280 4023 a
2309 3966 2484 4025 tineis
2516 3978 2577 4026 et

520 4072 553 4111 a
585 4056 741 4112 carie
774 4072 884 4112 non
912 4050 1228 4113 laeduntur.
1292 4051 1483 4125 Quare
1529 4052 1676 4124 libii,
1706 4053 1799 4131 qui
1842 4050 2064 4132 quidem
2109 4051 2346 4111 alicuius
2394 4055 2569 4131 pretii

583 4388 802 4575 ’Ν
