2764 4738
713 442 978 507 scnoL.
1013 443 1121 508 An
1153 443 1326 507 SAT.
1358 443 1435 519 V,
1469 447 1851 510 iso—186.
2180 438 2310 510 339

271 610 592 677 Herodis
624 633 799 696 ergo
839 613 1028 676 diem
1057 616 1382 677 natalem
1416 613 1827 677 Her'odiani
1868 613 2307 689 observant,

268 713 351 761 ut
389 701 613 760 etiam
657 702 1042 775 sabbathi,
1083 722 1221 782 quo
1261 700 1382 762 die
1429 702 1786 762 lucernas
1829 719 2193 762 accensas
2233 711 2310 764 et

267 785 500 847 violis
545 798 960 847 coronatas
1005 789 1075 848 in
1122 788 1508 847 fenestris
1552 793 1909 867 ponunt.¹'¹

444 875 586 934 182.
634 874 1009 952 Rubrumque
1067 875 1343 952 ample-‘ra
1401 875 1675 933 eah'num.
1759 871 2007 932 Rubrum
2065 873 2308 933 catinum

266 956 437 1016 fictile
455 998 473 1027 ‚
505 956 654 1037 quod
685 959 882 1037 thynni
913 956 1094 1018 cauda
1125 958 1499 1038 amplectitur.
1671 959 1973 1037 Amplexa
2003 954 2147 1018 dixit
2160 1000 2181 1031 ,
2211 969 2311 1017 aut

264 1041 602 1103 brevitatem
633 1044 825 1114 catini,
858 1054 955 1102 ant
982 1043 1417 1122 magnitudinem
1449 1044 1585 1124 tbyn
1594 1044 1650 1103 ni
1679 1042 2006 1103 ostendens.

445 1131 585 1189 183.
637 1129 917 1205 Thynnus
948 1140 1134 1189 autem
1164 1149 1347 1208 genus
1377 1130 1554 1209 piscis
1585 1140 1678 1190 est
1693 1172 1710 1201 ,
1752 1127 1900 1209 quod
1941 1127 2014 1188 ad
2043 1128 2310 1208 templum

264 1210 464 1272 diebus
495 1213 660 1272 sestis
691 1223 922 1294 portare
953 1214 1233 1289 solebant,
1257 1226 1319 1273 ut
1345 1214 1423 1274 ibi
1453 1234 1559 1295 pro
1590 1213 1680 1276 die
1712 1215 1861 1275 festo
1891 1214 2072 1296 epulis
2100 1233 2308 1275 vesce-

264 1309 484 1358 rentur.

442 1386 585 1444 184.
641 1384 848 1443 Tumet
888 1383 1027 1444 alba
1051 1384 1277 1463 fidelia
1316 1386 1452 1444 vino
1467 1429 1490 1457 ‚
1540 1383 1595 1445 id
1640 1394 1734 1445 cst
1748 1427 1767 1458 ,
1811 1384 1981 1464 plena
2019 1387 2151 1445 vino
2183 1395 2305 1459 est3

263 1468 371 1528 boc
402 1478 493 1528 est
510 1511 527 1539 ,
557 1466 776 1547 grande
808 1485 932 1530 vas.
1107 1470 1274 1530 Alba
1305 1468 1474 1544 dicit,
1505 1483 1602 1531 ant
1630 1489 1666 1532 a
1695 1471 1905 1531 coloris
1936 1473 2307 1552 proprietate,

264 1563 365 1612 aut
392 1564 553 1613 certo
585 1563 883 1632 argentea.

440 1643 581 1702 184.
624 1640 828 1699 Labra
885 1658 1077 1699 moves
1137 1642 1374 1700 tacitns.
1443 1639 1597 1701 Ordo
1618 1662 1635 1700 ε
1691 1641 1852 1701 Tunc
1894 1638 2117 1721 quando
2162 1640 2305 1701 baec

262 1723 525 1784 celebras
543 1765 562 1795 ,
606 1724 766 1783 labra
796 1745 989 1785 moves
1021 1726 1246 1785 tacitns.
1306 1727 1509 1786 Tacite
1554 1729 1699 1786 enim
1713 1768 1732 1797 ‚
1773 1727 1866 1786 vel
1898 1737 2306 1786 murmurantes

261 1808 453 1869 Iudaei
510 1828 719 1888 preces
776 1808 1084 1873 effundunt.
1258 1813 1639 1891 Reeutt'taque
1680 1813 1957 1873 sabbata.
2033 1817 2061 1848 ⁴*
2076 1812 2152 1872 ln
2169 1812 2307 1872 sti-

260 1905 422 1955 tuta
462 1893 899 1956 Indaeorum
945 1897 1352 1975 significat
1393 1908 1711 1976 propter
1768 1899 2306 1958 circumcisio-

260 2001 447 2053 nem,
517 2000 721 2060 quam
794 1991 1159 2041 auctores
1228 2002 1402 2042 suos
1446 1983 1689 2043 secuti
1775 1983 2134 2042 faciunt.*

261 2068 486 2137 Palles,
533 2064 587 2124 id
620 2077 730 2138 est,
759 2068 926 2127 times
956 2067 1192 2127 sabbata
1221 2069 1493 2142 recutita3
1539 2067 1670 2128 ideo
1695 2070 1916 2147 palles,
1951 2070 2085 2149 qnia
2110 2066 2306 2129 ludaei

261 2170 333 2211 eo
363 2150 453 2212 die
486 2172 597 2210 non
628 2151 983 2212 manducant.

435 2243 463 2299 1
476 2241 577 2298 85.
631 2239 792 2297 Tune
820 2240 995 2317 nigri
1019 2239 1292 2299 lemures.
1352 2237 1481 2298 Non
1513 2235 1649 2298 dicit
1679 2247 1811 2299 tnnc
1826 2281 1845 2311 ,
1876 2258 2001 2299 cum
2033 2238 2178 2298 banc
2207 2257 2304 2297 re-

259 2321 524 2402 ligionem
568 2321 844 2384 observas
861 2367 879 2396 ,
926 2321 1031 2384 sed
1075 2326 1183 2385 boc
1229 2323 1397 2386 dicit:
1442 2324 1670 2386 Diversi
1716 2326 1946 2403 generis
1979 2325 2303 2403 superstitio

260 2419 319 2468 te
349 2420 561 2469 versat.
733 2413 1015 2470 Lemures
1046 2421 1233 2471 autem
1264 2409 1524 2471 dicuntur
1552 2409 1629 2469 dii
1657 2431 1851 2471 manes
1870 2453 1887 2481 ,
1920 2431 2061 2490 quos
2093 2408 2305 2471 Graeci

263 2492 556 2571 δαίμονας
584 2506 790 2554 vocant
805 2536 825 2565 ,
869 2495 1024 2555 velut
1061 2496 1288 2555 umbras
1331 2493 1599 2576 quasdam
1631 2494 1974 2557 divinitatem
2005 2495 2303 2556 babentes.

258 2580 538 2637 Lemures
569 2590 756 2639 autem
787 2578 1048 2640 dicuntur
1077 2579 1153 2641 dii
1181 2582 1274 2641 vel
1307 2583 1537 2640 umbrae
1556 2624 1573 2652 ,
1610 2600 1753 2661 quae
1786 2591 2063 2661 apparent
2077 2623 2095 2651 ,
2128 2601 2304 2662 quan-

260 2661 334 2721 do
364 2681 559 2722 manes
589 2664 902 2741 placantur.
1084 2668 1321 2744 ovoque
1342 2666 1617 2745 pericula
1649 2676 1848 2744 rupto.
1896 2665 1925 2696 *
1942 2664 1983 2725 S
2001 2685 2034 2723 a
2048 2686 2079 2725 c
2097 2686 2130 2726 e
2146 2686 2174 2724 r
2188 2664 2223 2724 d
2238 2686 2304 2724 o-

259 2758 417 2820 tes,
473 2751 591 2828 qui
635 2748 1134 2830 explorandis
1177 2751 1558 2830 periculis
1608 2769 1828 2809 sacra
1876 2751 2303 2822 faciebant,

260 2832 679 2894 observare
724 2832 1074 2895 solebant
1117 2856 1314 2895 ovum
1359 2837 1513 2915 igni
1557 2836 2025 2914 impositum,
2073 2846 2303 2895 utrum

260 2920 331 2978 in
377 2917 717 2997 capite,‘
776 2918 833 2979 id
862 2931 987 2992 est,
1031 2924 1086 2980 in
1118 2923 1473 2994 summitate,
1519 2921 1644 2981 *an
1687 2921 1755 2979 in
1801 2920 2049 2981 latere
2091 2922 2302 2981 insu-

261 3002 503 3063 daret.
578 3003 656 3064 Si
713 3015 948 3065 antem
1003 3017 1293 3086 ruptum
1350 3007 1814 3078 effluxerat,
1884 3006 2301 3085 periculum

259 3090 333 3150 ei
393 3088 930 3168 portendebat,
989 3111 1123 3174 pro
1184 3112 1317 3173 quo
1378 3092 1648 3154 factum
1693 3091 1979 3164 fuerat,
2024 3092 2142 3152 vel
2186 3093 2302 3153 rei

263 3175 631 3235 familiari
673 3177 902 3236 otuu*

435 3264 576 3324 186.
627 3262 769 3320 Tum
808 3262 1077 3340 grandes
1127 3263 1323 3335 Galli,
1370 3263 1605 3323 ministri
1636 3260 1859 3321 scilicet
1888 3261 2081 3321 matris
2112 3258 2300 3333 deum,

253 3347 521 3424 grandes
538 3390 557 3418 ,
605 3343 661 3406 id
706 3358 799 3407 est
843 3349 1085 3427 pingues
1117 3349 1430 3408 sacrificiis.
1602 3347 1630 3375 *
1645 3349 1694 3407 S
1710 3348 1773 3407 is
1797 3357 1871 3406 tr·
1885 3367 1990 3406 um
2032 3367 2060 3406 s
2080 3366 2114 3406 a
2128 3367 2160 3406 c
2178 3366 2211 3407 e
2230 3366 2300 3406 r-

258 3430 475 3491 dotes
549 3429 780 3491 Isidis
852 3432 1282 3511 portabant.
1381 3436 1630 3493 Lusca
1719 3443 1999 3506 antem,
2073 3429 2300 3512 qnod⁶

257 3535 456 3576 omnes
501 3514 941 3578 ¹''debiles*¹
985 3528 1083 3577 aut
1124 3516 1544 3579 *deformes
1598 3537 1749 3577 cum
1794 3519 2113 3577 maritos
2162 3537 2300 3578 non

257 3601 730 3675 invenerint,
774 3599 859 3662 ad
905 3602 1332 3664 ministeria
1376 3602 1675 3664 deorum
1719 3622 1797 3663 se
1828 3601 2301 3663 conferank*

256 3684 369 3745 Vel
412 3684 560 3767 quod
600 3688 878 3768 Aegyptii
923 3697 1036 3747 tam
1067 3685 1208 3748 deos
1239 3710 1403 3770 quam
1433 3687 1767 3749 sacerdotes
1797 3685 1870 3749 de
1899 3690 2166 3749 monstris
2195 3689 2299 3750 ba-

255 3770 449 3832 beant.
506 3769 662 3832 Ordo
692 3783 880 3833 autem
910 3771 1327 3853 praedictorum
1356 3793 1620 3835 versuum
1653 3774 1744 3833 bic
1774 3783 1894 3833 est:

434 3859 575 3917 Tum
604 3859 777 3936 nigri
800 3859 1050 3918 lemures
1080 3878 1299 3939 ovoque
1334 3860 1612 3941 pericula
1658 3869 1836 3938 rapto
1855 3881 1875 3918 .·

437 3944 577 4002 Turn
600 3945 870 4022 grandes
908 3945 1075 4004 Galli
1096 3956 1161 4006 et
1184 3965 1313 4006 cum
1341 3947 1525 4006 sistro
1555 3945 1722 4006 lusca
1750 3947 2051 4005 sacerdos.

258 4129 284 4181 1
324 4127 527 4181 nobiles
557 4125 682 4182 Vin.
722 4128 932 4182 nubiles
955 4128 1093 4181 Pitb.
1753 4201 1882 4265 22*
