2764 4738
571 443 705 483 xxx
1219 418 1947 483 PROLEGOMENA.

569 589 816 677 poribus
860 588 970 653 has
1014 589 1258 675 eclogas
1303 590 1563 675 scriptas
1608 611 1750 656 esse
1794 601 2091 675 putemus.
2152 585 2485 655 Persuasit
2514 589 2640 655 sibi

572 692 669 758 vir
695 692 1248 776 ingeniosissimus,
1285 693 1501 758 borum
1533 693 1866 758 carminum
1895 693 2162 758 indolem
2192 713 2448 777 prorsus
2482 715 2641 758 con-

571 794 785 859 venire
832 816 964 859 cum
1014 795 1128 874 iis,
1179 816 1330 878 quae
1376 796 1453 860 de
1501 792 1773 860 Serrano
1820 792 2237 877 Quintilianus
2282 796 2636 880 praedicat,

574 908 638 961 et
680 920 813 962 cum
854 897 969 962 boc
1015 898 1191 962 modo
1234 896 1523 977 ;Serrauo
1580 893 1896 982 Calpurnii
1942 918 2164 962 nomeu
2215 897 2637 974 vindicasset,

575 999 982 1066 coniecturam
1016 1002 1174 1084 cepit
1204 997 1621 1085 Calpurnium,
1654 996 1855 1064 Persii
1882 1000 2170 1076 amicum,
2210 998 2403 1083 ipsum
2437 1000 2638 1064 fuisse

573 1100 946 1183 Serranum,
1009 1124 1184 1187 quam
1224 1101 1367 1166 inde
1411 1102 1819 1182 confirmavit,
1880 1101 2038 1184 quod
2086 1101 2182 1165 bic
2228 1120 2472 1185 quoque
2522 1103 2639 1165 im-

572 1217 810 1271 matura
844 1216 1039 1270 morte
1055 1205 1341 1290 abreptus
1370 1224 1509 1270 esse
1541 1205 1910 1269 traderetur.
1957 1200 2168 1287 Itaque
2199 1203 2351 1268 baec
2383 1206 2526 1269 sere
2561 1206 2639 1267 de

572 1308 701 1374 vita
759 1306 1072 1392 Calpurnii
1125 1305 1378 1373 Serrani
1438 1307 1635 1389 colligi
1693 1326 1874 1392 posse
1919 1307 2153 1390 putavit
2196 1306 2273 1388 (1.
2321 1306 2366 1370 l.
2415 1329 2478 1371 c.
2531 1305 2633 1384 6).

575 1409 731 1476 Cum
775 1410 961 1475 suerit
1000 1407 1200 1475 Persii
1245 1432 1280 1474 a
1311 1410 1501 1494 prima
1533 1409 1954 1474 adolescentia
1982 1410 2210 1473 amicus
2241 1418 2304 1471 et
2332 1406 2632 1485 Lucano,

577 1524 645 1579 ut
671 1515 800 1599 ipse
835 1512 1036 1598 prodit
1079 1511 1225 1594 (ecl.
1263 1508 1382 1587 lv,
1421 1510 1568 1596 18),
1616 1512 1920 1596 aequalis,
1973 1522 2179 1575 natum
2220 1511 2419 1575 videri
2463 1512 2638 1575 cirea

575 1637 635 1681 a.
675 1637 733 1700 p.
786 1611 935 1678 Chr.
985 1609 1092 1678 36.
1183 1610 1370 1677 Poesi
1413 1634 1662 1698 puerum
1718 1614 1914 1678 adbuc
1960 1624 2270 1697 operatum
2316 1633 2500 1692 esse,
2565 1626 2640 1677 ut

575 1737 739 1782 anno
784 1717 1006 1780 aetatis
1049 1712 1215 1779 XIX
1258 1716 1506 1800 primam
1554 1713 1828 1799 eclogam
1862 1715 2191 1792 cecinerit,
2239 1735 2401 1778 anno
2430 1711 2637 1779 XXII

575 1819 912 1903 septimam,
944 1839 1107 1881 anno
1126 1829 1419 1901 sequente
1436 1828 1731 1901 quartam.
1767 1814 2060 1899 Quamvis
2074 1812 2319 1900 Virgilii
2348 1816 2634 1900 inprimis

573 1923 845 1988 imitator
861 1932 1053 1999 esset,
1088 1932 1289 1985 tamen
1309 1920 1581 1985 etiamad
1604 1917 1884 1984 Senecae
1906 1919 2213 2004 ingenium
2232 1930 2294 1982 et
2323 1918 2635 1982 rationem

571 2043 642 2090 se
672 2025 1032 2109 applicasse,
1067 2023 1237 2087 cuius
1267 2022 1633 2086 liberalitate
1664 2032 2038 2086 sustentatus
2055 2021 2204 2102 (ecl.
2224 2018 2343 2098 IV,
2362 2019 2441 2083 31
2463 2023 2633 2104 sqq.)

575 2126 808 2191 vixerit
847 2126 995 2211 (ecl.
1029 2122 1147 2199 lv,
1180 2123 1265 2189 88
1286 2126 1450 2207 sqq.)
1494 2126 1557 2188 in
1587 2123 1816 2188 vicinia
1847 2122 2012 2187 urbis
2043 2123 2117 2187 ad
2154 2120 2452 2188 Gallinas.
2525 2120 2634 2187 ln·

578 2229 892 2314 dulgentia
933 2225 1211 2292 Senecae
1252 2226 1304 2290 si
1350 2228 1511 2290 forte
1553 2224 1797 2291 Neroni
1836 2226 2208 2305 innotuerit,
2256 2247 2378 2289 nou
2424 2225 2638 2291 videri

577 2342 779 2396 tamen
808 2332 872 2395 in
902 2340 1213 2415 poetarum
1249 2349 1563 2394 numerum
1593 2328 1952 2407 admissum,
2010 2328 2357 2412 quibuscum
2391 2325 2636 2394 Caesar

575 2453 794 2499 versus
838 2451 1105 2518 pangere
1149 2432 1364 2497 solitus
1412 2433 1530 2511 sit,
1578 2453 1715 2497 nam
1754 2433 1867 2496 vix
1895 2431 2172 2514 attigisse
2203 2452 2340 2496 eum
2372 2453 2432 2496 a.
2470 2429 2627 2496 Chr.

577 2536 702 2616 59,
763 2557 880 2619 quo
922 2535 984 2599 id
1028 2534 1251 2599 fecisse
1294 2532 1612 2600 Neronem
1657 2544 1870 2599 narret
1912 2532 2166 2598 Tacitus
2216 2535 2407 2613 (Anu.
2446 2532 2627 2613 XIV,

584 2636 733 2724 16),
781 2637 1096 2722 expirasse
1139 2636 1338 2720 potius
1385 2658 1445 2700 a.
1496 2634 1646 2701 Chr.
1699 2635 1812 2714 58,
1861 2658 2026 2701 anuo
2056 2636 2274 2700 aetatis
2304 2632 2538 2698 XXlII
2574 2644 2626 2700 ¹.

575 2741 984 2825 Agnoscimus
1017 2739 1135 2803 viri
1163 2738 1554 2804 subtilitatem
1583 2751 1764 2824 atque
1798 2739 2104 2823 ingenium
2126 2783 2144 2816 ,
2192 2759 2408 2804 verum
2437 2759 2630 2821 quau-

578 2844 802 2909 tumvis
849 2842 1043 2928 cupidi
1087 2842 1162 2906 de
1203 2839 1407 2906 Persii
1449 2843 1641 2905 amico
1688 2843 2031 2906 accuratius
2091 2841 2340 2906 edoceri
2375 2848 2440 2919 2,
2499 2861 2628 2905 non

578 2966 896 3033 possumus
926 2956 1127 3009 tamen
1158 2943 1326 3008 hisce
1358 2943 1725 3008 coniecturis
1761 2944 1941 3008 ullam
1972 2945 2147 3008 fidem
2180 2943 2429 3009 habere.
2474 2943 2630 3008 Illud

579 3050 814 3132 quidem
848 3069 971 3112 non
1003 3067 1330 3131 negamus,
1377 3066 1529 3130 quae
1578 3043 2002 3128 Quintilianus,
2025 3046 2099 3111 de
2148 3043 2420 3111 Serrano
2451 3064 2629 3130 prae-

582 3153 784 3231 dicat,
829 3151 1103 3235 inprimis
1146 3150 1521 3215 voluntatem
1564 3149 1725 3213 recti
1765 3149 2051 3232 generis,
2097 3149 2183 3212 ita
2215 3167 2354 3212 esse
2386 3169 2626 3231 compa-

579 3266 750 3330 rata,
797 3263 864 3317 ut
895 3253 1268 3319 conveniant
1296 3252 1504 3317 iuveni
1535 3271 1669 3314 cum
1699 3247 1915 3315 Persio
1958 3261 2137 3334 atque
2171 3246 2395 3314 Caesio
2427 3247 2625 3314 Basso

580 3352 896 3422 Musarum
928 3377 1106 3421 sacra
1137 3354 1381 3420 colenti.
1440 3347 1674 3417 Verum
1706 3352 1869 3417 nullo
1900 3356 2079 3418 modo
2112 3353 2365 3418 concedi
2397 3361 2621 3437 potest,

588 3579 612 3632 1
653 3577 910 3646 Excerpta
946 3595 1012 3631 ex
1057 3577 1225 3646 Sarpii
1262 3578 1396 3629 libro
1447 3576 1592 3628 dedit
1626 3575 1906 3628 Frotscher
1950 3592 2066 3628 exe.
2120 3574 2142 3627 1
2178 3576 2241 3627 ad
2280 3574 2456 3642 Quint.
2493 3575 2532 3626 l.
2568 3574 2623 3627 X

742 3649 842 3701 228
868 3662 978 3714 sqq.
1036 3647 1351 3699 Sententiam
1389 3647 1504 3698 eius
1549 3644 1720 3708 solus,
1771 3645 1906 3711 quod
1942 3647 2133 3709 sciam,
2182 3645 2422 3713 probavit
2454 3642 2515 3694 G.
2552 3643 2616 3695 E.

652 3665 912 3768 &veter-us
947 3715 1123 3783 (Corp.
1164 3723 1323 3783 poett.
1366 3716 1484 3767 latt.
1524 3731 1572 3782 p.
1612 3712 1777 3766 xcvl
1804 3714 1930 3781 sq..)

581 3784 619 3840 2
652 3783 995 3846 Haberemus,
1049 3786 1135 3834 ubi
1182 3784 1437 3852 Phyllida
1473 3792 1526 3834 et
1566 3731 1862 3835 Calliroen(¹
1880 3788 2007 3848 (sat.
2047 3783 2087 3848 1,
2127 3782 2212 3834 34.
2256 3782 2378 3846 134)
2412 3796 2622 3846 quaere-

652 3868 856 3917 remus,
894 3852 962 3903 cf.
1001 3852 1126 3919 Calp
1133 3869 1249 3903 urn.
1286 3853 1384 3903 ecl.
1425 3852 1511 3915 111,
1551 3854 1617 3904 24
1643 3868 1756 3918 sq.-

1027 3922 1152 3972 llide
1188 3928 1463 3972 contentus
1501 3920 1642 3981 sola,
1681 3927 1737 3971 tu
1775 3921 1955 3983 testis,
1993 3919 2152 3984 Iolla,

913 3921 1175 4041 IChim-ocu
1212 3990 1421 4056 sprevi,
1461 3991 1693 4055 quamvis
1731 4005 1843 4040 cum
1882 3992 2000 4040 dote
2035 3996 2260 4053 rogaret.

650 4057 844 4111 Verum
879 4074 943 4110 ea
977 4060 1142 4123 ratio,
1182 4074 1280 4125 qua
1316 4058 1527 4109 Persius
1553 4064 1656 4109 tam
1680 4056 1921 4126 Phyllida
1943 4073 2090 4140 quam
2121 4057 2381 4110 Calliroen
2409 4056 2618 4122 sprevit,

652 4129 788 4182 baud
825 4143 950 4181 saue
984 4128 1240 4181 iudicaret
1275 4126 1492 4180 amicum
1529 4126 1648 4178 huic
1684 4134 1865 4193 poetae
1898 4127 2144 4180 animum.

174 4337 721 4618 Χ
