2764 4738
226 916 316 966 Ba.

233 1525 308 1576 Ba

360 913 382 965 1

313 1562 326 1575 .
354 1526 390 1577 2

358 4042 423 4092 Ε.

73 4139 321 4264 bks

421 411 548 454 een
1080 385 1808 450 PnoLssGoMENA.

591 555 722 621 Hos
766 555 940 620 codd.
989 557 1447 621 accuratissime
1494 578 1628 621 cnm
1674 557 1776 620 ed.
1813 554 2296 620 Tauchnitziana
2330 577 2486 618 con-

422 661 592 739 tulit,
641 671 705 724 et
733 681 837 723 vv.
869 658 934 720 ll.
971 658 1393 724 liberalissime
1425 680 1661 724 mecum
1705 659 2176 723 communicavit
2208 680 2269 722 a.
2311 657 2484 723 1837

425 760 548 827 Fr.
582 760 989 826 Breierus.

597 896 756 961 Cod.
833 896 1232 961 bibliothecae
1306 897 1722 961 universitatis
1798 896 2221 970 Dameam,
2314 895 2480 977 sign.

428 998 480 1063 F
513 986 607 1062 ffi
630 1000 739 1078 22,
777 997 914 1082 (Rs.
941 997 1007 1084 1)
1037 999 1537 1064 membranaceus
1569 1003 1761 1063 forma
1792 997 2024 1062 maiore
2047 1041 2066 1070 ,
2113 1018 2282 1060 saec.
2318 993 2484 1059 XIV

427 1113 495 1166 ut
536 1099 799 1176 Rothio,
860 1097 1019 1164 Xllt
1055 1112 1127 1163 'nt
1175 1099 1450 1178 Orellio,
1513 1098 1641 1165 ΧΠ
1695 1111 1764 1164 nt
1824 1098 2152 1164 Gerlachio
2211 1098 2480 1176 videtur,

426 1203 684 1288 scriptus
716 1199 1062 1266 Iuvenalem
1098 1214 1159 1265 et
1187 1199 1465 1265 Persium
1500 1202 1795 1264 continet.
1848 1199 2104 1264 Glossas
2137 1198 2315 1264 habet
2349 1201 2486 1263 nul-

423 1304 542 1369 lius
585 1303 789 1388 pretii.
848 1302 973 1369 Vv.
1022 1304 1086 1367 ll.
1135 1305 1266 1369 eius
1309 1304 1493 1367 hahet
1523 1303 1703 1367 etiam
1738 1299 2104 1366 Orellius
2134 1302 2198 1365 in
2228 1301 2486 1386 Eclogis

426 1416 614 1489 poctt.
649 1406 780 1468 latt.
818 1405 919 1467 ed.
954 1426 1084 1469 sec.

600 1504 758 1569 Cod.
825 1506 1091 1571 eiusdem
1149 1506 1595 1585 bibliothecae,
1659 1505 1819 1587 sign.
1869 1501 1920 1566 F
1965 1487 2071 1566 1'1'1‘
2103 1502 2147 1568 6
2205 1504 2348 1585 (Rs.
2383 1504 2482 1582 2),

426 1609 618 1670 forma
664 1628 916 1689 magna,
980 1608 1334 1671 chartaceus
1357 1654 1375 1685 ,
1439 1628 1605 1671 saec.
1665 1601 1791 1667 XV
1846 1606 2147 1689 scriptus,
2210 1608 2489 1671 continet

428 1707 707 1785 Horatii,
767 1705 1071 1772 luvenalis
1116 1720 1180 1771 et
1222 1706 1427 1771 Persii
1480 1708 1740 1783 satiras,
1804 1706 1980 1769 huius
2038 1717 2242 1771 tamen
2305 1719 2493 1772 sexta

431 1810 629 1873 deest.
693 1809 1057 1894 Adscriptae
1090 1819 1233 1872 sunt
1262 1811 1546 1894 glossae,
1594 1810 1656 1872 in
1699 1807 1795 1872 his
1828 1806 2241 1874 Teutonicae.
2293 1808 2492 1873 Huius

430 1931 663 1995 qnoque
695 1933 797 1974 vv.
832 1911 897 1973 ll.
935 1910 1117 1973 habet
1148 1909 1542 1974 OrellinS.

602 2010 934 2093 Utrumque
964 2012 1232 2075 codicem
1264 2011 1330 2074 in
1359 2033 1535 2075 usum
1567 2031 1762 2077 meum
1798 2011 2057 2075 contulit
2074 2007 2152 2075 C.
2174 2009 2257 2075 L.
2292 2008 2495 2075 Roth

431 2134 565 2177 cum
598 2114 864 2176 editione
897 2110 1247 2195 Bipontiua.

603 2212 760 2278 Cod.
795 2214 934 2277 olim
979 2212 1101 2277 Fr.
1150 2211 1548 2278 Creuzeri
1575 2260 1594 2292 ,
1640 2214 1742 2295 qui
1774 2213 1907 2278 eius
1940 2216 2312 2278 mentionem
2347 2216 2501 2279 fecit

432 2317 495 2380 in
544 2337 805 2380 censura
848 2315 1097 2397 quadam
1155 2314 1411 2400 (VVien.
1469 2315 1725 2382 Jahrbb.
1776 2313 2003 2381 LXIX
2044 2337 2103 2401 p.
2142 2314 2269 2381 100
2298 2322 2497 2401 sqq.),

436 2439 596 2481 nunc
628 2418 690 2479 in
723 2416 1084 2484 bibliotheca
1114 2417 1649 2503 Hez‘delbergensi
1685 2429 2037 2481 asservatus
2082 2418 2227 2504 (C.)
2249 2467 2268 2497 ‚
2319 2421 2503 2483 char-

434 2530 681 2595 tacens,
728 2540 896 2582 saec.
930 2514 1083 2598 XV,
1133 2519 1286 2582 male
1315 2520 1600 2601 scriptus.
1661 2517 2069 2583 Collationem
2102 2521 2179 2583 ad
2209 2519 2502 2584 Passovii

436 2620 764 2684 editionem
811 2640 847 2682 a
891 2641 960 2685 se
1008 2622 1224 2684 factam
1280 2642 1516 2684 mecum
1577 2620 2048 2685 communicavit
2107 2620 2504 2688 Schoene-

437 2742 785 2784 mannus·

611 2821 771 2885 Cod.
806 2822 1202 2887 bibliothecae
1232 2823 1634 2902 Dresdenszssg
1669 2825 1826 2909 sign.
1859 2822 1916 2887 D
1947 2822 2069 2887 155
2098 2823 2276 2909 (D.),
2312 2847 2506 2888 mem-

436 2923 812 2999 branaceus,
863 2924 1052 2987 nitide
1097 2926 1358 3009 scriptus
1404 2926 1579 3008 pictis
1623 2926 1999 3004 initialibus,
2049 2927 2325 2991 continet
2367 2928 2501 2990 l'oll.

437 3021 521 3088 88
550 3020 897 3087 Iuvenalem
930 3034 994 3088 et
1022 3024 1295 3090 Persium
1318 3070 1337 3101 ‚
1388 3028 1448 3089 in
1501 3027 1671 3090 cuins
1717 3030 1833 3092 fine
1868 3029 2091 3112 legitur
2123 3028 2245 3090 vita
2270 3075 2288 3104 ,
2338 3049 2370 3088 a
2407 3049 2508 3090 me

439 3145 499 3206 p.
525 3123 652 3188 240
682 3126 864 3189 edita.
903 3126 1199 3191 Extremo
1232 3128 1443 3192 codice
1473 3130 1759 3208 leguntur
1788 3128 1938 3193 haec
1963 3156 1979 3192 ε
2012 3128 2312 3212 Explicit
2340 3129 2509 3191 liber

439 3224 651 3287 Persii
688 3230 896 3291 satiri.
961 3229 1250 3314 Scriptus
1284 3250 1405 3314 per
1448 3250 1542 3291 me
1596 3229 1990 3294 Gherardum
2008 3279 2028 3308 ,
2087 3231 2352 3294 Ioannis
2398 3229 2513 3292 del

451 3324 741 3412 Cv'riagio
787 3332 975 3393 civem
1018 3341 1084 3392 ct
1124 3334 1434 3395 notorium
1481 3333 1908 3396 Florentinum
1942 3332 2020 3396 de
2049 3353 2214 3395 anno
2243 3331 2513 3394 Domini

444 3425 879 3494 MCCCCLH
927 3432 1002 3496 de
1056 3455 1259 3497 mense
1301 3433 1618 3518 Augusti.
1693 3430 1944 3497 Contuli
1988 3455 2048 3497 a.
2101 3432 2294 3499 1834.
2374 3434 2511 3497 Ad-

445 3525 723 3592 hibucrat
754 3533 867 3595 iam
910 3532 1351 3599 Passovius
1397 3537 1507 3608 (cf.
1544 3556 1604 3619 p.
1643 3533 1835 3618 155),
1885 3545 1949 3599 et
1995 3537 2268 3611 notavit,
2321 3533 2512 3599 Cor-

449 3627 630 3690 tium
676 3635 930 3716 margini
978 3637 1261 3700 editionis
1311 3635 1830 3714 Schrevclianae,
1890 3657 2043 3720 quae
2105 3637 2164 3699 in
2221 3638 2507 3700 biblioth.

446 3724 816 3796 Viniariensi
861 3749 1181 3813 servatur,
1245 3739 1516 3802 eiusdem
1558 3740 1825 3814 codicis,
1873 3760 2049 3821 quem
2103 3738 2517 3802 Chemnicen-

446 3846 571 3888 sem
602 3843 817 3908 vocat,
863 3858 966 3898 vv.
1001 3838 1064 3901 lt.
1102 3840 1524 3924 adscripsisse.
1587 3840 1712 3905 Eas
1757 3841 1947 3905 edidit
1980 3839 2058 3903 E.
2096 3837 2176 3903 G.
2213 3838 2515 3905 Webe-

450 3947 579 3990 rus
625 3929 682 3991 in
717 3934 979 3999 editione
1011 3961 1119 4002 sua
1160 3939 1357 4026 (Lips.
1396 3940 1615 4022 1824).

624 4028 780 4096 Cod.
841 4036 1239 4106 bibliothecae
1297 4045 1649 4109 monasterii
1701 4043 2194 4121 Eiresiedlensis,
2260 4067 2325 4107 n.
2388 4045 2522 4110 3⁶28
