2764 4738
782 413 1047 479 scum..
1079 414 1184 495 ᾼι)
1218 414 1387 479 SAT.
1421 416 1517 488 111,
1546 420 1688 478 8—-
1715 421 1846 481 15.·.
2185 411 2319 485 295

446 590 510 648 8.
563 588 878 664 Turgescit
931 588 1124 649 vitrea
1192 587 1379 659 bilis,
1441 584 1496 646 id
1537 598 1630 648 est
1654 600 1659 605 ‘
1686 587 1773 647 ira
1818 588 2018 646 'm‘trea
2040 630 2060 661 ,
2122 584 2187 646 id-
2223 597 2317 648 est

275 670 506 742 viridis,
551 673 886 750 perspicua,
926 670 1077 751 quod
1119 673 1297 735 iratus
1340 673 1675 751 intelligitur
1701 692 1778 733 ex
1805 672 1982 732 vultu.
2042 671 2135 732 lra
2166 674 2315 732 enim

274 755 487 817 virides
516 768 579 817 ct
608 755 845 836 pallidos
878 758 1017 816 facit
1046 758 1320 817 homines.
1498 761 1742 830 Vitrea,
1789 777 1936 837 quae
1980 758 2096 817 cito
2141 777 2315 836 appa-

277 853 399 914 ret,
443 862 511 902 ac
553 844 710 902 velut
752 841 962 922 aliquid
1008 853 1279 922 apparet,
1319 841 1470 924 quod
1505 845 1565 903 in
1594 845 1777 906 vitreo
1809 863 1947 903 vase
1977 862 2191 922 ponas,
2235 845 2316 904 ita

276 929 369 1009 qui
400 928 634 987 cholera
664 929 912 1005 patitur,
941 929 1056 988 cito
1086 939 1273 1007 paret.

445 1016 505 1074 9.
549 1014 816 1085 Εἰπὼν,
849 1023 920 1073 nt
943 1014 1270 1074 Arcadiae.
1317 1013 1439 1074 Hoc
1468 1012 1639 1074 dicite
1672 1015 1758 1074 Ita
1788 1033 2015 1092 rumpor
2042 1014 2314 1086 clamore,

275 1109 337 1157 ut
367 1099 560 1158 asinos
592 1097 797 1158 credas
827 1098 1095 1158 clamare.
1150 1101 1461 1165 Arcadiae
1481 1100 1772 1178 pecuaria
1804 1100 1995 1159 asinos
2025 1098 2192 1172 dicit,
2221 1101 2315 1179 qui

275 1185 513 1263 primum
543 1185 599 1243 in
627 1181 876 1244 Arcadia
904 1186 1021 1243 nati
1050 1193 1197 1243 sunt.
1264 1186 1513 1257 Εἰπὼν,
1545 1183 1601 1255 id
1632 1195 1723 1245 est
1751 1203 1998 1264 rumpor,
2028 1195 2088 1244 ut
2118 1186 2315 1244 existi-

278 1288 400 1328 mes
445 1266 760 1328 Arcadicos
804 1270 997 1328 asinos
1039 1267 1280 1340 rudere,
1325 1271 1421 1349 qui
1461 1290 1715 1351 campum
1745 1272 1896 1331 nacti
1924 1272 2125 1331 insane
2156 1270 2315 1330 exul-

275 1363 413 1414 tant.
467 1356 719 1414 Ruditus
746 1356 976 1433 proprie
1007 1356 1294 1414 asinorum
1325 1365 1438 1415 cst.

452 1443 550 1502 10.
592 1442 723 1499 Iani
768 1441 921 1499 liber
961 1450 1027 1499 et
1063 1440 1289 1499 bicolor
1321 1441 1555 1519 positis.
1612 1441 1852 1500 Bicolor
1870 1482 1889 1512 ,
1934 1438 1992 1500 id
2034 1451 2159 1512 est,
2202 1460 2314 1500 uua

275 1536 438 1603 parte
470 1543 679 1585 crocea
708 1531 729 1564 ¹
757 1525 977 1603 capillis
1007 1523 1266 1604 demptis.
1313 1524 1434 1596 Ea,
1482 1544 1627 1605 quae
1657 1537 1963 1585 causantur
2008 1526 2103 1605 qui
2151 1527 2314 1605 pigro

278 1607 539 1683 student,
596 1621 924 1681 enumerat3
991 1620 1054 1669 et
1096 1611 1203 1670 boc
1249 1608 1420 1670 dicit=
1497 1610 1783 1673 Incassum
1833 1631 2110 1682 excusas,
2166 1609 2312 1691 quod

273 1696 494 1754 vacatio
537 1696 772 1755 alicuius
818 1693 995 1757 officii
1040 1706 1097 1756 te
1138 1693 1396 1756 desidiae
1442 1705 1555 1755 tam
1616 1696 1820 1774 longae
1866 1694 2128 1767 tradidit,
2187 1715 2312 1755 cum

275 1780 523 1851 babeas,
570 1778 718 1861 quod
762 1801 901 1859 agas
920 1823 938 1852 ,
985 1782 1092 1839 nisi
1123 1781 1221 1840 tibi
1250 1782 1493 1840 inventis
1522 1782 1681 1840 vanis
1711 1781 2106 1841 occasionibus
2136 1800 2314 1840 vanas

273 1867 654 1926 necessitates
699 1884 1010 1945 procures,
1055 1863 1184 1925 dum
1225 1866 1318 1927 vel
1357 1886 1645 1937 crassum,
1686 1867 1777 1926 vel
1821 1868 1985 1926 nimis
2015 1864 2313 1926 remissum

274 1952 532 2010 causaris
574 1961 978 2010 atramentumz
1045 1961 1143 2010 aut
1204 1971 1314 2011 uon
1372 1952 1574 2013 bonam
1632 1951 1830 2013 calami
1890 1948 2314 2030 dispositionem

274 2055 551 2107 accusas,
581 2046 679 2094 tuo
710 2054 992 2115 quaereas
1023 2036 1140 2096 otio
1169 2037 1494 2096 consulere.
1552 2035 1831 2114 Ambigua
1861 2047 1956 2096 est
1983 2039 2129 2096 enim
2161 2037 2315 2095 bico-

277 2122 423 2179 lort‘s
468 2120 827 2180 membranae
871 2122 1038 2179 ratio.
1112 2118 1230 2181 Aut
1283 2122 1433 2180 enim
1489 2123 1709 2181 bicolor
1765 2121 2090 2181 membrana
2109 2163 2128 2192 ,
2185 2122 2316 2201 quia

275 2201 553 2282 qnondam
584 2203 821 2281 capillos
851 2204 1078 2275 habuit;
1135 2216 1233 2262 aut
1261 2225 1408 2285 quae
1440 2205 1658 2266 bicolor
1687 2208 1839 2266 facta
1870 2215 1997 2277 cst,
2037 2216 2100 2264 ut
2129 2208 2316 2283 posuit

271 2287 550 2365 capillos3
623 2297 722 2345 aut
779 2287 980 2346 merito
1053 2286 1414 2360 ’‘bicolor,
1488 2288 1682 2368 quod
1755 2310 1928 2366 pars
2001 2307 2313 2359 crocea,

276 2392 445 2451 pars
485 2373 868 2450 glutinata
911 2368 1099 2451 apud
1147 2374 1503 2451 antiquos
1549 2374 1753 2431 crat*
1785 2371 2138 2442 membrana,
2170 2390 2316 2450 quae

270 2455 348 2517 de
379 2458 619 2536 pellibus
651 2457 967 2517 animalium
998 2454 1302 2536 antiquitus
1334 2456 1693 2517 scribebatur
1725 2458 1781 2516 in
1812 2476 1925 2517 una
1954 2466 2139 2536 parte,
2169 2475 2316 2515 nunc

273 2560 415 2602 vcro
445 2545 500 2601 in
531 2552 768 2621 utraque
800 2552 961 2620 parte
991 2539 1213 2601 derasis
1244 2551 1456 2601 tantum
1487 2542 1637 2619 pilis.
1686 2541 1795 2601 Vel
1827 2541 1935 2602 boc
1967 2540 2136 2613 dicit,
2166 2537 2317 2620 quod

275 2628 515 2705 vigilans
562 2627 671 2686 sibi
721 2629 1125 2705 occupationes
1170 2646 1275 2705 per
1316 2624 1588 2687 desidiam
1630 2637 1907 2705 generat,
1946 2624 2074 2685 dum
2117 2635 2215 2685 aut
2243 2624 2316 2685 dc

276 2712 495 2773 calamo
537 2714 910 2792 intemperato
952 2713 1235 2790 queritur,
1280 2721 1376 2771 aut
1415 2709 1485 2771 de
1533 2713 1721 2791 pingui
1763 2723 1860 2772 aut
1903 2730 2121 2793 aquoso
2164 2721 2320 2770 atra-

275 2809 487 2858 mento.
533 2798 609 2857 Et
637 2795 936 2856 notandum
968 2798 1235 2857 feminino
1263 2816 1482 2875 genere
1513 2797 1868 2856 membrana.

367 2888 465 2947 13.
510 2884 712 2962 Nigra
757 2884 914 2961 quod
955 2881 1156 2960 infusa
1203 2893 1522 2955 vanescat,
1581 2884 1885 2960 *sepia‚
1946 2900 2078 2961 pro
2122 2891 2318 2941 atra-

276 2979 525 3029 mento
585 2989 621 3027 a
679 2968 941 3028 colore
999 2968 1292 3046 posuit,
1351 2968 1678 3048 quamvis
1734 2988 1868 3026 uon
1929 2986 2019 3026 ex
2065 2986 2184 3036 ea,
2245 2977 2320 3034 ut

276 3054 487 3126 Afri,
562 3050 695 3112 sed
754 3073 840 3113 ex
893 3053 1218 3131 fuligine
1277 3054 1573 3112 caeteri
1629 3052 2066 3112 conficiant
2123 3060 2319 3109 atra-

277 3160 331 3199 m
349 3160 382 3199 e
400 3161 434 3199 u
452 3151 612 3198 tum.
640 3135 706 3177 2*
770 3137 953 3216 Nigra
985 3140 1144 3217 sepia
1174 3139 1430 3198 vanescit
1459 3157 1534 3198 ex
1563 3138 1746 3197 infusa
1777 3137 1998 3217 lympha
2017 3180 2033 3208 ,
2080 3137 2209 3215 quia
2239 3137 2318 3196 ita

278 3228 442 3304 sepia
485 3224 658 3302 piscis
701 3224 920 3302 nigrum
960 3223 1135 3284 babet
1176 3226 1551 3302 sanguinem,
1610 3234 1673 3284 ut
1716 3233 2086 3283 atramentum
2129 3241 2206 3281 ex
2248 3241 2321 3281 ea

281 3311 631 3370 conficiatur.

455 3398 562 3457 1⁴.
608 3395 846 3453 Dilutas
909 3396 1250 3472 querimur,
1323 3391 1381 3452 id
1434 3403 1559 3464 cst,
1611 3392 1917 3452 dissolutas
1962 3393 2131 3451 nimia
2173 3412 2321 3470 aqua

283 3479 469 3539 fistula
511 3480 781 3558 geminet.
834 3480 1070 3538 Fz'stula
1110 3499 1213 3558 pro
1257 3479 1480 3538 cauuali
1527 3479 1743 3538 calamo
1785 3478 1972 3556 posuit
2017 3477 2316 3557 exquisite.

279 3566 354 3624 Et
385 3585 511 3625 eum
542 3562 939 3642 reprehendit,
986 3563 1136 3645 quod
1174 3561 1501 3645 quaerendo
1545 3564 1653 3624 boc
1684 3574 1744 3623 et
1772 3559 1908 3622 illud
1936 3573 2155 3642 tempus
2186 3580 2317 3642 per·

280 3648 396 3723 dit,
442 3670 550 3710 nec
582 3650 826 3729 prolicit.

457 3740 558 3797 15.
614 3738 660 3793 0
693 3736 907 3806 maz-ter,
955 3735 1129 3812 inque
1160 3735 1303 3793 dzbs.
1362 3735 1410 3793 Ο
1441 3735 1620 3812 magis
1652 3742 1820 3813 atque
1853 3734 2035 3812 magis
2064 3733 2318 3812 periture

283 3818 536 3892 desidia,
597 3821 690 3901 qui
747 3830 862 3878 tam
926 3820 1118 3899 inepte
1162 3822 1326 3899 piger
1370 3839 1436 3880 es
1495 3831 1557 3879 et
1596 3816 1670 3879 ad
1711 3819 1855 3878 banc
1895 3816 2321 3880 dissolutionem

288 3956 313 4009 1
355 3954 438 4007 Cl'.
478 3952 590 4005 Inv-
629 3952 742 4018 vll,
779 3953 869 4008 23.
1339 4013 1346 4018 “

283 4028 317 4082 2
356 4023 711 4146 {gagi-‘boc
742 4021 905 4075 schol.
949 4037 1048 4074 non
1083 4021 1256 4075 babet.
1296 4020 1480 4077 isidor.
1519 4023 1679 4089 gloss.
1732 4020 1968 4091 ,βορέω
2005 4022 2318 4076 incaustum.
