2764 4738
491 424 614 470 exc
1155 399 1878 466 PROLEGOMENA.

558 572 651 638 IV,
685 573 754 629 2⁶
788 571 978 623 milvus
1011 569 1219 623 olvemt
1252 598 1325 611 —
1358 571 1551 623 milvus
1585 579 1731 623 ernt
1763 570 1917 625 Rom.

556 658 627 726 V,
664 659 730 711 97
767 656 937 708 facere
972 655 1023 706 id
1058 655 1193 722 quod
1227 683 1298 693 —
1332 656 1504 708 facere
1539 659 1672 724 quod
1709 657 1822 725 ΜΡ.
1855 657 2009 711 Rom.

492 762 627 828 aliis
660 760 807 823 nihil
836 767 1067 833 restat,
1115 756 1230 822 nisi
1270 768 1338 821 ut
1377 779 1719 836 sumamus,
1767 746 1826 821 in
1869 758 2078 824 codice
2110 761 2440 846 archetypo
2472 781 2546 827 ea

490 886 599 928 vv.
648 882 771 925 non
813 860 1082 945 potuisse
1126 859 1288 946 legi,
1335 860 1436 925 vel
1490 860 2008 945 negligentissime
2051 873 2360 926 versatum
2408 882 2548 927 esse

491 965 840 1031 librarium:

560 1067 626 1130 ll,
665 1067 730 1118 63
768 1065 847 1115 dis
883 1080 948 1115 ex
985 1063 1080 1114 hac
1113 1090 1182 1101 -
1217 1063 1298 1113 dis
1336 1063 1435 1115 hac
1467 1064 1582 1132 ΜΡ.
1621 1064 1776 1118 Rom.

561 1150 625 1216 11,
661 1152 727 1204 73
766 1151 924 1218 possit
958 1148 1127 1213 magni
1153 1146 1406 1199 Messalae
1440 1176 1509 1187 —
1543 1152 1705 1217 possit
1728 1148 2125 1218 Messalaellp.
2165 1149 2325 1218 possit
2357 1165 2547 1215 magna

1120 1232 1345 1285 Messala
1379 1232 1533 1285 Hom.

558 1319 626 1385 V,
664 1320 694 1373 7
734 1317 945 1370 nebulas
984 1317 1224 1369 Helicone
1263 1319 1471 1383 legunto
1506 1346 1577 1356 -
1613 1318 1829 1371 nebulas
1869 1322 2078 1385 legunto
2113 1318 2226 1385 Mp.

560 1405 628 1470 V,
668 1408 765 1458 150
804 1406 1065 1456 nutrieras
1101 1411 1318 1472 pet-gant
1350 1431 1421 1441 —
1456 1412 1671 1471 pergant
1708 1405 1818 1472 Mp.
1856 1404 2009 1456 Rom.
2059 1420 2158 1455 om.
2205 1405 2544 1467 nutrierant,

1116 1490 1247 1556 quod
1287 1492 1337 1540 in
1377 1488 1529 1540 Rom.
1570 1486 1739 1540 adscr.
1781 1507 1810 1542 a
1846 1490 1882 1545 2
1916 1506 2052 1541 man.

562 1576 651 1642 Vl,
688 1578 722 1630 2
757 1574 956 1644 pectine
992 1574 1213 1625 chordae
1247 1602 1315 1612 —
1351 1575 1555 1641 pectine
1591 1574 1702 1639 ΜΡ.
1741 1574 1890 1626 Rom.
1941 1590 2039 1625 om.
2090 1574 2357 1639 chordae,
2407 1573 2547 1640 quod

1116 1660 1166 1710 in
1205 1658 1316 1726 ΜΡ.
1355 1659 1528 1710 adscr.
1570 1675 1598 1710 a
1634 1660 1670 1713 2
1704 1673 1842 1711 man.

562 1746 653 1810 Vl,
692 1747 759 1799 34
795 1744 924 1812 quod
963 1760 1066 1796 rem
1104 1752 1240 1795 curt.
1278 1772 1348 1783 -
1382 1744 1515 1811 quod
1555 1752 1688 1796 curt.
1727 1745 1838 1810 Mp.
1878 1743 2027 1795 Rom.

560 1831 651 1895 vl,
691 1832 756 1883 58
792 1831 953 1881 dicam
993 1835 1161 1880 tamen
1200 1829 1329 1881 adde
1366 1858 1432 1869 —
1474 1829 1638 1880 dicam
1676 1830 1804 1881 udde
1843 1831 1956 1897 ΜΡ.
1993 1827 2142 1881 Rom.

664 1947 830 2014 Haec
854 1948 1188 2030 composui,
1221 1948 1421 2032 putida
1442 1959 1507 2012 ut
1525 1948 1658 2013 aliis
1692 1949 1953 2013 fortasse
1984 1946 2290 2011 videbitur
2320 1968 2471 2011 cura
2491 1953 2540 2027 ¹,

492 2065 560 2120 ut
588 2054 728 2116 iude
760 2051 950 2135 qualis
996 2051 1178 2121 fuerit
1219 2051 1447 2115 codicis
1484 2050 1798 2136 archetypi
1829 2050 1985 2113 ratio
2016 2049 2301 2134 cognosci
2333 2061 2542 2132 queat.

490 2154 653 2220 Nam
698 2175 831 2218 cum
874 2152 1158 2216 vitiorum
1201 2153 1262 2215 in
1311 2152 1539 2216 nostris
1584 2153 1763 2216 codd.
1812 2151 2120 2217 obviorum
2169 2153 2340 2236 larga
2371 2151 2549 2235 copia

489 2259 606 2322 iam
654 2257 867 2319 ordine
915 2254 1202 2338 disposita
1246 2255 1357 2330 sit,
1421 2253 1735 2338 apparebit
1788 2254 2079 2337 primum,
2143 2253 2298 2336 quod
2360 2274 2548 2338 supra

492 2360 702 2446 posui,
754 2357 932 2422 codd.
981 2356 1122 2442 Mp.
1172 2366 1236 2420 et
1274 2355 1454 2421 Rom.
1502 2376 1586 2419 ex
1630 2355 1843 2420 eodem
1887 2357 2056 2420 sonte
2104 2377 2430 2434 manasse,
2479 2365 2549 2419 et

490 2462 631 2545 Mp.
677 2459 852 2543 paulo
898 2459 1133 2541 quidem
1178 2459 1375 2523 altero
1422 2458 1802 2522 emendatius
1856 2457 2143 2542 scriptum
2195 2478 2375 2533 esse,
2426 2478 2543 2522 nec

490 2563 745 2626 alterum
796 2583 878 2625 ex
923 2561 1116 2624 altero
1165 2560 1529 2643 descriptum
1575 2559 1809 2636 videri,
1873 2570 1996 2624 tum
2044 2559 2313 2624 codicem
2376 2559 2543 2623 illum

490 2664 814 2728 maximam
849 2674 1078 2746 partem
1111 2663 1300 2726 verba
1329 2660 1535 2727 Persii
1564 2661 1654 2744 ita,
1682 2661 2071 2740 exhibuisse,
2118 2673 2186 2725 ut
2228 2684 2337 2746 per
2379 2669 2547 2726 cete·

489 2787 598 2831 ros
642 2766 883 2830 codices
929 2763 1102 2827 nobis
1149 2775 1395 2828 servata
1426 2774 1590 2828 sunt.
1658 2760 1726 2825 Id
1759 2763 1916 2827 enim
1950 2763 2268 2847 praecipue
2299 2763 2543 2848 assequi

489 2869 694 2946 volui,
746 2887 821 2930 ne
866 2866 997 2951 quis
1040 2865 1189 2932 vitia
1235 2865 1414 2930 codd.
1457 2863 1600 2950 Mp.
1648 2864 1830 2930 Rom.
1878 2865 2184 2948 singulare
2231 2866 2370 2949 quid
2401 2886 2546 2950 por-

494 2971 747 3034 tendere
780 2979 971 3052 putet.

661 3069 923 3133 Restant
953 3079 1152 3135 autem
1185 3069 1483 3133 lectiones
1513 3069 1826 3152 quaedam,
1863 3087 2016 3149 quae
2048 3089 2178 3131 cum
2214 3069 2328 3133 hoc
2361 3071 2542 3133 modo

492 3170 787 3258 explicari
819 3183 1160 3253 nequeant,
1206 3172 1552 3236 accuratius
1584 3170 1995 3253 inspiciendae
2027 3182 2200 3246 sunt,
2238 3183 2300 3234 et
2330 3172 2544 3235 viden·

492 3277 653 3352 dum,
691 3295 768 3337 an
801 3295 883 3338 ex
913 3272 1382 3358 interpolatione
1415 3284 1586 3337 ortae
1620 3273 1766 3336 sint.
1804 3271 1965 3336 Nam
1997 3271 2054 3335 id
2086 3293 2327 3356 semper
2357 3293 2544 3355 qnae-

489 3378 743 3440 rendum
791 3387 922 3455 est,
971 3377 1070 3459 qui
1114 3375 1384 3439 codicem
1428 3373 1814 3452 emendavit,
1862 3385 2061 3437 utrum
2109 3374 2437 3459 diligenter
2465 3377 2541 3440 ad

490 3480 663 3542 fidem
698 3478 841 3541 boni
872 3477 1136 3563 exempli
1168 3477 1553 3556 correxerit,
1601 3497 1678 3539 an
1710 3477 1953 3561 proprio
1983 3475 2230 3559 ingenio
2276 3478 2541 3542 conlisus

493 3680 519 3735 1
560 3678 796 3729 Confer-ri
833 3686 1081 3745 possunt,
1130 3692 1261 3745 quae
1295 3677 1455 3728 simili
1493 3677 1664 3728 studio
1698 3677 1957 3741 congessit
1990 3674 2255 3737 Reitzius,
2308 3677 2539 3743 prolegg.

561 3747 624 3797 ud
678 3745 863 3797 Vellei.
918 3746 1027 3796 Pat.
1083 3762 1129 3798 c.
1170 3746 1238 3798 111
1289 3763 1336 3814 p.
1375 3744 1591 3797 CXXV!
1631 3761 1775 3812 sqq.,
1827 3746 1912 3796 ubi
1964 3746 2159 3796 similes
2207 3745 2537 3797 librariorum

562 3830 767 3867 errores
820 3816 1073 3865 invenies.
1148 3815 1340 3867 Verum
1427 3816 1524 3865 uod
1576 3816 1658 3866 hic
1706 3822 1996 3865 ceterorum
2043 3815 2190 3867 codd.
2244 3831 2337 3882 ope
2385 3814 2542 3867 facile

561 3882 897 3934 demonstrari
949 3883 1145 3950 potuit,
1200 3884 1248 3934 id
1301 3884 1353 3933 iu
1452 3884 1604 3934 elleio
1655 3884 1957 3934 coniectura
1994 3884 2363 3949 assequendum
2402 3892 2534 3934 erat.

560 3953 800 4002 Cetei-nin
853 3967 948 4000 uon
1001 3954 1477 4020 negohvariarum
1530 3952 1804 4003 lectionum
1851 3952 2096 4015 originem
2152 3960 2344 4018 pai-tem
2381 3953 2540 4004 alite-t·

559 4021 837 4088 explicari,
889 4026 943 4070 et
990 4021 1052 4072 de
1101 4021 1415 4088 quorundum
1464 4022 1687 4072 veritate
1738 4021 1816 4071 dis
1855 4023 1988 4070 utari
2019 4036 2200 4087 posse,
2256 4036 2433 4073 ver-um
2471 4023 2534 4073 nd

557 4104 804 4142 summam
842 4088 950 4154 roi,
990 4089 1054 4141 de
1087 4104 1187 4156 qua
1228 4090 1312 4142 hic
1344 4090 1550 4158 agitur,
1587 4091 1682 4142 hoc
1717 4090 1824 4142 nihi
1883 4089 2030 4141 facit.
