2764 4738
533 414 672 485 ⁴291)
1004 420 1270 484 SCHOL.
1313 420 1422 496 AD
1466 419 1637 484 SAT.
1682 422 1752 496 11,
1797 423 2098 486 59—63.

533 604 744 659 ,vectus
787 602 902 653 est.
960 591 1117 653 Bene
1159 574 1345 653 autein
1389 594 1447 652 in
1484 592 1593 652 illo'
1627 612 1849 652 nummo
1878 592 2158 671 geminum
2188 600 2316 651 erat
2342 591 2573 670 siguum,

533 690 604 738 =et
633 679 1033 762 hospitalitatis
1064 678 1182 738 laui
1200 721 1219 752 ,
1251 689 1311 739 et
1339 676 1614 738 adventus
1644 677 1908 750 Saturni,
1939 675 2089 758 quod
2119 683 2575 759 *aesfpostem

542 774 605 823 ut
646 761 852 823 dictum
898 773 1023 835 est,
1081 771 1107 800 *
1139 766 1209 823 iu
1260 761 1448 824 aede
1491 762 1802 823 Saturni
1852 761 2356 834 condebatur,
2413 781 2573 821 non·

535 848 692 907 dum
750 859 1071 927 argento
1142 868 1479 928 auroque
1548 851 1886 927 signato,
1957 845 2148 907 uude
2210 849 2571 907 aerarium

544 954 803 993 nomen
866 936 1190 1012 accepit.
1278 934 1451 993 Fuit
1500 945 1746 993 autem
1819 937 2025 993 assis
2083 933 2386 992 libralis
2446 933 2572 991 boc

543 1031 666 1078 est
705 1020 897 1078 libra
946 1039 1349 1099 appensuS,
1403 1029 1477 1078 et
1534 1017 1976 1098 dipondius*
2018 1016 2250 1077 duarum
2297 1018 2573 1085 librarum,

542 1103 770 1184 *quod
812 1102 1037 1164 bodie
1082 1106 1152 1164 in
1198 1124 1324 1163 usu
1377 1105 1765 1175 remansit,
1810 1113 1883 1163 et
1925 1103 2229 1162 solebat
2269 1104 2575 1181 pensari

541 1191 800 1266 potius
858 1209 1063 1269 quam
1118 1192 1530 1262 numerari,
1584 1187 1770 1249 uude
1855 1199 1929 1248 et
1986 1190 2351 1267 dispensa
2372 1198 2575 1247 tores

544 1275 730 1333 dicti
767 1285 1347 1353 prorogatores
1386 1281 1428 1334 ¹.
1451 1281 1480 1313 ¹⁸¹
1522 1274 1599 1333 Et
1627 1286 1716 1333 cst
1745 1293 1982 1333 sensus:
2007 1273 2286 1352 Mysteria
2313 1276 2577 1332 iunocen-

545 1361 679 1418 tium
710 1379 779 1419 ac
810 1360 1135 1438 simplicium
1165 1380 1427 1419 vasorum
1460 1361 1701 1420 avaritia
1729 1365 1832 1418 et2
1859 1378 2038 1419 caeca
2068 1360 2309 1418 removit
2336 1358 2577 1418 ambitio.

542 1444 654 1504 Vel
684 1446 815 1525 quia
846 1444 1122 1504 Saturnus
1154 1448 1343 1505 aereis
1373 1447 1528 1504 vasis
1568 1443 1917 1524 placabatur.

713 1533 817 1592 60.
865 1533 1247 1608 Vestalesque
1291 1548 1518 1603 umas,
1558 1540 1658 1588 aut
1697 1530 1918 1589 Vestae
1969 1539 2068 1588 aut
2106 1527 2424 1589 Vestalium
2466 1529 2577 1587 vir-

541 1614 764 1691 ginum,
828 1626 1121 1696 utrumque
1166 1617 1312 1675 euim
1341 1626 1470 1675 est.
1543 1614 1688 1675 Sunt
1716 1626 1905 1675 autem
1933 1634 2109 1685 vasa,
2151 1633 2297 1693 quae
2329 1615 2581 1673 serviunt

539 1698 797 1772 Vestae,
842 1700 1053 1760 fictilia.
1115 1701 1499 1780 virginesque
1543 1700 1815 1763 Vestales
1842 1702 1993 1761 vasis
2024 1700 2284 1759 fictilibus
2314 1700 2368 1757 iu
2401 1699 2578 1758 sacris

541 1786 714 1844 etiam
758 1805 898 1845 usae
943 1797 1092 1845 sunt.
1302 1787 1547 1845 Tuscum
1574 1786 1816 1863 fictile,
1892 1788 2014 1845 sive
2064 1782 2213 1864 quod
2254 1787 2308 1843 in
2352 1784 2577 1843 Etruria

541 1870 749 1929 creber
776 1891 911 1930 usus
940 1891 1203 1932 vasorum
1234 1872 1480 1931 fictilium
1512 1872 1738 1943 fuerat,
1781 1872 1905 1930 sive
1952 1871 2098 1950 quod
2142 1870 2318 1928 Tusci
2348 1867 2578 1929 deorum

542 1957 842 2015 simulacra
885 1957 1078 2030 lictilia
1119 1958 1402 2017 fecerunt.
1459 1956 1618 2017 Haec
1658 1959 1845 2016 omnia
1882 1956 2200 2016 luxuriante
2230 1952 2437 2014 mundo
2464 1975 2579 2014 mu-

542 2050 662 2099 tata
695 2053 840 2101 sunt.

709 2130 810 2188 61.
860 2128 908 2185 0
950 2145 1171 2186 curvae
1210 2128 1270 2186 iu
1304 2127 1506 2186 imnis.
1566 2124 1757 2197 Dicit,
1787 2127 2042 2205 spiritum
2072 2123 2315 2184 divinum
2344 2123 2582 2184 bomini-

541 2208 648 2268 bus
678 2221 879 2271 uatura
908 2230 1043 2271 esse
1073 2211 1333 2283 inditum,
1364 2221 1425 2271 et
1453 2211 1880 2290 intelligentiam
1912 2230 2208 2281 summam,
2254 2212 2579 2291 animosque

540 2306 769 2354 nostros
799 2297 1037 2375 originis
1067 2296 1289 2357 divinae
1319 2300 1675 2356 immemores
1705 2316 1839 2357 esse
1870 2298 2056 2357 factos
2074 2337 2093 2367 ,
2127 2306 2189 2355 et
2218 2314 2375 2355 more
2408 2316 2582 2376 pecu-

541 2379 668 2441 dum
699 2382 917 2441 humum
949 2394 1307 2462 spectantes,
1351 2393 1413 2442 ut
1445 2383 1725 2443 Salustius
1745 2387 1774 2423 ³
1801 2384 1915 2442 ait:
1962 2402 2112 2460 quae
2140 2391 2362 2442 natura
2384 2401 2580 2460 prona

540 2478 719 2544 atque
749 2471 951 2527 ventri
974 2461 1302 2528 obedientia
1326 2469 1546 2547 finxit.
1722 2469 1805 2528 Et
1849 2470 2191 2527 caelestium
2232 2470 2442 2528 manes
2457 2511 2479 2540 ‚
2525 2465 2580 2527 id

540 2563 667 2623 est,
694 2555 788 2632 qui
821 2554 1083 2631 ignorent
1109 2555 1420 2626 caelestia,
1452 2574 1485 2613 e
1517 2553 1717 2634 quibus
1748 2555 2024 2631 originem
2054 2551 2281 2613 ducunt.

713 2642 814 2700 62.
867 2640 1026 2713 Quid
1080 2641 1246 2698 iuvat
1302 2641 1413 2699 hoc
1426 2683 1449 2711 ‚
1526 2640 1757 2717 templis
1815 2648 2049 2698 nostr-os
2070 2680 2090 2709 ,
2159 2635 2219 2698 id
2261 2646 2390 2708 est,
2453 2634 2581 2718 quid

540 2720 809 2802 prodest,
853 2734 915 2782 ut
956 2722 1283 2798 credamus,
1343 2723 1485 2784 deos
1538 2723 1843 2802 cupiditate
1888 2725 2074 2804 aliqua
2118 2724 2209 2782 vel
2255 2722 2583 2793 ambitione,

542 2807 690 2868 sicut
718 2808 1008 2879 homines,
1050 2811 1247 2888 tangit
1287 2810 1416 2881 vel,
1458 2819 1520 2868 ut
1548 2809 1788 2870 bumana
1819 2828 2064 2889 corpora
2092 2805 2395 2868 credamus
2442 2807 2583 2868 deos

539 2892 794 2966 luxuria,
825 2894 916 2953 vel
946 2914 1184 2974 pompa,
1229 2906 1327 2955 aut
1355 2894 1668 2954 ambitiosis
1699 2892 1975 2955 delectari
2015 2894 2315 2966 carnibus,
2359 2906 2425 2954 et
2451 2894 2581 2954 reli-

541 2980 770 3038 citatem
801 2976 1032 3039 deorum
1063 2982 1115 3039 iu
1147 3000 1286 3039 auro
1317 2982 1603 3059 positam?

713 3068 814 3126 63.
857 3066 943 3124 Et
970 3066 1119 3124 bona
1150 3067 1263 3125 dieis
1293 3086 1372 3124 ex
1402 3067 1534 3125 hac.
1591 3062 1735 3137 Quid
1781 3064 2036 3125 delectat
2077 3062 2319 3126 credere
2364 3062 2582 3144 cupidi-

541 3159 660 3208 tate
692 3146 831 3208 deos
863 3153 1047 3228 tangi,
1098 3161 1160 3210 et
1198 3151 1347 3210 bona
1377 3170 1574 3210 eorum
1604 3152 1766 3210 malis
1797 3152 2007 3210 uostris
2040 3151 2412 3210 existimare?

472 3225 516 3307 [ζ
538 3233 730 3312 Pulpa
775 3246 867 3293 est
908 3255 1043 3295 caro
1087 3238 1212 3296 siue
1257 3234 1595 3316 pinguedine
1613 3278 1631 3307 ,
1688 3234 1839 3295 dicta
1880 3234 2028 3315 quod
2072 3236 2340 3315 palpitet;
2395 3235 2583 3294 resilit

539 3321 688 3379 euim
733 3338 908 3398 saepe
951 3332 1012 3380 et
1055 3323 1272 3381 m‘scum
1302 3332 1572 3393 vocatur,
1612 3332 1919 3401 propterea
1949 3320 2097 3401 quod
2125 3322 2411 3400 glutinosa
2443 3323 2519 3378 sit
2533 3326 2580 3376 ⁴.

537 3405 732 3482 Pulpa
774 3404 954 3476 dicta,
1000 3406 1144 3485 quod
1186 3427 1309 3467 cum
1354 3409 1509 3485 pulte
1557 3409 1721 3465 mista
1761 3409 1890 3466 olim
1921 3406 2297 3475 vescebatur,
2339 3403 2491 3465 unde
2523 3414 2583 3463 et

195 3489 202 3496 ’
249 3467 282 3550 s
532 3491 1073 3569 pulpamentarium
1117 3503 1178 3552 et
1212 3494 1576 3571 pulmentum
1619 3491 1828 3551 dictum
1867 3496 1908 3550 ⁵.
1968 3491 2128 3556 ‚Haec
2158 3491 2357 3551 eadem
2388 3490 2580 3571 pulpa,

246 3555 256 3594 ¹
538 3573 596 3633 id
626 3586 747 3646 est,
793 3575 902 3636 boc
945 3596 1150 3656 corpus
1194 3588 1445 3637 nostrum
1490 3578 1731 3637 omnium
1759 3579 1859 3637 viti
1899 3596 2022 3637 rum
2053 3596 2231 3637 causa
2260 3588 2384 3649 est,
2429 3573 2580 3657 quod

538 3658 852 3721 deti-active
883 3662 1223 3722 sceleratum
1256 3664 1583 3744 appellavit.

541 3830 564 3882 1
606 3828 686 3880 Cf.
728 3827 940 3882 Cramer
974 3833 1039 3883 ad
1074 3833 1235 3885 schol.
1275 3832 1388 3885 ίαν.
1426 3831 1539 3898 vll,
1582 3832 1698 3885 165.
1735 3837 2052 3900 erogatores
2075 3831 2193 3884 Cas.
2222 3830 2364 3882 Reiz.

536 3900 571 3952 2
606 3904 662 3948 et
685 3914 784 3949 om.
823 3900 967 3964 vulg.

536 3965 571 4088 Ξ
606 3965 1148 4087 [εὗέιᾶοιῗι.ῗι11ιέιίἦείἀ.
1186 4037 1349 4101 origg.
1388 4036 1487 4101 xl,
1528 3971 1830 4106 Liqufiu
1866 4054 1912 4091 s.
1951 4055 2007 4091 v.
2059 4038 2132 4091 Io.
2171 4053 2203 4090 a
2234 4036 2395 4090 Ianua
2432 4051 2485 4089 a.
2521 4050 2575 4085 v.

541 4108 569 4155 5
607 4103 794 4156 Eadem
830 4106 994 4157 refert
1028 4105 1211 4158 Isidor.
1248 4108 1415 4173 origg.
1451 4105 1579 4173 XX,
1614 4107 1671 4162 2.
1702 4115 1766 4204 >7
