2764 4738
527 382 653 448 172
1255 382 1421 444 8ΑΤ.
1455 384 1554 454 Ν,
1584 388 1668 445 22
1686 387 1884 445 -26,

526 556 722 630 Qualis
754 557 830 614 sit
858 556 1066 614 clarius
1109 552 1394 614 indicatur
1423 556 1490 612 iis
1510 598 1526 626 ,
1558 574 1703 633 quae
1736 550 2034 612 adduntur.
2114 553 2306 611 Ocima
2336 567 2554 608 vernae

527 651 754 712 cantat,
789 641 844 699 h.
877 661 952 711 e.,
983 650 1045 699 ut
1064 639 1287 699 Seneca
1321 646 1475 718 (epp.
1507 639 1654 711 LVl,
1687 644 1750 708 3)
1785 641 1882 708 ait,
1912 656 2160 696 mercem
2195 657 2292 694 sna
2320 633 2553 714 quadam

526 737 587 785 et
615 727 880 804 insignita
910 725 1286 785 modulatione
1303 724 1513 784 vendit.
1560 724 1617 783 ld
1648 727 1793 783 enim
1827 735 1919 784 est
1948 734 2182 781 cantare
2216 720 2353 780 unde
2381 722 2554 778 etiam

526 810 598 870 de
629 813 887 870 convicio
932 812 1142 889 antiqui
1183 821 1495 870 occentare
1541 809 1839 878 dicebant,
1895 810 2026 888 quia
2071 807 2130 865 id
2158 807 2311 866 clare
2340 817 2555 864 etcum

527 895 765 976 quodam
812 916 1023 955 canore
1066 897 1163 965 fit,
1223 906 1284 952 ut
1325 896 1524 974 procul
1571 893 1827 954 exaudiri
1874 904 2046 973 queat
2091 894 2193 966 (εἰ.
2234 892 2382 950 Fest.
2414 912 2464 948 s·
2500 912 2555 949 v.

528 982 940 1052 occentassint)
962 1004 976 1039 ε
1009 982 1087 1039 ita
1103 993 1336 1040 cantare
1355 983 1523 1040 etiam
1543 1000 1872 1058 perversum
1893 980 2042 1037 illum
2061 977 2331 1037 recitandi
2346 995 2558 1035 morem

528 1068 841 1143 significat,
889 1085 998 1145 quo
1043 1063 1099 1124 id
1129 1086 1253 1126 cum
1299 1063 1676 1125 modulatione
1708 1066 1802 1135 fit,
1845 1067 1922 1123 cf.
1956 1064 2150 1122 Heinr.
2182 1061 2251 1121 ad
2283 1062 2388 1120 luV.
2413 1062 2462 1132 l,
2495 1065 2557 1123 3.

527 1151 651 1222 Vll,
690 1156 827 1213 153.
865 1153 1117 1210 ocimum
1147 1172 1422 1232 quaenam
1455 1151 1632 1210 herba
1670 1153 1763 1221 sit,
1793 1171 1902 1208 non
1936 1160 2128 1227 potest
2161 1158 2418 1209 accurate
2453 1145 2560 1205 de·

527 1238 685 1296 cerni
720 1238 820 1308 (cf.
865 1234 1219 1308 Beckmann,
1264 1237 1444 1296 Beitr.
1475 1256 1528 1294 z.
1574 1236 1783 1295 Gesch.
1818 1234 1871 1293 d.
1903 1235 2028 1292 Erl'.
2077 1235 2123 1293 ll
2168 1256 2221 1313 p.
2251 1239 2372 1296 535
2401 1238 2556 1312 sq.);

528 1321 737 1380 Plinius
768 1320 940 1379 tradit
969 1322 1181 1395 (XXV,
1212 1327 1316 1394 20,
1346 1327 1453 1394 48)
1487 1341 1611 1381 eam
1643 1341 1677 1380 a
1708 1318 2035 1401 quibusdam
2080 1321 2327 1378 inutilem
2369 1330 2425 1378 et
2455 1338 2562 1376 no-

530 1418 750 1466 centem
784 1406 1026 1465 habitam
1060 1409 1259 1480 t‘uisse,
1292 1419 1352 1466 et
1381 1427 1650 1466 venerem
1683 1407 1970 1465 stimulare
2017 1407 2119 1478 (cf.
2150 1406 2350 1465 Eubuli
2380 1407 2559 1462 iocum

528 1490 676 1571 apud
720 1491 934 1551 Athen.
975 1492 1105 1552 xssl
1147 1514 1200 1571 p.
1249 1498 1371 1556 567
1419 1493 1483 1550 C.
1529 1492 1795 1551 Meineke
1859 1493 2079 1567 frgmm.
2141 1511 2290 1550 com.
2351 1510 2437 1568 gr.
2481 1487 2562 1546 lll

530 1598 584 1656 p.
618 1581 741 1640 229
774 1582 907 1655 sq.).
954 1577 1012 1635 Id
1043 1577 1234 1638 vendit
1262 1598 1481 1637 vernae
1495 1578 1638 1636 bene
1670 1579 1769 1651 (cf.
1802 1577 1846 1648 1,
1867 1582 2011 1650 111)
2046 1579 2353 1646 άιὶςοίηοῑο,
2386 1575 2560 1633 disso-

532 1663 645 1722 luto
679 1663 779 1737 (cs.
816 1662 908 1733 111,
940 1667 1067 1734 31).

699 1767 785 1808 vs.
817 1751 1091 1810 23—-24,
1136 1748 1435 1827 Postquam
1480 1748 1767 1826 hucusque
1812 1747 2130 1825 exemplum
2174 1748 2299 1805 eius
2331 1746 2563 1804 hominis

530 1830 853 1911 descripsit,
884 1836 977 1914 qui
1011 1844 1195 1893 semet.
1223 1844 1520 1892 contentus
1552 1836 1806 1910 seipsum
1839 1852 2193 1910 cognoscere
2214 1853 2323 1890 non
2359 1830 2564 1901 studet,

527 1928 590 1976 ut
621 1917 892 1978 Socrates
923 1918 1202 1979 Alcibiadi
1232 1919 1560 1997 Delphicum
1593 1917 1724 1976 illud
1753 1919 1950 1994 γνῶθι
1992 1913 2212 1976 σαυτόν
2240 1919 2293 1976 in
2328 1929 2563 1976 mentem

529 2013 765 2062 revocat
795 2010 878 2081 (p.
917 2009 1038 2066 124
1070 2004 1192 2076 B.),
1222 2006 1301 2062 ita
1343 2005 1575 2063 Persius
1606 2003 1738 2061 illud
1771 2005 1878 2062 iam
1911 2005 2204 2080 exprimit:
2302 2005 2380 2061 m
2408 2022 2564 2060 nemo

530 2090 589 2147 in
624 2108 687 2146 se
713 2090 1065 2148 descendere
1095 2095 1324 2148 tentat!
1380 2091 1468 2149 cui
1517 2090 1753 2148 alterum
1811 2090 1994 2145 statim
2040 2089 2230 2146 vitium
2297 2088 2565 2166 adiungit,

531 2173 675 2253 quod
724 2194 848 2232 cum
896 2175 1001 2234 hoc
1042 2177 1394 2234 coniunctum
1441 2194 1574 2233 esse
1620 2177 1799 2246 solet,
1860 2184 1918 2231 ut
1962 2172 2087 2230 dum
2135 2193 2236 2231 sua
2281 2176 2407 2253 qnis
2438 2175 2567 2231 vitia

529 2278 883 2336 cognoscere
930 2261 1200 2337 negligit,
1233 2261 1419 2318 aliena
1465 2262 1783 2338 vituperet,
1816 2256 1963 2338 quod
1995 2256 2200 2317 deinde
2233 2260 2564 2317 illustratur.

536 2344 613 2403 Ut
637 2362 801 2403 nemo
850 2353 1076 2417 tentat,
1141 2365 1264 2404 cum
1310 2345 1696 2424 indignatione
1741 2344 1885 2417 (Cic.
1918 2365 1975 2424 p.
2009 2345 2128 2404 Mil.
2160 2348 2264 2416 24,
2299 2349 2401 2408 64.
2437 2344 2565 2403 Hor.

531 2439 639 2488 sat.
673 2428 742 2499 ll,
788 2434 847 2501 8,
881 2435 1018 2501 62),
1065 2433 1126 2489 in
1155 2451 1282 2489 sese
1314 2434 1703 2501 descendere,
1755 2446 1814 2492 ut
1858 2450 1923 2489 se
1964 2432 2187 2509 penitus
2235 2442 2565 2508 cognoscat.

528 2511 742 2591 Aesopi
777 2514 963 2573 fabula
996 2517 1129 2588 suit,
1176 2537 1619 2597 unumquemque
1653 2517 1927 2575 hominem
1960 2515 2096 2574 duas
2127 2517 2342 2574 babere
2374 2517 2571 2574 manti-

530 2618 626 2658 cas
654 2601 801 2659 vitiis
845 2602 1126 2678 repletas,
1172 2603 1443 2673 alteram,
1488 2604 1543 2660 in
1585 2623 1693 2682 qua
1740 2601 1922 2659 aliena
1969 2603 2101 2659 vitia
2146 2602 2349 2671 insint,
2403 2620 2569 2679 supra

529 2696 728 2763 pectus
781 2685 1152 2762 pendentem,
1198 2688 1468 2757 alteram,
1513 2688 1568 2744 in
1616 2707 1725 2767 qua
1756 2688 1983 2763 propria
2015 2698 2293 2764 congesta
2327 2689 2474 2756 sint,
2520 2692 2571 2744 in

529 2780 714 2847 tergo.
762 2771 850 2827 Cf.
885 2770 1125 2830 Phaedr.
1156 2771 1254 2842 lV,
1286 2776 1344 2835 9.
1381 2772 1589 2830 Catuli.
1625 2771 1807 2841 XXll,
1839 2774 1941 2833 21.
1976 2772 2110 2829 Hor.
2131 2782 2239 2829 sat.
2258 2771 2325 2841 11,
2347 2776 2570 2841 3‚299.

533 2852 668 2914 Sen.
701 2852 769 2913 de
802 2857 885 2913 ira
916 2855 983 2928 ll,
1026 2861 1133 2918 28.
1185 2857 1329 2915 Plut.
1371 2858 1566 2915 Crass·
1599 2862 1702 2919 30.
1734 2857 2006 2915 Themist.
2041 2878 2127 2914 or.
2161 2857 2184 2914 1
2217 2878 2270 2934 p.
2317 2862 2402 2919 42
2448 2857 2572 2916 Pet.

531 2940 609 2998 cf.
642 2938 918 2998 Schwabe
960 2941 1028 2998 ad
1077 2941 1317 3000 Phaedr.
1364 2953 1406 2999 t.
1439 2942 1490 3001 11
1532 2963 1586 3020 p.
1620 2946 1764 3004 232.
1814 2943 1934 3015 Qua
1970 2943 2158 3000 fabula
2203 2945 2282 3000 ita
2314 2964 2452 2999 usus
2487 2953 2575 3001 est

531 3024 782 3094 Persius,
813 3036 874 3083 ut
904 3027 1163 3104 fingeret,
1197 3028 1472 3086 hominem
1510 3048 1612 3086 sua
1654 3036 1863 3085 tantum
1896 3029 2030 3085 vitia
2062 3030 2115 3085 in
2165 3031 2412 3086 mantica
2441 3048 2574 3105 por·

529 3120 675 3180 tare,
707 3130 850 3189 quae
899 3131 933 3168 a
977 3119 1144 3190 tergo
1175 3111 1455 3190 pendeat,
1503 3124 1563 3171 ut
1607 3113 1834 3190 propria
1875 3113 2007 3170 vitia
2052 3133 2331 3192 nunquam
2365 3113 2575 3183 videat,

532 3192 632 3252 sed
666 3213 737 3252 ea
777 3205 986 3253 tantum
1030 3217 1173 3276 quae
1218 3195 1570 3275 praecedens
1615 3200 1667 3255 in
1718 3210 1881 3274 tergo
1928 3208 2134 3274 portet.
2197 3197 2287 3256 Ad
2320 3198 2377 3255 h.
2413 3199 2449 3256 l.
2485 3219 2575 3257 re·

533 3280 723 3356 spexit
752 3279 1129 3358 Hieronymus
1173 3303 1263 3360 ep.
1299 3282 1488 3341 LXIX
1519 3282 1699 3354 (XCI)
1734 3293 1772 3341 t.
1808 3282 1960 3353 1V‚2
1995 3304 2049 3360 p.
2083 3287 2208 3345 608
2241 3283 2382 3342 Ben.
2405 3306 2422 3340 t
2469 3285 2576 3354 „Si

532 3373 777 3422 nostram
809 3385 1000 3442 peram
1032 3388 1143 3425 non
1182 3366 1443 3426 videntes
1488 3368 1752 3439 aliorum,
1783 3369 1938 3425 iuxta
1971 3367 2246 3440 Persium,
2281 3370 2577 3427 manticam

533 3447 1021 3522 consideremus‚“
1053 3454 1146 3532 qui
1177 3464 1367 3511 tamen
1402 3452 1573 3510 alieni
1607 3451 1737 3531 quid
1768 3451 2139 3514 admiscuisse
2171 3452 2418 3513 videtur.

701 3555 755 3592 v.
788 3540 1061 3598 25-32,
1118 3537 1392 3615 Exemplo
1439 3538 1546 3595 iam
1592 3536 1971 3608 demonstrat,
2005 3549 2065 3596 ut
2095 3540 2349 3598 homiues
2382 3541 2578 3618 quavis

533 3621 835 3679 occasione
867 3633 1096 3699 arrepta
1141 3624 1193 3680 in
1240 3623 1476 3681 aliorum
1507 3624 1640 3681 vitia
1673 3624 2042 3692 invehantur,
2091 3644 2202 3701 quo
2233 3623 2422 3702 lepide
2455 3645 2579 3684 ser·

533 3723 751 3762 monem
784 3707 1070 3783 vulgarem
1102 3710 1368 3778 imitatur,
1402 3720 1462 3766 et
1490 3710 1787 3784 imaginem
1820 3710 1975 3765 avari
2009 3710 2246 3786 egregie
2295 3709 2578 3788 depictam

536 3793 813 3866 proponit.
860 3790 985 3862 Hic,
1017 3813 1138 3851 cum
1171 3791 1241 3851 de
1274 3791 1521 3871 praediis
1570 3793 1803 3851 Vettidii
1836 3804 2179 3873 quaeratur,
2211 3797 2404 3853 statim
2436 3795 2582 3854 alter

535 3872 605 3932 de
637 3876 874 3934 avaritia
906 3878 1027 3935 eius
1074 3879 1219 3957 loqui
1266 3874 1483 3956 incipit.
1529 3880 1708 3937 Dives
1739 3889 1883 3937 arat
1923 3880 1960 3935 i.
1994 3897 2050 3936 e.
2087 3898 2263 3956 agros
2298 3880 2579 3958 possidet,

532 3961 611 4019 cf.
663 3959 798 4019 Sen.
842 3981 968 4040 epp.
1015 3963 1355 4033 LXXXVII,
1390 3967 1461 4024 6:
1535 3962 1777 4022 Divitem
1809 3964 1958 4022 illum
2006 3974 2196 4042 putas,
2231 3998 2311 4009 ——
2348 3968 2482 4045 quia
2528 3968 2577 4025 in

531 4046 783 4106 omnibus
816 4049 1114 4127 provinciis
1146 4061 1292 4109 arat.
1323 4048 1522 4108 Horat.
1555 4046 1719 4128 epod.
1754 4049 1851 4122 lV,
1888 4052 1984 4112 13.
2040 4051 2233 4109 Cures
2263 4069 2372 4110 cur
2403 4055 2577 4112 nomi·

432 4440 561 4533 ..χ
