2764 4738
884 415 1055 482 SAT.
1088 417 1190 493 lv,
1221 422 1394 484 49-
1407 423 1510 485 52.
2100 416 2229 487 179

183 587 314 657 las,
357 585 553 667 quihus
592 589 706 648 ista
749 587 996 650 libenter
1034 590 1257 663 hauris,
1300 592 1381 651 οἲ.
1414 587 1658 650 Markld.
1690 588 1764 650 ad
1793 588 1946 651 Stat.
1976 588 2119 654 Silv.
2147 593 2226 664 V,

177 675 243 743 2,
273 676 373 735 58.
416 672 671 733 Hildehr.
712 672 787 734 ad
826 674 997 755 Apul.
1040 675 1180 737 Met.
1211 677 1255 747 1,
1289 683 1317 739 1
1354 697 1409 755 p.
1441 679 1500 740 6.
1567 678 1759 735 Cerdo
1791 674 1940 755 apud
1973 677 2225 739 Graecos

178 754 491 839 (Κέρδων)
532 778 736 819 nomeu
780 761 989 821 servile
1033 772 1124 822 est
1182 762 1499 836 (Demosth.
1545 761 1768 823 Nicost.
1803 782 1859 841 Ρ.
1893 765 2078 825 1252.
2107 763 2226 822 Eu-

175 841 360 921 phron
385 863 476 924 ap.
504 843 716 904 Athen.
746 844 827 905 lx
855 866 910 924 Ρ.
944 850 1103 917 377,
1134 856 1176 906 t.
1208 847 1289 908 IV
1311 867 1366 926 p.
1387 850 1515 910 493
1540 846 1740 919 Mein.)
1760 888 1777 918 ,
1822 846 2088 907 Romanis
2121 868 2223 906 no·

174 946 307 987 meu
327 926 477 988 haud
503 931 583 988 ita
614 931 944 1011 infrequens
976 930 1161 1004 (Grut.
1183 936 1243 1003 8,
1275 937 1389 1004 15ς
1441 936 1583 1002 186,
1608 935 1674 993 4.
1706 931 1915 992 Murat.
1951 937 2136 1004 1505,
2160 937 2223 1006 3,

180 1017 367 1085 1521,
401 1018 461 1075 7.
506 1011 661 1093 Spon
689 1016 852 1075 misc.
887 1020 1107 1095 Ρ.221.
1139 1016 1341 1076 Marini
1374 1019 1446 1078 fr.
1477 1016 1618 1077 Arv.
1642 1037 1698 1095 p.
1738 1021 1910 1087 712).
1958 1014 2222 1078 Sutorem

174 1097 451 1158 Martialis
493 1111 663 1160 vocat
706 1100 1011 1160 cerdonem
1056 1102 1173 1175 (ΙΙΙ,
1219 1105 1315 1164 16.
1350 1107 1452 1165 59.
1488 1106 1632 1174 99),
1690 1101 1942 1162 CERDO
1972 1101 2224 1164 FABER

175 1194 271 1242 est
309 1185 365 1242 in
412 1186 816 1264 inscriptione,
862 1206 1025 1266 quam
1055 1186 1232 1246 edidit
1260 1186 1416 1265 Spou
1462 1188 1645 1258 (misc.
1676 1207 1731 1266 p.
1761 1192 1880 1250 221
1915 1206 1991 1247 ex
2018 1188 2218 1252 sched-

174 1267 408 1341 Rath).
459 1269 752 1331 Cerdones
781 1273 836 1331 in
863 1274 1184 1331 universum
1217 1271 1477 1334 dicuutur
1505 1271 1783 1350 ignobiles
1803 1315 1820 1342 ,
1864 1273 2119 1333 homines
2148 1273 2220 1335 de

174 1354 363 1432 plebe,
399 1365 464 1414 ut
487 1357 542 1414 h.
562 1357 598 1415 l.
631 1355 778 1435 apud
808 1357 1000 1418 Iuven.
1032 1357 1132 1429 IV,
1179 1362 1284 1421 53.
1320 1357 1467 1429 VIII,
1503 1361 1644 1420 183.
1694 1357 1854 1418 Tert.
1886 1355 1957 1418 de
1987 1359 2120 1438 pall.
2153 1364 2217 1423 5.

177 1437 413 1511 Quidam
443 1440 786 1503 christianos
814 1442 922 1502 hoc
950 1443 1174 1503 nomine
1203 1454 1438 1503 vocatos
1463 1443 1642 1503 fuisse
1672 1452 1901 1522 putant,
1951 1463 2008 1504 v.
2035 1445 2216 1524 intpp.

173 1522 384 1585 Minue.
430 1524 555 1586 Fel.
596 1548 653 1605 p.
701 1531 805 1590 33.
879 1528 951 1587 Hi
994 1529 1167 1606 igitur
1202 1530 1425 1588 tollant
1461 1547 1706 1588 munera
1751 1547 1901 1603 sua,
1936 1547 2043 1602 ea,
2072 1548 2220 1609 quae

175 1607 535 1671 blandientes
563 1614 663 1672 tihi
687 1613 981 1693 effingunt.
1050 1616 1257 1673 Tecum
1285 1614 1532 1685 habita,
1577 1624 1637 1673 te
1680 1625 2079 1692 perscrutare,
2110 1635 2219 1677 uec

175 1704 233 1754 te
289 1699 647 1775 quaesiveris
688 1710 853 1758 extra
898 1698 966 1771 (Ι,
1005 1703 1108 1771 7),
1166 1700 1295 1779 quia
1354 1700 1404 1759 is
1447 1698 1597 1759 hene
1641 1708 1806 1758 notus
1851 1717 1987 1760 esse
2051 1700 2221 1774 solet,
2293 1719 2294 1722 ¹

173 1782 395 1858 quicum
430 1783 489 1840 in
533 1803 645 1842 nna
688 1782 854 1843 domo
898 1783 1236 1845 habitamus.
1293 1785 1513 1856 Nori-5,
1559 1802 1733 1863 quam
1766 1785 1855 1842 sit
1900 1785 2015 1845 tihi
2041 1797 2217 1847 curta

174 1868 489 1944 supellex,
545 1867 743 1929 eadem
803 1871 1226 1948 comparatione
1269 1869 1341 1929 ab
1403 1868 1705 1929 habitando
1764 1866 2022 1930 desumta
2064 1868 2222 1946 dicit,

175 1953 363 2097 peusis,
408 1965 759 2033 quantopere
804 1954 903 2014 tihi
942 1954 1309 2015 laborandum
1337 1955 1448 2027 sit,
1480 1965 1543 2014 ut
1569 1965 1629 2015 te
1668 1965 1908 2034 tuasque
1945 1974 2043 2017 res
2069 1956 2217 2019 hene

231 2056 399 2098 neas.

996 2244 1415 2254 ———--—-—-———-

752 2432 1462 2496 SATIRA
1575 2437 1648 2497 V.

849 2621 1529 2685 ARGUMENTUM.

342 2807 673 2868 Primarium
718 2810 880 2869 huius
924 2811 1137 2870 satirae
1182 2820 1571 2888 argumentum
1614 2809 1864 2870 Stoicum
1902 2808 2106 2890 dogma
2143 2812 2215 2874 de

176 2892 439 2954 libertate
477 2914 609 2955 esse
656 2894 825 2956 facile
867 2896 1221 2974 intelligitur.
1273 2892 1434 2967 Quod
1464 2906 1807 2956 tractaturus
1839 2896 2067 2957 Persius
2097 2918 2216 2959 rem

176 2979 251 3037 ita
275 2980 550 3050 instituit,
583 2991 645 3039 ut
674 2980 922 3040 Cornuto
952 2983 1256 3059 magistro,
1287 2982 1379 3040 cui
1413 2981 1805 3061 philosophiae
1837 2984 2214 3060 cognitionem

177 3061 439 3135 debebat,
471 3085 617 3144 quae
634 3077 849 3125 eertum
880 3068 1031 3125 vitae
1060 3068 1226 3126 linem
1255 3064 1428 3138 dedit,
1459 3077 1679 3144 gratum
1711 3068 1949 3126 animum
1982 3069 2216 3148 prolite-

177 3160 350 3220 retur,
382 3152 544 3209 euius
574 3149 716 3211 haec
747 3154 924 3210 satira
953 3153 1247 3229 egregium
1284 3164 1696 3211 monumentum
1729 3155 1971 3232 reliquit.
2017 3154 2217 3234 Incipit

177 3252 313 3312 ergo
349 3255 388 3293 a
430 3245 618 3294 vatum
663 3239 1229 3308 commemoratione,
1274 3239 1366 3317 qui
1398 3256 1520 3295 cum
1552 3257 1781 3297 carmen
1820 3238 2213 3312 exordiuntur,

176 3330 396 3379 centum
427 3321 534 3379 sihi
565 3341 739 3381 voces
768 3341 1015 3401 poscere
1046 3323 1234 3381 solent
1265 3332 1342 3394 (v.
1379 3327 1590 3396 1—4).
1638 3323 1826 3395 Quare
1853 3324 2213 3387 mirabundus

177 3422 248 3463 ex
279 3425 355 3465 eo
387 3407 642 3484 quaerit,
673 3426 835 3487 quem
869 3418 1231 3485 praesentem
1259 3409 1448 3486 fingit,
1481 3407 1793 3479 Cornutus,
1825 3407 1954 3488 quid
1988 3409 2213 3469 tandem

176 3509 432 3569 maguum
482 3492 588 3562 sit,
634 3492 785 3572 quod
826 3493 1092 3572 incipiat,
1141 3504 1201 3552 et
1235 3504 1393 3552 tanto
1443 3493 1595 3551 hiatu
1644 3491 1904 3572 diguum3
1966 3496 2216 3573 tragicos

175 3587 372 3653 poetas
412 3595 482 3634 os
525 3596 730 3656 magna
769 3596 978 3636 sonans
1028 3576 1276 3649 decere,
1317 3598 1427 3637 non
1474 3577 1757 3650 Persium,
1799 3580 1892 3658 qui
1921 3579 2088 3658 longe
2119 3600 2214 3640 re-

177 3672 354 3720 motus
398 3661 471 3720 ab
511 3660 661 3722 inani
710 3664 975 3721 iaetantia
1001 3704 1020 3733 ,
1064 3663 1367 3722 verborum
1413 3673 1685 3722 tumorem
1726 3674 1988 3740 spernat,
2030 3676 2089 3725 et
2118 3686 2213 3726 re·-

177 3748 345 3805 misso
389 3746 520 3805 stilo
565 3748 841 3806 hominum
883 3749 1024 3807 vitia
1055 3758 1258 3807 notare
1293 3759 1353 3808 et
1376 3747 1567 3807 ridere
1593 3749 1799 3808 calleat
1842 3757 1918 3824 (v.
1958 3755 2211 3824 5—18).

178 3830 274 3890 Cui
309 3843 482 3910 poeta
513 3831 623 3892 hoc
652 3831 876 3913 quidem
903 3852 1098 3891 verum
1127 3852 1262 3893 esse
1292 3832 1635 3911 respondet,
1681 3853 1789 3894 nec
1817 3854 1881 3895 se
1911 3836 2210 3895 verborum
2332 3856 2339 3863 ·

178 3918 415 3996 strepitu
438 3936 612 3978 seusu
638 3937 807 3977 casso
839 3917 1146 3989 delectari,
1177 3937 1373 3978 verum
1403 3917 1456 3977 id
1475 3960 1492 3990 ,
1524 3917 1672 3998 quod
1704 3920 1815 3977 iam
1845 3931 2076 3980 acturus
2118 3924 2213 3996 sit,

179 3998 401 4081 dignum
428 4021 584 4075 esse,
616 4002 763 4083 quod
787 4003 1042 4064 omnibus
1070 4004 1284 4064 viribus
1311 4001 1629 4083 praedicet.
1675 4003 1864 4065 Meum
1895 4007 2044 4066 enim
2071 4025 2211 4086 erga

180 4097 232 4148 te
259 4107 508 4149 amorem
541 4088 642 4149 tihi
669 4089 999 4170 exprimam,
1022 4108 1168 4171 pura
1195 4109 1340 4152 voce
1353 4101 1417 4150 ut
1444 4108 1584 4151 vere
1613 4091 1797 4238 301ιὲἱο
1814 4132 1834 4166 ,
1861 4102 1924 4152 tu
1954 4111 2095 4152 vero
2125 4094 2212 4152 iu·

1674 4180 1701 4236 ¹
1764 4180 1795 4214 ²&
