2764 4738
554 390 680 458 114
1142 393 1313 458 sA'r.
1342 394 1440 472 111,
1468 394 2026 460 ARGUMENTUH.

551 562 803 627 discendi
833 568 916 638 (v.
955 569 1250 642 19—24),
1280 586 1411 628 nam
1438 587 1626 648 neque
1670 567 1819 650 quod
1862 565 2086 629 modico
2129 579 2411 629 contentus
2458 577 2592 628 tan·

549 662 664 713 tum
696 672 731 710 a
759 652 1064 712 maioribus
1095 656 1405 732 acceperit,
1435 665 1497 713 ut
1509 673 1747 713 securus
1773 656 1971 714 vivere
1988 655 2168 732 possit
2198 657 2592 731 (mu—26),

547 756 735 817 neque
767 735 915 817 quod
943 756 978 798 e
1008 737 1180 797 nobili
1208 758 1425 817 genere
1457 750 1614 799 ortus
1644 741 1738 812 sit,
1767 740 2195 800 exeusationem
2226 741 2279 799 ei
2306 739 2592 819 praehere

555 830 634 899 (v.
665 826 965 897 27—29).
1008 822 1238 883 Talibus
1251 825 1399 885 enim
1416 825 1630 883 fallitur
1658 825 1919 904 populus,
1949 845 2060 884 non
2075 826 2161 899 lis,
2192 827 2284 905 qni
2310 826 2450 884 bene
2488 844 2594 884 co-

554 909 766 988 gnitum
797 906 999 979 hahet,
1040 918 1100 967 te
1133 908 1302 987 longe
1334 909 1504 969 aliter
1532 911 1760 970 sentire·
1789 921 1850 970 et
1880 908 2095 969 desidia
2140 922 2351 970 tantum
2380 921 2593 969 motum

551 994 690 1054 talia
718 993 828 1052 fari
862 999 938 1065 (v.
971 997 1100 1065 30).
1187 993 1334 1054 Nam
1380 994 1590 1067 Natta,
1637 997 1731 1075 qni
1777 993 2110 1054 dissolutam
2139 997 2310 1055 vitam
2338 997 2486 1073 agit,
2517 1014 2596 1055 ea

551 1088 764 1138 tantum
795 1097 861 1138 re
890 1089 1220 1151 excusatur,
1263 1077 1412 1160 quod
1443 1082 1667 1139 omniuo
1697 1100 1809 1140 non
1851 1091 2042 1160 potest
2085 1078 2410 1142 discernere
2437 1082 2596 1140 inter

550 1162 701 1224 hona
731 1173 790 1224 et
818 1182 1022 1241 prava,
1069 1175 1131 1223 et
1169 1165 1249 1223 ita
1285 1166 1437 1224 vitiis
1469 1165 1705 1225 obrutus
1735 1176 1859 1237 est,
1907 1177 1969 1226 ut
1997 1163 2137 1227 inde
2161 1184 2454 1267 emergere
2487 1185 2596 1226 ne-

549 1258 724 1331 queat
767 1255 844 1322 (v.
886 1253 1187 1322 31—34).
1277 1249 1492 1309 Verum
1536 1250 1682 1312 haec
1726 1252 2004 1311 omninum
2044 1253 2377 1330 gravissima
2403 1271 2598 1329 poena

551 1345 664 1406 est,
694 1335 846 1394 scire
878 1335 1141 1414 aliquem,
1172 1333 1304 1414 quid
1333 1337 1410 1395 sit
1438 1337 1638 1406 virtus,
1670 1356 1833 1417 quam
1863 1338 1990 1416 ipse
2021 1337 2338 1417 reliquerit,
2367 1348 2425 1396 et
2449 1356 2597 1415 pee-

550 1429 805 1480 catorum
835 1421 1184 1480 conscientia
1213 1422 1466 1501 torqueri
1501 1428 1578 1495 (v.
1611 1425 1911 1493 35—43).
1995 1422 2198 1483 Pueris
2230 1421 2467 1502 quidem,
2500 1423 2597 1502 qni

549 1525 663 1565 non
691 1506 801 1564 nisi
829 1505 1070 1604 puerilia
1099 1517 1317 1578 curant,
1349 1525 1457 1567 nec
1502 1507 1688 1565 sciunt
1729 1505 1860 1587 quid
1889 1508 2174 1580 faciant,
2157 1527 2281 1568 iure
2308 1506 2596 1570 condona-

549 1590 734 1662 bitur,
807 1591 857 1649 si
928 1610 1149 1670 quoquo
1208 1590 1370 1651 modo
1428 1593 1585 1651 seria
1643 1592 1915 1670 effugiant
1971 1603 2033 1653 et
2086 1594 2271 1653 vitare
2330 1590 2595 1654 studeant

553 1682 630 1751 (v.
644 1680 956 1748 44—51);
1001 1695 1199 1736 verum
1229 1678 1318 1747 is,
1372 1678 1468 1757 qni
1499 1678 1609 1736 iam
1638 1678 1883 1737 imbutus
1925 1677 2281 1757 philosophia
2311 1680 2594 1756 cognitum

549 1759 744 1831 hahet,
775 1780 920 1841 quae
950 1760 1241 1841 sequenda
1272 1763 1385 1821 sint
1413 1781 1668 1842 quaeque
1701 1760 1999 1834 evitanda,
2028 1783 2142 1822 non
2174 1761 2346 1823 dehet
2376 1765 2593 1823 omissis

552 1846 719 1906 seriis
749 1847 937 1905 inania
966 1848 1201 1920 sectari,
1231 1866 1426 1907 verum
1458 1858 1622 1906 certo
1646 1848 1902 1921 consilio,
1932 1847 2077 1928 qnod
2108 1849 2288 1909 semel
2316 1849 2592 1929 probavit,

552 1932 714 2011 sequi
746 1937 825 2005 (v.
859 1935 1157 2006 52—62).
1242 1932 1468 1993 Etenim
1515 1933 1595 1992 ita
1624 1953 1812 1993 sumus
1853 1935 2201 2012 comparati,
2246 1946 2342 2006 ut,
2388 1937 2495 1994 nisi
2522 1933 2594 1993 ah

547 2018 706 2077 initio
736 2014 977 2094 diligens
1006 2028 1066 2076 et
1094 2015 1323 2077 assidua
1353 2037 1491 2078 eura
1521 2016 1886 2091 adhibeatur,
1927 2030 2195 2080 crescant
2219 2021 2357 2080 vitia
2386 2030 2449 2080 et
2473 2021 2595 2079 vin·

552 2111 705 2173 cant,
736 2103 884 2162 sieut
913 2103 1109 2162 morho
1154 2123 1189 2162 a
1220 2104 1499 2182 principio
1530 2104 1798 2182 neglecto
1846 2102 2100 2164 medicus
2142 2103 2444 2183 postmodo
2486 2124 2594 2164 non

551 2198 744 2267 potest
772 2185 987 2247 mederi
1020 2195 1097 2261 (v.
1132 2192 1435 2261 63-65).
1528 2187 1665 2248 Sola
1696 2200 1888 2250 antem
1919 2190 2277 2270 philosophia
2308 2201 2421 2262 est,
2450 2209 2593 2269 quae

553 2271 743 2344 docet,
774 2270 906 2354 quid
935 2283 1153 2332 rectum
1184 2274 1293 2344 sit,
1326 2274 1487 2332 cuius
1529 2272 1769 2334 studium
1801 2294 2031 2353 semper
2058 2286 2120 2334 et
2157 2277 2306 2335 omni
2336 2287 2593 2355 tempore

549 2358 829 2419 hominem
873 2377 1133 2419 securum
1160 2368 1448 2438 praestat,
1506 2380 1619 2419 non
1663 2358 2062 2440 negligendum
2108 2380 2252 2442 prae
2286 2362 2391 2434 iis,
2449 2379 2594 2441 quae

552 2441 912 2523 suppeditant
955 2464 1057 2516 ea,
1103 2464 1248 2524 quae
1291 2442 1363 2503 ad
1407 2446 1577 2504 vitam
1623 2444 2050 2505 sustentandam
2092 2449 2428 2507 necessaria
2467 2456 2598 2507 sunt

554 2536 632 2604 (v.
666 2532 969 2603 66—76).
1064 2529 1409 2630 Quamquam
1454 2530 1589 2589 talia
1632 2542 1944 2609 praecepta
1974 2530 2234 2592 ridentur
2273 2531 2345 2592 ah
2378 2534 2471 2605 iis,
2503 2533 2596 2613 qni

551 2626 612 2675 ut
639 2615 855 2674 hircosi
885 2617 1249 2677 centuriones
1278 2635 1499 2674 omnem
1528 2617 1697 2676 animi
1727 2616 2000 2676 culturam
2028 2628 2334 2696 respuunt,
2379 2628 2443 2678 et
2468 2637 2597 2677 cum

548 2700 749 2760 melius
791 2697 922 2781 quid
966 2710 1026 2760 et
1067 2698 1236 2760 altius
1282 2719 1639 2778 cognoscere
1688 2703 1915 2762 omnino
1957 2723 2068 2761 non
2098 2704 2348 2782 possint,
2378 2723 2485 2762 sua
2511 2704 2597 2763 iu-

550 2786 719 2846 seitia
748 2786 1001 2846 contenti
1047 2796 1178 2845 sunt
1219 2791 1297 2861 (v.
1330 2790 1638 2859 77—87).
1730 2787 1946 2847 Verum
1994 2789 2115 2867 quis
2145 2786 2371 2848 tandem
2404 2789 2597 2849 exitus

548 2880 742 2931 manet
769 2889 916 2943 eum,
957 2871 1050 2950 qui
1080 2889 1205 2929 enm
1236 2890 1300 2930 se
1333 2880 1629 2950 aegrotum
1671 2890 1806 2932 esse
1837 2872 2148 2951 intelligat,
2180 2885 2369 2934 tamen
2396 2873 2596 2934 morho

549 2956 754 3016 iustam
804 2954 1084 3016 medelam
1125 2954 1400 3017 adhihere
1444 2976 1557 3016 non
1598 2957 1760 3016 vult?
1855 2957 2095 3019 Primum
2138 2956 2398 3059 quidem,
2446 2978 2598 3039 quae

545 3043 712 3102 iussit
740 3038 1011 3112 medicuS,
1041 3042 1281 3120 perficit,
1312 3061 1445 3100 mox
1470 3061 1611 3102 vero
1641 3061 1753 3101 non
1782 3053 1974 3121 potest
2002 3044 2339 3104 abstinere
2324 3045 2415 3113 nis,
2446 3063 2597 3124 quae

548 3128 809 3187 nocitura
838 3145 971 3186 esse
1002 3128 1127 3204 ipse
1156 3127 1303 3186 bene
1336 3128 1466 3197 scit,
1498 3138 1558 3186 et
1587 3125 1900 3188 admonitus
1931 3127 2318 3202 excandescit,
2348 3127 2598 3209 deniqne

547 3213 826 3272 monitore
867 3220 1119 3283 remoto,
1163 3230 1359 3273 omnes
1400 3210 1662 3272 libidines
1707 3213 1920 3291 implet.
2005 3214 2134 3276 Nec
2176 3225 2366 3274 tamen
2406 3235 2601 3293 poena

548 3308 728 3369 caret,
760 3316 907 3377 quae
922 3298 1354 3374 necopinantem
1373 3306 1635 3375 occupat,
1666 3317 1791 3357 eum
1820 3300 1968 3358 inter
1996 3301 2148 3378 ipsas
2180 3298 2416 3359 delicias
2441 3321 2599 3359 mors

547 3402 676 3443 eum
719 3381 928 3459 abripit
972 3388 1052 3456 (v.
1097 3385 1439 3457 88-106).
1511 3382 1783 3444 Fortasse
1814 3382 1993 3456 dicas,
2025 3382 2155 3465 qnid
2184 3385 2330 3446 haec
2360 3383 2435 3445 ad
2463 3389 2603 3446 me?

545 3467 675 3546 Ego
719 3485 892 3525 sanus
940 3486 1062 3526 sum
1106 3474 1188 3540 (v.
1240 3471 1361 3530 107
1391 3502 1478 3513 -
1509 3471 1677 3540 109).
1768 3467 1857 3527 Sit
1885 3489 2062 3542 sane,
2109 3468 2213 3530 sed
2243 3472 2412 3530 animi
2440 3473 2600 3531 vitiis

545 3572 734 3612 nonne
777 3552 1052 3611 laboras?
1132 3551 1475 3612 Accuratius
1526 3563 1582 3612 te
1616 3555 1794 3633 ipsum
1825 3557 2122 3626 examina,
2161 3555 2234 3615 ab
2265 3558 2508 3615 avaritia
2539 3568 2602 3617 et

545 3636 774 3697 libidine
817 3647 876 3696 te
921 3637 1219 3709 laborare,
1265 3638 1466 3697 timore
1513 3647 1573 3697 et
1626 3640 1716 3699 ira
1755 3641 1993 3700 animum
2047 3652 2198 3700 tuum
2254 3644 2602 3702 commoveri

544 3724 805 3783 invenies
839 3726 915 3795 (v.
955 3726 1360 3797 109—118).
1447 3721 1623 3802 Atqui
1678 3724 1848 3797 (haec
1892 3727 2240 3804 cogitatione
2283 3725 2603 3806 supplenda

547 3813 703 3882 sunt)
762 3807 933 3866 animi
977 3809 1116 3867 vitia
1159 3807 1399 3868 eandem
1442 3828 1668 3881 curam,
1713 3808 1862 3871 idem
1919 3810 2160 3873 studium
2203 3823 2482 3890 poscunt,
2523 3832 2601 3873 ne

546 3895 799 3954 vincant.

720 3976 981 4058 Apparet
1010 3977 1082 4036 ah
1113 3977 1297 4038 altera
1340 3990 1508 4059 parte
1551 3981 1769 4041 iuvenis
1818 3977 2091 4040 desidiosi
2134 3980 2476 4060 exemplum,
2506 3984 2602 4062 qni

550 4075 751 4127 contra
779 4082 933 4124 snam
984 4063 1161 4143 ipsius
1206 4066 1611 4126 conscientiam
1669 4085 1733 4130 se
1765 4076 1935 4147 atque
1965 4064 2110 4129 alios
2153 4067 2360 4128 fallere
2391 4066 2602 4139 studet,

434 4464 739 4646 x
