2764 4738
530 418 658 488 184
1246 423 1419 485 8ΑΤ.
1447 424 1522 498 V,
1553 428 1634 489 16
1660 456 1747 472 -
1774 429 1885 488 23.

528 592 741 672 Georg.
778 593 826 665 1,
863 598 1052 669 308),
1095 594 1366 668 iaculari,
1411 592 1495 656 ita
1540 595 1804 675 defigere
1848 604 1940 653 est
1983 612 2220 674 prorsus
2260 594 2570 654 conficere.

526 678 617 740 Ne
662 681 788 759 quis
828 700 970 741 vero
1000 681 1206 742 talibus
1236 679 1380 740 ludis
1412 682 1675 741 caruisse
1706 682 1968 760 antiquos
1998 690 2196 758 putet,
2239 681 2577 740 conferatur

527 767 747 846 pictura
776 767 1089 827 vascularis
1123 766 1293 839 (Mus.
1327 766 1500 826 Βοιὼ.
1531 766 1632 838 vl,
1659 766 1808 845 41),
1850 767 1907 824 in
1933 783 2043 845 qua
2073 766 2257 844 gallus
2284 765 2573 845 conspici-

526 861 621 913 tur
645 851 939 912 columnae
969 854 1293 932 impositus,
1336 871 1500 931 quem
1540 854 1776 912 iuvenes
1818 851 1996 928 figere
2026 853 2289 911 certatim
2317 850 2574 921 student,

529 956 694 996 nemo
718 956 860 996 vero
888 957 1069 1017 usque
1098 936 1225 996 dum
1255 935 1471 997 defixit.
1523 939 1678 996 Ht‘ne
1704 938 1900 1006 trahe,
1932 954 2082 1014 qaae
2115 938 2302 1008 dicas,
2334 938 2372 995 i.
2403 954 2455 996 e.
2491 955 2573 995 ex

528 1023 642 1080 vita
675 1021 998 1101 quotidiana
1028 1033 1360 1101 argumenta
1390 1032 1577 1100 petas,
1609 1041 1757 1103 quae
1788 1021 2043 1081 modesto
2073 1019 2360 1082 scribendi
2388 1039 2576 1100 gene-

527 1126 592 1167 re
623 1118 873 1179 tractes,
913 1127 1256 1187 mensasque
1298 1108 1573 1186 relinque
1607 1109 1878 1185 Mycenis
1916 1107 2085 1184 (prol.
2121 1112 2186 1179 5)
2216 1127 2346 1166 eunt
2373 1109 2576 1185 eapite

526 1193 886 1271 etpedibus,
921 1213 1064 1274 quae
1094 1205 1387 1274 postquam
1418 1212 1628 1272 pueros
1653 1191 1901 1253 comedit
1922 1191 2217 1271 Thyestae
2248 1192 2573 1252 affereban-

527 1288 653 1350 tur,
689 1278 1042 1357 plebeioque
1067 1281 1356 1357 prandia,
1403 1298 1515 1338 non
1546 1281 1765 1356 tragica
1783 1320 1802 1350 ,
1831 1280 2016 1338 noris.

694 1384 755 1423 v.
795 1368 1064 1427 19-29.
1124 1364 1228 1423 Cui
1274 1363 1502 1424 Persius
1541 1362 1672 1448 quid
1715 1365 1825 1436 sit,
1870 1359 2019 1443 quod
2063 1363 2324 1423 omnibus
2351 1363 2572 1423 viribus

525 1446 715 1532 eloqui
760 1447 1019 1521 studeat,
1063 1447 1352 1520 declarat,
1397 1449 1620 1508 scilicet
1657 1458 1718 1508 ut
1762 1449 2102 1527 patefaciat,
2131 1460 2345 1529 quanto
2373 1468 2574 1510 amore

526 1531 834 1594 Cornutum
866 1534 1271 1615 amplectatur,
1299 1554 1413 1613 quo
1443 1535 1627 1592 animo
1658 1543 1969 1611 agnoscat,
1999 1545 2264 1612 quantum
2296 1535 2395 1607 sit,
2426 1532 2575 1615 qnod

525 1620 580 1677 ei
610 1616 847 1689 debeat,
893 1638 1056 1699 qnam
1086 1627 1251 1679 arcto
1293 1619 1577 1679 amicitiae
1609 1620 1831 1679 vinculo
1860 1621 2011 1679 inter
2039 1639 2106 1678 se
2135 1622 2572 1698 coniungantur.

522 1700 658 1762 Non
696 1705 958 1782 equidem
990 1706 1097 1763 hoe
1122 1705 1368 1774 studeo,
1402 1713 1472 1762 a!
1500 1705 1650 1761 milti
1674 1706 1942 1781 pagina,
1975 1702 2125 1781 qnod
2155 1703 2226 1763 de
2257 1704 2410 1764 libro
2443 1725 2573 1765 sae-

523 1788 649 1865 pius
680 1798 984 1866 usurpatur
1012 1789 1113 1862 (cf.
1144 1788 1313 1848 Mart.
1342 1787 1445 1858 lx,
1476 1791 1579 1859 78,
1609 1791 1670 1851 2.
1702 1788 1895 1847 loven.
1921 1787 2047 1859 Vn,
2068 1793 2209 1851 100.
2245 1788 2399 1849 Stat.
2430 1789 2572 1849 Silv-

522 1871 619 1943 111,
647 1876 710 1944 2,
740 1877 881 1945 143)
905 1915 923 1945 ,
953 1884 1264 1951 turgescat
1289 1881 1376 1947 (ιιι
1404 1875 1610 1953 pagina
1638 1873 1932 1932 millesima
1964 1876 2149 1951 surg-it
2175 1874 2297 1933 lnv.
2328 1875 2366 1934 1.
2402 1874 2444 1933 l.
2474 1894 2573 1954 pa-

523 1958 658 2035 gina
687 1960 902 2018 erescit
931 1958 1093 2018 Ovid.
1124 1959 1298 2018 Trist.
1330 1958 1405 2030 V,
1435 1961 1497 2029 9,
1525 1961 1589 2030 3)
1625 1960 1878 2037 pullata-
1905 1959 2082 2035 καεὶς
2099 2003 2121 2030 ,
2168 1960 2412 2038 tragicis
2441 1980 2573 2021 vec-

521 2042 646 2114 bis,
705 2062 852 2126 quae
911 2044 1048 2103 nihil
1096 2044 1448 2122 significant,
1504 2054 1567 2103 ut
1608 2042 1756 2127 apud
1801 2043 2090 2102 Horatium
2133 2044 2234 2117 (Α.
2271 2045 2336 2104 Ρ.
2376 2049 2566 2117 322)ε

520 2127 744 2188 Versus
774 2130 974 2211 inopes
1004 2147 1194 2190 rerum
1224 2148 1521 2209 nugaeque
1548 2147 1815 2188 canorae.
1844 2129 2236 2189 Pullatz’enim
2260 2142 2396 2189 sunt
2422 2131 2573 2210 pulla

520 2223 685 2273 veste
728 2211 942 2285 induti,
987 2233 1097 2295 qna
1139 2217 1196 2274 in
1239 2215 1392 2274 lnetu
1422 2215 1759 2286 utebantur,
1804 2214 1921 2274 Iuv.
1947 2213 2043 2285 111,
2073 2217 2197 2278 213
2232 2215 2308 2275 cl.
2341 2213 2574 2277 Becker

523 2297 669 2358 Gall.
702 2298 753 2358 11
785 2318 841 2379 p.
867 2303 1015 2364 289.
1046 2300 1255 2378 Bouig.
1287 2300 1365 2359 kl.
1401 2297 1567 2359 Sebr.
1601 2298 1625 2359 1
1656 2320 1712 2379 p.
1736 2303 1864 2362 204
1880 2319 1999 2380 sq.3
2031 2301 2111 2358 ita
2139 2301 2409 2360 vestitum
2439 2321 2570 2382 pro-

521 2381 733 2445 cedere
764 2387 887 2444 eius
918 2395 1130 2445 tantum
1161 2396 1308 2458 erat,
1337 2386 1432 2466 qui
1462 2387 1854 2463 gravissimum
1885 2385 2091 2445 luctum
2120 2385 2437 2447 ostendere
2470 2409 2572 2447 vo-

520 2469 710 2541 lebat,
741 2481 802 2530 et
831 2471 976 2530 male
1007 2473 1306 2530 ominatum
1338 2470 1673 2530 habebatur.
1717 2472 1913 2551 Itaque
1942 2472 2188 2550 ineptum
2218 2484 2282 2532 et
2311 2471 2571 2533 odiosum

520 2566 651 2614 erat
692 2574 817 2615 cum
862 2556 1014 2636 pulla
1056 2554 1361 2628 incedere,
1405 2557 1501 2615 ubi
1544 2577 1656 2615 non
1685 2555 1961 2627 decebat,
2004 2558 2084 2617 cf.
2117 2557 2237 2617 Cic.
2285 2558 2344 2617 in
2374 2558 2568 2619 Vatiu.

524 2643 626 2711 12,
671 2644 755 2703 30
786 2661 911 2722 sqq.
986 2641 1177 2715 Quare
1221 2641 1358 2701 nihil
1398 2642 1579 2719 magis
1622 2642 1872 2722 ineptum
1929 2662 2091 2722 quam
2138 2661 2362 2721 nugae,
2420 2664 2567 2724 qnae

518 2726 724 2804 pullam
769 2727 997 2786 iactant.
1073 2727 1339 2787 Ceterum
1386 2726 1532 2806 quod
1576 2728 2006 2787 translationem
2036 2729 2273 2801 attinet,
2315 2731 2567 2789 conferti

518 2821 709 2891 potest
734 2810 869 2871 illud
900 2810 1049 2892 apud
1084 2812 1480 2885 Quintilianum
1527 2812 1623 2884 (V,
1660 2816 1759 2883 10,
1790 2818 1932 2883 71)ι
1975 2812 2103 2872 Νοιι
2134 2833 2363 2891 possum
2397 2835 2566 2893 prae·

518 2907 733 2956 textam
777 2916 1051 2977 sperare,
1092 2917 1216 2956 cum
1262 2895 1556 2957 exordium
1599 2898 1807 2976 pullum
1853 2897 2095 2958 videam.
2151 2900 2376 2958 Idonea
2419 2900 2563 2959 dare

520 2981 682 3053 (Hor.
713 3001 843 3061 epp.
874 2983 920 3054 Ι,
960 2987 1058 3054 16,
1080 2987 1178 3045 12.
1211 2981 1282 3041 ad
1312 2982 1458 3062 prol.
1490 2988 1591 3055 11)
1616 2985 1851 3061 pondus
1866 2981 2042 3061 sumo
2062 3027 2084 3055 ,
2116 2983 2263 3064 quod
2296 2984 2560 3044 Horatius

518 3073 675 3147 (epp.
707 3067 751 3139 Ι,
786 3072 885 3138 19,
916 3072 1023 3140 42)
1066 3066 1238 3128 dixit:
1298 3066 1517 3146 pondus
1561 3066 1775 3128 addere
1818 3071 2016 3147 nugisg
2078 3070 2261 3128 fumus
2302 3072 2454 3129 euim
2490 3068 2560 3131 de

516 3153 690 3212 rebus
734 3151 1040 3213 levissimis
1086 3163 1147 3213 et
1172 3154 1490 3212 vanissimis
1514 3149 1749 3223 dicitur,
1792 3153 1940 3213 unde
1961 3152 2201 3232 sumum
2229 3157 2483 3214 vendere
2511 3157 2560 3215 is

517 3234 757 3309 dicitur,
800 3241 892 3318 qui
935 3257 1081 3299 vana
1124 3240 1320 3318 specie
1350 3239 1499 3296 fallit
1529 3239 1720 3317 (Apul.
1753 3239 1904 3316 apol.
1947 3260 2002 3317 p.
2033 3244 2158 3302 313
2189 3239 2335 3299 mm.
2381 3240 2553 3300 Mart.

516 3322 599 3383 IV
599 3365 617 3395 ,
646 3330 706 3395 5,
732 3329 792 3386 7.
839 3324 1021 3403 Capit.
1050 3323 1184 3383 Ant.
1217 3322 1277 3382 P.
1312 3329 1410 3385 11.
1443 3323 1672 3402 Lampr.
1701 3323 1929 3401 Heliog.
1971 3329 2069 3387 10.
2102 3326 2268 3384 Alex.
2303 3324 2556 3389 Sev.23.

516 3411 647 3481 36).
725 3410 967 3469 Sec-reti
1002 3410 1335 3486 loquimur,
1378 3419 1442 3468 ut
1469 3409 1621 3467 nulla
1650 3428 1825 3468 cansa
1856 3412 1932 3468 sit
1971 3411 2123 3468 veris
2154 3411 2344 3469 fucum
2384 3431 2556 3490 quae·

515 3492 698 3565 rendi,
731 3495 847 3554 tibi
868 3514 1025 3554 nune
1051 3496 1326 3553 hortante
1357 3496 1640 3565 Camena,
1675 3506 1737 3553 ut
1761 3506 1953 3573 poeta,
1984 3497 2191 3553 damus
2204 3498 2556 3556 exeun'enda

516 3578 586 3651 (1,
619 3583 726 3648 49)
750 3581 1112 3659 praecordia
1148 3580 1215 3651 (Ι,
1249 3584 1276 3640 1
1294 3584 1395 3649 17)
1442 3589 1507 3639 et
1527 3581 1698 3639 iuvat
1725 3582 2047 3639 ostendisse
2078 3578 2145 3652 (Ι,
2176 3585 2284 3652 41)
2336 3593 2554 3659 quanm

507 3683 660 3743 pars
689 3675 931 3725 nostrae
961 3668 1193 3725 animae
1224 3673 1326 3723 tua
1355 3667 1474 3736 sit,
1518 3683 1645 3722 nam
1686 3666 1851 3725 amici
1881 3684 1955 3725 ex
1985 3668 2269 3725 sententia
2300 3668 2553 3746 antiquo-

513 3769 634 3810 rum
666 3748 891 3810 dimidia
920 3752 1031 3809 imo
1060 3751 1243 3809 maior
1286 3760 1455 3829 atque
1493 3750 1695 3809 melior
1739 3749 1973 3809 alterius
2010 3752 2176 3809 animi
2209 3769 2346 3828 pars
2376 3763 2554 3824 erant,

513 3835 591 3894 cf.
610 3835 804 3895 Horat.
833 3854 1008 3895 earm.
1036 3835 1081 3905 1,
1113 3839 1228 3907 3,8
1259 3834 1337 3894 ib.
1357 3837 1539 3912 intpp.
1573 3832 1643 3904 11,
1678 3840 1779 3906 17,
1811 3840 1871 3898 5.
1905 3833 2221 3895 Ovid.Met.
2239 3834 2551 3906 Vm‚405.

513 3920 865 4066 39..Εὲιᾶ
888 3920 1189 4077 2223&
1219 3918 2550 4083 {f·.¹z·.J‡{·5{‚;,.⁷1‚ssrsszffmssssuffiffss¹²:53⁸,

513 4093 748 4153 reviset.
803 4091 879 4151 V.
922 4088 1076 4153 infra
1113 4111 1167 4151 v.
1211 4094 1353 4155 109.
1398 4092 1581 4151 Puisa
1625 4084 1898 4174 (κρούειν
1938 4089 2010 4151 ad
2045 4090 2144 4166 111,
2183 4095 2292 4166 21)
2341 4104 2547 4154 cautus

528 4424 649 4543 ἱ.
