<?xml version="1.0" encoding="UTF-8"?>
<!DOCTYPE html PUBLIC "-//W3C//DTD XHTML 1.0 Transitional//EN"
    "http://www.w3.org/TR/xhtml1/DTD/xhtml1-transitional.dtd">
<html xmlns="http://www.w3.org/1999/xhtml" xml:lang="en" lang="en">
 <head>
  <title>
</title>
<meta http-equiv="Content-Type" content="text/html;charset=utf-8" />
  <meta name='ocr-system' content='tesseract 3.04.00' />
  <meta name='ocr-capabilities' content='ocr_page ocr_carea ocr_par ocr_line ocrx_word'/>
</head>
<body>
  <div class='ocr_page' id='page_1' title='image "./satirarumliberc01jahngoog_0081.png"; bbox 0 0 2764 4738; ppageno 0'>
   <div class='ocr_carea' id='block_1_1' title="bbox 133 4169 353 4351">
    <p class='ocr_par' dir='ltr' id='par_1_1' title="bbox 133 4169 463 4351">
     <span class='ocr_line' id='line_1_1' title="bbox 133 4169 353 4351; baseline 0 -35"><span class='ocrx_word' id='word_1_1' title='bbox 133 4169 353 4351; x_wconf 63' lang='grc' dir='ltr'>μ-</span> 
     </span>
    </p>
   </div>
   <div class='ocr_carea' id='block_1_2' title="bbox 562 409 1938 482">
    <p class='ocr_par' dir='ltr' id='par_1_2' title="bbox 562 409 1938 482">
     <span class='ocr_line' id='line_1_2' title="bbox 562 409 1938 482; baseline -0.007 -1"><span class='ocrx_word' id='word_1_2' title='bbox 562 439 710 482; x_wconf 66' lang='lat' dir='ltr'>axvi</span> <span class='ocrx_word' id='word_1_3' title='bbox 1217 409 1938 475; x_wconf 76' lang='lat' dir='ltr'><strong>PROLEGOMENA.</strong></span> 
     </span>
    </p>
   </div>
   <div class='ocr_carea' id='block_1_3' title="bbox 544 581 2602 3842">
    <p class='ocr_par' dir='ltr' id='par_1_3' title="bbox 544 581 2602 3842">
     <span class='ocr_line' id='line_1_3' title="bbox 561 581 2601 668; baseline -0.003 -16"><span class='ocrx_word' id='word_1_4' title='bbox 561 586 889 663; x_wconf 85' lang='lat' dir='ltr'>conversi,</span> <span class='ocrx_word' id='word_1_5' title='bbox 935 585 1172 668; x_wconf 87' lang='lat' dir='ltr'>singula</span> <span class='ocrx_word' id='word_1_6' title='bbox 1215 584 1348 650; x_wconf 86' lang='lat' dir='ltr'>eius</span> <span class='ocrx_word' id='word_1_7' title='bbox 1395 592 1717 667; x_wconf 85' lang='lat' dir='ltr'>praecepta</span> <span class='ocrx_word' id='word_1_8' title='bbox 1767 581 2266 666; x_wconf 76' lang='lat' dir='ltr'>disputationibus</span> <span class='ocrx_word' id='word_1_9' title='bbox 2296 582 2381 646; x_wconf 85' lang='lat' dir='ltr'>ita</span> <span class='ocrx_word' id='word_1_10' title='bbox 2411 582 2601 667; x_wconf 81' lang='lat' dir='ltr'>expli·</span> 
     </span>
     <span class='ocr_line' id='line_1_4' title="bbox 561 684 2600 768; baseline -0.004 -15"><span class='ocrx_word' id='word_1_11' title='bbox 561 711 703 756; x_wconf 89' lang='lat' dir='ltr'>care</span> <span class='ocrx_word' id='word_1_12' title='bbox 747 688 1063 764; x_wconf 85' lang='lat' dir='ltr'>solebant,</span> <span class='ocrx_word' id='word_1_13' title='bbox 1122 696 1190 749; x_wconf 88' lang='lat' dir='ltr'>ut</span> <span class='ocrx_word' id='word_1_14' title='bbox 1244 686 1319 749; x_wconf 91' lang='lat' dir='ltr'>ad</span> <span class='ocrx_word' id='word_1_15' title='bbox 1384 685 1571 749; x_wconf 87' lang='lat' dir='ltr'>vitam</span> <span class='ocrx_word' id='word_1_16' title='bbox 1630 685 2034 767; x_wconf 89' lang='lat' dir='ltr'>quotidianam</span> <span class='ocrx_word' id='word_1_17' title='bbox 2101 684 2486 768; x_wconf 77' lang='lat' dir='ltr'>respicerent</span> <span class='ocrx_word' id='word_1_18' title='bbox 2539 692 2600 748; x_wconf 91' lang='lat' dir='ltr'>et</span> 
     </span>
     <span class='ocr_line' id='line_1_5' title="bbox 559 785 2599 877; baseline -0.004 -20"><span class='ocrx_word' id='word_1_19' title='bbox 559 790 854 877; x_wconf 86' lang='lat' dir='ltr'>exemplis</span> <span class='ocrx_word' id='word_1_20' title='bbox 896 790 1039 855; x_wconf 89' lang='lat' dir='ltr'>inde</span> <span class='ocrx_word' id='word_1_21' title='bbox 1080 790 1183 854; x_wconf 82' lang='lat' dir='ltr'>vel</span> <span class='ocrx_word' id='word_1_22' title='bbox 1224 808 1305 851; x_wconf 85' lang='lat' dir='ltr'>ex</span> <span class='ocrx_word' id='word_1_23' title='bbox 1349 786 1600 851; x_wconf 87' lang='lat' dir='ltr'>historia</span> <span class='ocrx_word' id='word_1_24' title='bbox 1645 789 1848 870; x_wconf 82' lang='lat' dir='ltr'>petitis</span> <span class='ocrx_word' id='word_1_25' title='bbox 1890 809 2018 852; x_wconf 89' lang='lat' dir='ltr'>rem</span> <span class='ocrx_word' id='word_1_26' title='bbox 2062 785 2428 872; x_wconf 78' lang='lat' dir='ltr'>propositam</span> <span class='ocrx_word' id='word_1_27' title='bbox 2469 785 2599 849; x_wconf 84' lang='lat' dir='ltr'>illu·</span> 
     </span>
     <span class='ocr_line' id='line_1_6' title="bbox 558 887 2598 977; baseline -0.004 -18"><span class='ocrx_word' id='word_1_28' title='bbox 558 903 830 960; x_wconf 85' lang='lat' dir='ltr'>strareut</span> <span class='ocrx_word' id='word_1_29' title='bbox 859 894 1213 977; x_wconf 87' lang='lat' dir='ltr'>planamque</span> <span class='ocrx_word' id='word_1_30' title='bbox 1246 893 1557 966; x_wconf 84' lang='lat' dir='ltr'>facerent,</span> <span class='ocrx_word' id='word_1_31' title='bbox 1595 889 1755 953; x_wconf 88' lang='lat' dir='ltr'>sicut</span> <span class='ocrx_word' id='word_1_32' title='bbox 1784 909 1867 953; x_wconf 81' lang='lat' dir='ltr'>ex</span> <span class='ocrx_word' id='word_1_33' title='bbox 1894 890 2145 954; x_wconf 83' lang='lat' dir='ltr'>Arriani</span> <span class='ocrx_word' id='word_1_34' title='bbox 2179 887 2598 970; x_wconf 86' lang='lat' dir='ltr'>disputationi·</span> 
     </span>
     <span class='ocr_line' id='line_1_7' title="bbox 555 992 2597 1081; baseline -0.003 -22"><span class='ocrx_word' id='word_1_35' title='bbox 555 997 669 1060; x_wconf 89' lang='lat' dir='ltr'>bus</span> <span class='ocrx_word' id='word_1_36' title='bbox 700 996 921 1081; x_wconf 90' lang='lat' dir='ltr'>optime</span> <span class='ocrx_word' id='word_1_37' title='bbox 956 1004 1158 1081; x_wconf 87' lang='lat' dir='ltr'>potest</span> <span class='ocrx_word' id='word_1_38' title='bbox 1186 996 1498 1079; x_wconf 79' lang='lat' dir='ltr'>cognosci.</span> <span class='ocrx_word' id='word_1_39' title='bbox 1548 993 1778 1058; x_wconf 89' lang='lat' dir='ltr'>Eorum</span> <span class='ocrx_word' id='word_1_40' title='bbox 1811 992 2151 1077; x_wconf 85' lang='lat' dir='ltr'>exemplum</span> <span class='ocrx_word' id='word_1_41' title='bbox 2184 1009 2392 1074; x_wconf 84' lang='lat' dir='ltr'>presse</span> <span class='ocrx_word' id='word_1_42' title='bbox 2423 1010 2597 1055; x_wconf 86' lang='lat' dir='ltr'>seeu-</span> 
     </span>
     <span class='ocr_line' id='line_1_8' title="bbox 558 1093 2597 1179; baseline -0.004 -17"><span class='ocrx_word' id='word_1_43' title='bbox 558 1108 654 1162; x_wconf 87' lang='lat' dir='ltr'>tus</span> <span class='ocrx_word' id='word_1_44' title='bbox 688 1107 789 1159; x_wconf 76' lang='lat' dir='ltr'>est</span> <span class='ocrx_word' id='word_1_45' title='bbox 810 1093 1103 1175; x_wconf 90' lang='lat' dir='ltr'>Persius,</span> <span class='ocrx_word' id='word_1_46' title='bbox 1152 1106 1216 1159; x_wconf 88' lang='lat' dir='ltr'>et</span> <span class='ocrx_word' id='word_1_47' title='bbox 1245 1117 1377 1160; x_wconf 91' lang='lat' dir='ltr'>cum</span> <span class='ocrx_word' id='word_1_48' title='bbox 1410 1116 1618 1160; x_wconf 92' lang='lat' dir='ltr'>eorum</span> <span class='ocrx_word' id='word_1_49' title='bbox 1651 1095 1987 1160; x_wconf 79' lang='lat' dir='ltr'>doctrinam</span> <span class='ocrx_word' id='word_1_50' title='bbox 2016 1094 2440 1179; x_wconf 80' lang='lat' dir='ltr'>profiteretur,</span> <span class='ocrx_word' id='word_1_51' title='bbox 2475 1112 2597 1154; x_wconf 89' lang='lat' dir='ltr'>non</span> 
     </span>
     <span class='ocr_line' id='line_1_9' title="bbox 555 1194 2597 1281; baseline -0.002 -18"><span class='ocrx_word' id='word_1_52' title='bbox 555 1201 674 1265; x_wconf 88' lang='lat' dir='ltr'>iam</span> <span class='ocrx_word' id='word_1_53' title='bbox 705 1196 1006 1262; x_wconf 81' lang='lat' dir='ltr'>Lucilium</span> <span class='ocrx_word' id='word_1_54' title='bbox 1027 1244 1046 1276; x_wconf 90' lang='lat'>,</span> <span class='ocrx_word' id='word_1_55' title='bbox 1093 1194 1409 1260; x_wconf 78' lang='lat' dir='ltr'>Horatium</span> <span class='ocrx_word' id='word_1_56' title='bbox 1431 1246 1448 1276; x_wconf 88' lang='lat'>‚</span> <span class='ocrx_word' id='word_1_57' title='bbox 1490 1198 1874 1281; x_wconf 83' lang='lat' dir='ltr'>antiquamve</span> <span class='ocrx_word' id='word_1_58' title='bbox 1906 1195 2280 1261; x_wconf 74' lang='lat' dir='ltr'>comoediam</span> <span class='ocrx_word' id='word_1_59' title='bbox 2313 1203 2597 1259; x_wconf 76' lang='lat' dir='ltr'>auctores</span> 
     </span>
     <span class='ocr_line' id='line_1_10' title="bbox 555 1296 2598 1383; baseline -0.003 -18"><span class='ocrx_word' id='word_1_60' title='bbox 555 1303 641 1366; x_wconf 83' lang='lat' dir='ltr'>ita</span> <span class='ocrx_word' id='word_1_61' title='bbox 697 1300 1033 1367; x_wconf 81' lang='lat' dir='ltr'>aemulatus</span> <span class='ocrx_word' id='word_1_62' title='bbox 1094 1309 1226 1376; x_wconf 88' lang='lat' dir='ltr'>est,</span> <span class='ocrx_word' id='word_1_63' title='bbox 1291 1308 1356 1361; x_wconf 91' lang='lat' dir='ltr'>ut</span> <span class='ocrx_word' id='word_1_64' title='bbox 1410 1301 1485 1363; x_wconf 88' lang='lat' dir='ltr'>ad</span> <span class='ocrx_word' id='word_1_65' title='bbox 1535 1321 1707 1364; x_wconf 90' lang='lat' dir='ltr'>suum</span> <span class='ocrx_word' id='word_1_66' title='bbox 1764 1309 1998 1383; x_wconf 90' lang='lat' dir='ltr'>tempus</span> <span class='ocrx_word' id='word_1_67' title='bbox 2058 1296 2392 1381; x_wconf 81' lang='lat' dir='ltr'>applicaret</span> <span class='ocrx_word' id='word_1_68' title='bbox 2449 1296 2598 1361; x_wconf 88' lang='lat' dir='ltr'>baec</span> 
     </span>
     <span class='ocr_line' id='line_1_11' title="bbox 558 1398 2599 1486; baseline -0.003 -19"><span class='ocrx_word' id='word_1_69' title='bbox 558 1405 834 1486; x_wconf 78' lang='lat' dir='ltr'>dogmata</span> <span class='ocrx_word' id='word_1_70' title='bbox 892 1410 1069 1483; x_wconf 87' lang='lat' dir='ltr'>atque</span> <span class='ocrx_word' id='word_1_71' title='bbox 1129 1421 1201 1465; x_wconf 90' lang='lat' dir='ltr'>ea</span> <span class='ocrx_word' id='word_1_72' title='bbox 1260 1422 1342 1465; x_wconf 85' lang='lat' dir='ltr'>ex</span> <span class='ocrx_word' id='word_1_73' title='bbox 1411 1421 1558 1466; x_wconf 87' lang='lat' dir='ltr'>suae</span> <span class='ocrx_word' id='word_1_74' title='bbox 1615 1402 1831 1466; x_wconf 87' lang='lat' dir='ltr'>aetatis</span> <span class='ocrx_word' id='word_1_75' title='bbox 1888 1420 2117 1464; x_wconf 92' lang='lat' dir='ltr'>morum</span> <span class='ocrx_word' id='word_1_76' title='bbox 2178 1398 2599 1482; x_wconf 86' lang='lat' dir='ltr'>hominumque</span> 
     </span>
     <span class='ocr_line' id='line_1_12' title="bbox 555 1500 2600 1586; baseline -0.001 -19"><span class='ocrx_word' id='word_1_77' title='bbox 555 1515 833 1568; x_wconf 84' lang='lat' dir='ltr'>accurata</span> <span class='ocrx_word' id='word_1_78' title='bbox 868 1503 1142 1585; x_wconf 83' lang='lat' dir='ltr'>beneque</span> <span class='ocrx_word' id='word_1_79' title='bbox 1172 1502 1481 1566; x_wconf 86' lang='lat' dir='ltr'>intellecta</span> <span class='ocrx_word' id='word_1_80' title='bbox 1527 1505 1874 1586; x_wconf 85' lang='lat' dir='ltr'>cognitione</span> <span class='ocrx_word' id='word_1_81' title='bbox 1918 1524 1992 1567; x_wconf 85' lang='lat' dir='ltr'>ea</span> <span class='ocrx_word' id='word_1_82' title='bbox 2031 1500 2364 1565; x_wconf 87' lang='lat' dir='ltr'>illustraret</span> <span class='ocrx_word' id='word_1_83' title='bbox 2405 1512 2472 1564; x_wconf 90' lang='lat' dir='ltr'>et</span> <span class='ocrx_word' id='word_1_84' title='bbox 2516 1502 2600 1565; x_wconf 83' lang='lat' dir='ltr'>ita</span> 
     </span>
     <span class='ocr_line' id='line_1_13' title="bbox 556 1602 2599 1687; baseline -0.002 -16"><span class='ocrx_word' id='word_1_85' title='bbox 556 1607 649 1671; x_wconf 86' lang='lat' dir='ltr'>sui</span> <span class='ocrx_word' id='word_1_86' title='bbox 681 1605 816 1669; x_wconf 89' lang='lat' dir='ltr'>aevi</span> <span class='ocrx_word' id='word_1_87' title='bbox 849 1624 1056 1669; x_wconf 89' lang='lat' dir='ltr'>veram</span> <span class='ocrx_word' id='word_1_88' title='bbox 1077 1649 1095 1681; x_wconf 94' lang='lat'>‚</span> <span class='ocrx_word' id='word_1_89' title='bbox 1146 1625 1497 1687; x_wconf 88' lang='lat' dir='ltr'>quamquam</span> <span class='ocrx_word' id='word_1_90' title='bbox 1547 1602 1739 1669; x_wconf 85' lang='lat' dir='ltr'>Stoici</span> <span class='ocrx_word' id='word_1_91' title='bbox 1785 1606 1974 1669; x_wconf 88' lang='lat' dir='ltr'>oculis</span> <span class='ocrx_word' id='word_1_92' title='bbox 2005 1615 2359 1686; x_wconf 85' lang='lat' dir='ltr'>conceptam</span> <span class='ocrx_word' id='word_1_93' title='bbox 2391 1603 2599 1686; x_wconf 85' lang='lat' dir='ltr'>imagi·</span> 
     </span>
     <span class='ocr_line' id='line_1_14' title="bbox 556 1705 2602 1785; baseline -0.002 -13"><span class='ocrx_word' id='word_1_94' title='bbox 556 1728 695 1772; x_wconf 89' lang='lat' dir='ltr'>nem</span> <span class='ocrx_word' id='word_1_95' title='bbox 728 1707 1084 1785; x_wconf 78' lang='lat' dir='ltr'>exhiberet,</span> <span class='ocrx_word' id='word_1_96' title='bbox 1132 1708 1239 1770; x_wconf 91' lang='lat' dir='ltr'>sed</span> <span class='ocrx_word' id='word_1_97' title='bbox 1271 1707 1356 1769; x_wconf 86' lang='lat' dir='ltr'>ita</span> <span class='ocrx_word' id='word_1_98' title='bbox 1388 1705 1631 1771; x_wconf 88' lang='lat' dir='ltr'>scholae</span> <span class='ocrx_word' id='word_1_99' title='bbox 1662 1708 1922 1772; x_wconf 86' lang='lat' dir='ltr'>vinculis</span> <span class='ocrx_word' id='word_1_100' title='bbox 1957 1707 2282 1772; x_wconf 83' lang='lat' dir='ltr'>obstrictus</span> <span class='ocrx_word' id='word_1_101' title='bbox 2313 1716 2486 1781; x_wconf 89' lang='lat' dir='ltr'>erat,</span> <span class='ocrx_word' id='word_1_102' title='bbox 2535 1713 2602 1767; x_wconf 90' lang='lat' dir='ltr'>ut</span> 
     </span>
     <span class='ocr_line' id='line_1_15' title="bbox 554 1808 2597 1894; baseline -0.002 -19"><span class='ocrx_word' id='word_1_103' title='bbox 554 1830 681 1876; x_wconf 88' lang='lat' dir='ltr'>uon</span> <span class='ocrx_word' id='word_1_104' title='bbox 736 1808 853 1872; x_wconf 91' lang='lat' dir='ltr'>uisi</span> <span class='ocrx_word' id='word_1_105' title='bbox 913 1809 975 1872; x_wconf 93' lang='lat' dir='ltr'>in</span> <span class='ocrx_word' id='word_1_106' title='bbox 1032 1810 1386 1874; x_wconf 86' lang='lat' dir='ltr'>uuiversum</span> <span class='ocrx_word' id='word_1_107' title='bbox 1442 1809 1772 1892; x_wconf 86' lang='lat' dir='ltr'>disputaret</span> <span class='ocrx_word' id='word_1_108' title='bbox 1828 1810 2240 1894; x_wconf 78' lang='lat' dir='ltr'>exemplisque</span> <span class='ocrx_word' id='word_1_109' title='bbox 2295 1819 2597 1886; x_wconf 85' lang='lat' dir='ltr'>uteretur,</span> 
     </span>
     <span class='ocr_line' id='line_1_16' title="bbox 554 1910 2600 1997; baseline -0.003 -21"><span class='ocrx_word' id='word_1_110' title='bbox 554 1932 706 1997; x_wconf 86' lang='lat' dir='ltr'>quae</span> <span class='ocrx_word' id='word_1_111' title='bbox 751 1932 874 1974; x_wconf 88' lang='lat' dir='ltr'>non</span> <span class='ocrx_word' id='word_1_112' title='bbox 917 1932 999 1974; x_wconf 82' lang='lat' dir='ltr'>ex</span> <span class='ocrx_word' id='word_1_113' title='bbox 1039 1911 1164 1994; x_wconf 85' lang='lat' dir='ltr'>ipsa</span> <span class='ocrx_word' id='word_1_114' title='bbox 1211 1910 1335 1974; x_wconf 83' lang='lat' dir='ltr'>vita</span> <span class='ocrx_word' id='word_1_115' title='bbox 1381 1912 1706 1995; x_wconf 87' lang='lat' dir='ltr'>intimaque</span> <span class='ocrx_word' id='word_1_116' title='bbox 1740 1933 1873 1976; x_wconf 91' lang='lat' dir='ltr'>cum</span> <span class='ocrx_word' id='word_1_117' title='bbox 1903 1911 2242 1975; x_wconf 87' lang='lat' dir='ltr'>hominibus</span> <span class='ocrx_word' id='word_1_118' title='bbox 2273 1921 2600 1973; x_wconf 84' lang='lat' dir='ltr'>consuetu·</span> 
     </span>
     <span class='ocr_line' id='line_1_17' title="bbox 553 2011 2602 2095; baseline -0.002 -15"><span class='ocrx_word' id='word_1_119' title='bbox 553 2015 694 2080; x_wconf 89' lang='lat' dir='ltr'>diue</span> <span class='ocrx_word' id='word_1_120' title='bbox 725 2012 1048 2089; x_wconf 84' lang='lat' dir='ltr'>hauserat,</span> <span class='ocrx_word' id='word_1_121' title='bbox 1096 2014 1202 2075; x_wconf 92' lang='lat' dir='ltr'>sed</span> <span class='ocrx_word' id='word_1_122' title='bbox 1236 2013 1468 2095; x_wconf 89' lang='lat' dir='ltr'>qualia,</span> <span class='ocrx_word' id='word_1_123' title='bbox 1506 2014 1790 2078; x_wconf 78' lang='lat' dir='ltr'>vitiorum</span> <span class='ocrx_word' id='word_1_124' title='bbox 1821 2024 1884 2077; x_wconf 91' lang='lat' dir='ltr'>et</span> <span class='ocrx_word' id='word_1_125' title='bbox 1910 2015 2236 2089; x_wconf 83' lang='lat' dir='ltr'>virtutum,</span> <span class='ocrx_word' id='word_1_126' title='bbox 2286 2032 2409 2075; x_wconf 83' lang='lat' dir='ltr'>non</span> <span class='ocrx_word' id='word_1_127' title='bbox 2442 2011 2602 2075; x_wconf 88' lang='lat' dir='ltr'>certi</span> 
     </span>
     <span class='ocr_line' id='line_1_18' title="bbox 554 2110 2599 2203; baseline -0.001 -22"><span class='ocrx_word' id='word_1_128' title='bbox 554 2118 841 2203; x_wconf 88' lang='lat' dir='ltr'>temporis</span> <span class='ocrx_word' id='word_1_129' title='bbox 888 2114 1189 2178; x_wconf 90' lang='lat' dir='ltr'>hominum</span> <span class='ocrx_word' id='word_1_130' title='bbox 1245 2115 1581 2198; x_wconf 86' lang='lat' dir='ltr'>imagines,</span> <span class='ocrx_word' id='word_1_131' title='bbox 1642 2116 1850 2180; x_wconf 90' lang='lat' dir='ltr'>schola</span> <span class='ocrx_word' id='word_1_132' title='bbox 1902 2115 2307 2200; x_wconf 87' lang='lat' dir='ltr'>praeparavit.</span> <span class='ocrx_word' id='word_1_133' title='bbox 2384 2110 2599 2198; x_wconf 90' lang='lat' dir='ltr'>Itaque</span> 
     </span>
     <span class='ocr_line' id='line_1_19' title="bbox 553 2215 2600 2301; baseline -0.001 -18"><span class='ocrx_word' id='word_1_134' title='bbox 553 2219 665 2284; x_wconf 90' lang='lat' dir='ltr'>hac</span> <span class='ocrx_word' id='word_1_135' title='bbox 711 2220 775 2282; x_wconf 90' lang='lat' dir='ltr'>in</span> <span class='ocrx_word' id='word_1_136' title='bbox 817 2239 887 2282; x_wconf 90' lang='lat' dir='ltr'>re</span> <span class='ocrx_word' id='word_1_137' title='bbox 933 2218 1351 2300; x_wconf 86' lang='lat' dir='ltr'>gravissimum</span> <span class='ocrx_word' id='word_1_138' title='bbox 1401 2219 1564 2283; x_wconf 87' lang='lat' dir='ltr'>inter</span> <span class='ocrx_word' id='word_1_139' title='bbox 1603 2215 1882 2283; x_wconf 88' lang='lat' dir='ltr'>Persium</span> <span class='ocrx_word' id='word_1_140' title='bbox 1927 2218 2180 2301; x_wconf 89' lang='lat' dir='ltr'>illosque</span> <span class='ocrx_word' id='word_1_141' title='bbox 2236 2218 2404 2281; x_wconf 85' lang='lat' dir='ltr'>viros</span> <span class='ocrx_word' id='word_1_142' title='bbox 2464 2217 2600 2281; x_wconf 88' lang='lat' dir='ltr'>iure</span> 
     </span>
     <span class='ocr_line' id='line_1_20' title="bbox 551 2318 2594 2408; baseline -0 -23"><span class='ocrx_word' id='word_1_143' title='bbox 551 2341 845 2408; x_wconf 88' lang='lat' dir='ltr'>ponemus</span> <span class='ocrx_word' id='word_1_144' title='bbox 889 2320 1247 2397; x_wconf 87' lang='lat' dir='ltr'>discrimen,</span> <span class='ocrx_word' id='word_1_145' title='bbox 1311 2321 1468 2404; x_wconf 90' lang='lat' dir='ltr'>quod</span> <span class='ocrx_word' id='word_1_146' title='bbox 1509 2342 1644 2387; x_wconf 90' lang='lat' dir='ltr'>eum</span> <span class='ocrx_word' id='word_1_147' title='bbox 1695 2321 1903 2387; x_wconf 84' lang='lat' dir='ltr'>schola</span> <span class='ocrx_word' id='word_1_148' title='bbox 1961 2321 2197 2398; x_wconf 86' lang='lat' dir='ltr'>docuit,</span> <span class='ocrx_word' id='word_1_149' title='bbox 2259 2340 2384 2383; x_wconf 90' lang='lat' dir='ltr'>non</span> <span class='ocrx_word' id='word_1_150' title='bbox 2441 2318 2594 2398; x_wconf 88' lang='lat' dir='ltr'>vita,</span> 
     </span>
     <span class='ocr_line' id='line_1_21' title="bbox 551 2423 2598 2509; baseline -0.001 -22"><span class='ocrx_word' id='word_1_151' title='bbox 551 2424 710 2507; x_wconf 89' lang='lat' dir='ltr'>quod</span> <span class='ocrx_word' id='word_1_152' title='bbox 739 2423 827 2487; x_wconf 91' lang='lat' dir='ltr'>illi</span> <span class='ocrx_word' id='word_1_153' title='bbox 870 2423 1046 2500; x_wconf 85' lang='lat' dir='ltr'>aevi,</span> <span class='ocrx_word' id='word_1_154' title='bbox 1094 2424 1250 2505; x_wconf 90' lang='lat' dir='ltr'>quod</span> <span class='ocrx_word' id='word_1_155' title='bbox 1296 2443 1405 2486; x_wconf 89' lang='lat' dir='ltr'>eos</span> <span class='ocrx_word' id='word_1_156' title='bbox 1450 2436 1921 2507; x_wconf 85' lang='lat' dir='ltr'>procreaverat,</span> <span class='ocrx_word' id='word_1_157' title='bbox 1969 2423 2285 2509; x_wconf 87' lang='lat' dir='ltr'>populique</span> <span class='ocrx_word' id='word_1_158' title='bbox 2329 2423 2425 2486; x_wconf 89' lang='lat' dir='ltr'>sui</span> <span class='ocrx_word' id='word_1_159' title='bbox 2465 2433 2598 2487; x_wconf 83' lang='lat' dir='ltr'>stu·</span> 
     </span>
     <span class='ocr_line' id='line_1_22' title="bbox 553 2524 2596 2604; baseline -0.001 -14"><span class='ocrx_word' id='word_1_160' title='bbox 553 2526 666 2590; x_wconf 87' lang='lat' dir='ltr'>diis</span> <span class='ocrx_word' id='word_1_161' title='bbox 697 2536 761 2591; x_wconf 85' lang='lat' dir='ltr'>et</span> <span class='ocrx_word' id='word_1_162' title='bbox 790 2525 982 2603; x_wconf 83' lang='lat' dir='ltr'>odiis,</span> <span class='ocrx_word' id='word_1_163' title='bbox 1025 2524 1189 2589; x_wconf 80' lang='lat' dir='ltr'>vitiis</span> <span class='ocrx_word' id='word_1_164' title='bbox 1221 2536 1284 2590; x_wconf 91' lang='lat' dir='ltr'>et</span> <span class='ocrx_word' id='word_1_165' title='bbox 1326 2526 1686 2604; x_wconf 85' lang='lat' dir='ltr'>virtutibus,</span> <span class='ocrx_word' id='word_1_166' title='bbox 1727 2526 1937 2589; x_wconf 82' lang='lat' dir='ltr'>imbuti</span> <span class='ocrx_word' id='word_1_167' title='bbox 1981 2535 2043 2591; x_wconf 88' lang='lat' dir='ltr'>et</span> <span class='ocrx_word' id='word_1_168' title='bbox 2087 2524 2332 2602; x_wconf 87' lang='lat' dir='ltr'>nutriti,</span> <span class='ocrx_word' id='word_1_169' title='bbox 2383 2544 2596 2590; x_wconf 84' lang='lat' dir='ltr'>veram</span> 
     </span>
     <span class='ocr_line' id='line_1_23' title="bbox 549 2627 2596 2713; baseline 0 -20"><span class='ocrx_word' id='word_1_170' title='bbox 549 2628 735 2693; x_wconf 86' lang='lat' dir='ltr'>vitam</span> <span class='ocrx_word' id='word_1_171' title='bbox 786 2628 1076 2692; x_wconf 77' lang='lat' dir='ltr'>vixerunt</span> <span class='ocrx_word' id='word_1_172' title='bbox 1117 2637 1180 2690; x_wconf 89' lang='lat' dir='ltr'>et</span> <span class='ocrx_word' id='word_1_173' title='bbox 1218 2640 1802 2713; x_wconf 87' lang='lat' dir='ltr'>repraesentarunt,</span> <span class='ocrx_word' id='word_1_174' title='bbox 1853 2628 1948 2692; x_wconf 90' lang='lat' dir='ltr'>bic</span> <span class='ocrx_word' id='word_1_175' title='bbox 1990 2627 2256 2691; x_wconf 88' lang='lat' dir='ltr'>umbram</span> <span class='ocrx_word' id='word_1_176' title='bbox 2288 2628 2423 2693; x_wconf 89' lang='lat' dir='ltr'>sine</span> <span class='ocrx_word' id='word_1_177' title='bbox 2454 2650 2596 2693; x_wconf 88' lang='lat' dir='ltr'>sau-</span> 
     </span>
     <span class='ocr_line' id='line_1_24' title="bbox 550 2726 2596 2816; baseline 0.001 -22"><span class='ocrx_word' id='word_1_178' title='bbox 550 2730 731 2815; x_wconf 89' lang='lat' dir='ltr'>guine</span> <span class='ocrx_word' id='word_1_179' title='bbox 763 2741 825 2793; x_wconf 88' lang='lat' dir='ltr'>et</span> <span class='ocrx_word' id='word_1_180' title='bbox 857 2729 1084 2794; x_wconf 89' lang='lat' dir='ltr'>nervis.</span> <span class='ocrx_word' id='word_1_181' title='bbox 1135 2726 1377 2794; x_wconf 90' lang='lat' dir='ltr'>Docent</span> <span class='ocrx_word' id='word_1_182' title='bbox 1407 2731 1521 2794; x_wconf 86' lang='lat' dir='ltr'>hoc</span> <span class='ocrx_word' id='word_1_183' title='bbox 1554 2731 1866 2816; x_wconf 82' lang='lat' dir='ltr'>exempla,</span> <span class='ocrx_word' id='word_1_184' title='bbox 1898 2750 2049 2814; x_wconf 88' lang='lat' dir='ltr'>quae</span> <span class='ocrx_word' id='word_1_185' title='bbox 2083 2733 2314 2814; x_wconf 77' lang='lat' dir='ltr'>profert</span> <span class='ocrx_word' id='word_1_186' title='bbox 2341 2728 2596 2796; x_wconf 86' lang='lat' dir='ltr'>Persius</span> 
     </span>
     <span class='ocr_line' id='line_1_25' title="bbox 549 2831 2596 2918; baseline 0.002 -23"><span class='ocrx_word' id='word_1_187' title='bbox 549 2853 585 2895; x_wconf 90' lang='lat' dir='ltr'>e</span> <span class='ocrx_word' id='word_1_188' title='bbox 627 2833 754 2897; x_wconf 84' lang='lat' dir='ltr'>vita</span> <span class='ocrx_word' id='word_1_189' title='bbox 798 2832 1097 2896; x_wconf 86' lang='lat' dir='ltr'>communi</span> <span class='ocrx_word' id='word_1_190' title='bbox 1146 2831 1468 2896; x_wconf 83' lang='lat' dir='ltr'>maximam</span> <span class='ocrx_word' id='word_1_191' title='bbox 1511 2843 1744 2917; x_wconf 86' lang='lat' dir='ltr'>partem</span> <span class='ocrx_word' id='word_1_192' title='bbox 1786 2833 2006 2917; x_wconf 86' lang='lat' dir='ltr'>petita,</span> <span class='ocrx_word' id='word_1_193' title='bbox 2056 2853 2207 2916; x_wconf 82' lang='lat' dir='ltr'>quae</span> <span class='ocrx_word' id='word_1_194' title='bbox 2239 2855 2596 2918; x_wconf 83' lang='lat' dir='ltr'>quamquam</span> 
     </span>
     <span class='ocr_line' id='line_1_26' title="bbox 550 2932 2597 3020; baseline 0.001 -23"><span class='ocrx_word' id='word_1_195' title='bbox 550 2936 797 3019; x_wconf 87' lang='lat' dir='ltr'>egregie</span> <span class='ocrx_word' id='word_1_196' title='bbox 831 2945 894 2998; x_wconf 90' lang='lat' dir='ltr'>et</span> <span class='ocrx_word' id='word_1_197' title='bbox 922 2933 1127 2997; x_wconf 88' lang='lat' dir='ltr'>subtili</span> <span class='ocrx_word' id='word_1_198' title='bbox 1156 2945 1287 2997; x_wconf 89' lang='lat' dir='ltr'>arte</span> <span class='ocrx_word' id='word_1_199' title='bbox 1317 2935 1448 2998; x_wconf 84' lang='lat' dir='ltr'>sere</span> <span class='ocrx_word' id='word_1_200' title='bbox 1479 2932 1779 2999; x_wconf 88' lang='lat' dir='ltr'>delineata</span> <span class='ocrx_word' id='word_1_201' title='bbox 1813 2946 1876 3000; x_wconf 88' lang='lat' dir='ltr'>et</span> <span class='ocrx_word' id='word_1_202' title='bbox 1906 2935 2142 3020; x_wconf 89' lang='lat' dir='ltr'>depicta</span> <span class='ocrx_word' id='word_1_203' title='bbox 2171 2944 2344 3012; x_wconf 93' lang='lat' dir='ltr'>suut,</span> <span class='ocrx_word' id='word_1_204' title='bbox 2391 2947 2597 2999; x_wconf 88' lang='lat' dir='ltr'>tamen</span> 
     </span>
     <span class='ocr_line' id='line_1_27' title="bbox 547 3036 2598 3121; baseline 0.001 -21"><span class='ocrx_word' id='word_1_205' title='bbox 547 3059 670 3101; x_wconf 88' lang='lat' dir='ltr'>uon</span> <span class='ocrx_word' id='word_1_206' title='bbox 729 3037 883 3102; x_wconf 88' lang='lat' dir='ltr'>certi</span> <span class='ocrx_word' id='word_1_207' title='bbox 926 3037 1213 3120; x_wconf 87' lang='lat' dir='ltr'>temporis</span> <span class='ocrx_word' id='word_1_208' title='bbox 1257 3058 1374 3102; x_wconf 87' lang='lat' dir='ltr'>nec</span> <span class='ocrx_word' id='word_1_209' title='bbox 1421 3048 1724 3102; x_wconf 87' lang='lat' dir='ltr'>certorum</span> <span class='ocrx_word' id='word_1_210' title='bbox 1769 3036 2069 3100; x_wconf 90' lang='lat' dir='ltr'>homiuum</span> <span class='ocrx_word' id='word_1_211' title='bbox 2117 3049 2262 3102; x_wconf 89' lang='lat' dir='ltr'>uota</span> <span class='ocrx_word' id='word_1_212' title='bbox 2304 3038 2598 3121; x_wconf 85' lang='lat' dir='ltr'>insignita</span> 
     </span>
     <span class='ocr_line' id='line_1_28' title="bbox 546 3139 2596 3226; baseline 0.001 -22"><span class='ocrx_word' id='word_1_213' title='bbox 546 3151 689 3204; x_wconf 85' lang='lat' dir='ltr'>suut</span> <span class='ocrx_word' id='word_1_214' title='bbox 709 3188 727 3220; x_wconf 94' lang='lat'>‚</span> <span class='ocrx_word' id='word_1_215' title='bbox 779 3139 886 3204; x_wconf 90' lang='lat' dir='ltr'>sed</span> <span class='ocrx_word' id='word_1_216' title='bbox 919 3139 1161 3224; x_wconf 86' lang='lat' dir='ltr'>generis</span> <span class='ocrx_word' id='word_1_217' title='bbox 1194 3140 1322 3203; x_wconf 83' lang='lat' dir='ltr'>fere</span> <span class='ocrx_word' id='word_1_218' title='bbox 1354 3140 1661 3204; x_wconf 89' lang='lat' dir='ltr'>cuiusdam</span> <span class='ocrx_word' id='word_1_219' title='bbox 1694 3139 1865 3223; x_wconf 86' lang='lat' dir='ltr'>quasi</span> <span class='ocrx_word' id='word_1_220' title='bbox 1910 3139 2247 3204; x_wconf 84' lang='lat' dir='ltr'>abstractas</span> <span class='ocrx_word' id='word_1_221' title='bbox 2292 3140 2596 3226; x_wconf 86' lang='lat' dir='ltr'>imagines</span> 
     </span>
     <span class='ocr_line' id='line_1_29' title="bbox 545 3238 2596 3327; baseline 0.002 -22"><span class='ocrx_word' id='word_1_222' title='bbox 545 3244 781 3308; x_wconf 82' lang='lat' dir='ltr'>referre</span> <span class='ocrx_word' id='word_1_223' title='bbox 838 3241 1144 3306; x_wconf 87' lang='lat' dir='ltr'>videntur.</span> <span class='ocrx_word' id='word_1_224' title='bbox 1222 3238 1446 3324; x_wconf 88' lang='lat' dir='ltr'>Neque</span> <span class='ocrx_word' id='word_1_225' title='bbox 1505 3242 1606 3306; x_wconf 91' lang='lat' dir='ltr'>ubi</span> <span class='ocrx_word' id='word_1_226' title='bbox 1665 3254 1895 3306; x_wconf 91' lang='lat' dir='ltr'>certum</span> <span class='ocrx_word' id='word_1_227' title='bbox 1956 3262 2179 3306; x_wconf 86' lang='lat' dir='ltr'>nomen</span> <span class='ocrx_word' id='word_1_228' title='bbox 2238 3243 2596 3327; x_wconf 86' lang='lat' dir='ltr'>promittere</span> 
     </span>
     <span class='ocr_line' id='line_1_30' title="bbox 544 3345 2596 3429; baseline 0 -20"><span class='ocrx_word' id='word_1_229' title='bbox 544 3346 829 3423; x_wconf 84' lang='lat' dir='ltr'>videtur,</span> <span class='ocrx_word' id='word_1_230' title='bbox 887 3353 1106 3429; x_wconf 85' lang='lat' dir='ltr'>poetae</span> <span class='ocrx_word' id='word_1_231' title='bbox 1153 3353 1382 3408; x_wconf 88' lang='lat' dir='ltr'>certam</span> <span class='ocrx_word' id='word_1_232' title='bbox 1444 3345 1737 3429; x_wconf 88' lang='lat' dir='ltr'>quandam</span> <span class='ocrx_word' id='word_1_233' title='bbox 1795 3345 2120 3428; x_wconf 83' lang='lat' dir='ltr'>imaginem</span> <span class='ocrx_word' id='word_1_234' title='bbox 2174 3355 2317 3408; x_wconf 89' lang='lat' dir='ltr'>ante</span> <span class='ocrx_word' id='word_1_235' title='bbox 2380 3347 2596 3410; x_wconf 91' lang='lat' dir='ltr'>oculos</span> 
     </span>
     <span class='ocr_line' id='line_1_31' title="bbox 544 3446 2596 3523; baseline 0.001 -12"><span class='ocrx_word' id='word_1_236' title='bbox 544 3459 851 3513; x_wconf 83' lang='lat' dir='ltr'>versatam</span> <span class='ocrx_word' id='word_1_237' title='bbox 894 3446 1119 3523; x_wconf 81' lang='lat' dir='ltr'>fuisse,</span> <span class='ocrx_word' id='word_1_238' title='bbox 1173 3446 1517 3511; x_wconf 86' lang='lat' dir='ltr'>accuratius</span> <span class='ocrx_word' id='word_1_239' title='bbox 1561 3468 1627 3511; x_wconf 89' lang='lat' dir='ltr'>re</span> <span class='ocrx_word' id='word_1_240' title='bbox 1676 3446 2060 3510; x_wconf 88' lang='lat' dir='ltr'>considerata</span> <span class='ocrx_word' id='word_1_241' title='bbox 2097 3468 2311 3511; x_wconf 79' lang='lat' dir='ltr'>verum</span> <span class='ocrx_word' id='word_1_242' title='bbox 2357 3448 2419 3512; x_wconf 91' lang='lat' dir='ltr'>id</span> <span class='ocrx_word' id='word_1_243' title='bbox 2454 3470 2596 3514; x_wconf 86' lang='lat' dir='ltr'>esse</span> 
     </span>
     <span class='ocr_line' id='line_1_32' title="bbox 544 3545 2599 3633; baseline 0.002 -21"><span class='ocrx_word' id='word_1_244' title='bbox 544 3550 952 3614; x_wconf 85' lang='lat' dir='ltr'>inveniemus.</span> <span class='ocrx_word' id='word_1_245' title='bbox 1017 3545 1248 3613; x_wconf 88' lang='lat' dir='ltr'>Partim</span> <span class='ocrx_word' id='word_1_246' title='bbox 1295 3550 1456 3614; x_wconf 82' lang='lat' dir='ltr'>euim</span> <span class='ocrx_word' id='word_1_247' title='bbox 1504 3549 1655 3614; x_wconf 88' lang='lat' dir='ltr'>haec</span> <span class='ocrx_word' id='word_1_248' title='bbox 1686 3550 1931 3612; x_wconf 87' lang='lat' dir='ltr'>uomina</span> <span class='ocrx_word' id='word_1_249' title='bbox 1959 3549 2045 3613; x_wconf 90' lang='lat' dir='ltr'>ita</span> <span class='ocrx_word' id='word_1_250' title='bbox 2076 3548 2268 3633; x_wconf 85' lang='lat' dir='ltr'>posita</span> <span class='ocrx_word' id='word_1_251' title='bbox 2301 3562 2480 3630; x_wconf 86' lang='lat' dir='ltr'>suut,</span> <span class='ocrx_word' id='word_1_252' title='bbox 2529 3563 2599 3617; x_wconf 87' lang='lat' dir='ltr'>ut</span> 
     </span>
     <span class='ocr_line' id='line_1_33' title="bbox 549 3646 2596 3736; baseline 0.003 -23"><span class='ocrx_word' id='word_1_253' title='bbox 549 3649 697 3713; x_wconf 89' lang='lat' dir='ltr'>nihil</span> <span class='ocrx_word' id='word_1_254' title='bbox 754 3651 1096 3716; x_wconf 85' lang='lat' dir='ltr'>accuratius</span> <span class='ocrx_word' id='word_1_255' title='bbox 1155 3652 1229 3716; x_wconf 89' lang='lat' dir='ltr'>iis</span> <span class='ocrx_word' id='word_1_256' title='bbox 1287 3651 1697 3736; x_wconf 83' lang='lat' dir='ltr'>significetur,</span> <span class='ocrx_word' id='word_1_257' title='bbox 1771 3651 1930 3715; x_wconf 84' lang='lat' dir='ltr'>sicut</span> <span class='ocrx_word' id='word_1_258' title='bbox 1994 3646 2130 3715; x_wconf 88' lang='lat' dir='ltr'>ICti</span> <span class='ocrx_word' id='word_1_259' title='bbox 2198 3650 2420 3716; x_wconf 81' lang='lat' dir='ltr'>Caium</span> <span class='ocrx_word' id='word_1_260' title='bbox 2490 3655 2596 3719; x_wconf 79' lang='lat' dir='ltr'>vel</span> 
     </span>
     <span class='ocr_line' id='line_1_34' title="bbox 547 3751 2594 3842; baseline 0.003 -27"><span class='ocrx_word' id='word_1_261' title='bbox 547 3751 791 3828; x_wconf 76' lang='lat' dir='ltr'>Seium,</span> <span class='ocrx_word' id='word_1_262' title='bbox 852 3752 1189 3840; x_wconf 86' lang='lat' dir='ltr'>philosophi</span> <span class='ocrx_word' id='word_1_263' title='bbox 1232 3753 1536 3830; x_wconf 80' lang='lat' dir='ltr'>Dionem,</span> <span class='ocrx_word' id='word_1_264' title='bbox 1613 3754 1952 3830; x_wconf 70' lang='lat' dir='ltr'>neonem,</span> <span class='ocrx_word' id='word_1_265' title='bbox 2016 3753 2340 3819; x_wconf 83' lang='lat' dir='ltr'>Socratem</span> <span class='ocrx_word' id='word_1_266' title='bbox 2390 3758 2594 3842; x_wconf 86' lang='lat' dir='ltr'>appel·</span> 
     </span>
    </p>
   </div>
   <div class='ocr_carea' id='block_1_4' title="bbox 605 3973 2597 4183">
    <p class='ocr_par' dir='ltr' id='par_1_4' title="bbox 605 3973 2597 4183">
     <span class='ocr_line' id='line_1_35' title="bbox 605 3973 2597 4044; baseline 0.004 -20"><span class='ocrx_word' id='word_1_267' title='bbox 605 3973 815 4025; x_wconf 84' lang='lat' dir='ltr'>Persius</span> <span class='ocrx_word' id='word_1_268' title='bbox 849 3974 1070 4026; x_wconf 90' lang='lat' dir='ltr'>omnium</span> <span class='ocrx_word' id='word_1_269' title='bbox 1116 3974 1530 4043; x_wconf 79' lang='lat' dir='ltr'>frequentissime</span> <span class='ocrx_word' id='word_1_270' title='bbox 1576 3982 1630 4028; x_wconf 85' lang='lat' dir='ltr'>et</span> <span class='ocrx_word' id='word_1_271' title='bbox 1681 3977 1931 4044; x_wconf 80' lang='lat' dir='ltr'>singulari</span> <span class='ocrx_word' id='word_1_272' title='bbox 1969 3978 2113 4030; x_wconf 76' lang='lat' dir='ltr'>modo</span> <span class='ocrx_word' id='word_1_273' title='bbox 2151 3978 2407 4042; x_wconf 76' lang='lat' dir='ltr'>dialogum</span> <span class='ocrx_word' id='word_1_274' title='bbox 2447 3980 2597 4031; x_wconf 81' lang='lat' dir='ltr'>adbi-</span> 
     </span>
     <span class='ocr_line' id='line_1_36' title="bbox 607 4042 2590 4115; baseline 0.004 -22"><span class='ocrx_word' id='word_1_275' title='bbox 607 4042 754 4107; x_wconf 88' lang='lat' dir='ltr'>buit,</span> <span class='ocrx_word' id='word_1_276' title='bbox 808 4044 960 4111; x_wconf 87' lang='lat' dir='ltr'>idque</span> <span class='ocrx_word' id='word_1_277' title='bbox 994 4059 1059 4095; x_wconf 82' lang='lat' dir='ltr'>ex</span> <span class='ocrx_word' id='word_1_278' title='bbox 1095 4052 1242 4110; x_wconf 86' lang='lat' dir='ltr'>parte</span> <span class='ocrx_word' id='word_1_279' title='bbox 1279 4046 1373 4096; x_wconf 90' lang='lat' dir='ltr'>bac</span> <span class='ocrx_word' id='word_1_280' title='bbox 1410 4046 1544 4112; x_wconf 87' lang='lat' dir='ltr'>apud</span> <span class='ocrx_word' id='word_1_281' title='bbox 1580 4047 1770 4099; x_wconf 85' lang='lat' dir='ltr'>stoicos</span> <span class='ocrx_word' id='word_1_282' title='bbox 1808 4064 1905 4099; x_wconf 89' lang='lat' dir='ltr'>nou</span> <span class='ocrx_word' id='word_1_283' title='bbox 1956 4048 2191 4099; x_wconf 81' lang='lat' dir='ltr'>inaudita</span> <span class='ocrx_word' id='word_1_284' title='bbox 2226 4048 2443 4115; x_wconf 81' lang='lat' dir='ltr'>poeticis</span> <span class='ocrx_word' id='word_1_285' title='bbox 2480 4050 2590 4101; x_wconf 87' lang='lat' dir='ltr'>dia-</span> 
     </span>
     <span class='ocr_line' id='line_1_37' title="bbox 606 4113 1968 4183; baseline 0.006 -21"><span class='ocrx_word' id='word_1_286' title='bbox 606 4113 738 4178; x_wconf 73' lang='lat' dir='ltr'>logis</span> <span class='ocrx_word' id='word_1_287' title='bbox 774 4113 989 4167; x_wconf 80' lang='lat' dir='ltr'>docendi·</span> <span class='ocrx_word' id='word_1_288' title='bbox 1022 4114 1223 4166; x_wconf 87' lang='lat' dir='ltr'>ratione</span> <span class='ocrx_word' id='word_1_289' title='bbox 1261 4115 1510 4183; x_wconf 86' lang='lat' dir='ltr'>explicari</span> <span class='ocrx_word' id='word_1_290' title='bbox 1547 4131 1695 4182; x_wconf 80' lang='lat' dir='ltr'>posse</span> <span class='ocrx_word' id='word_1_291' title='bbox 1741 4117 1968 4171; x_wconf 80' lang='lat' dir='ltr'>videtur.</span> 
     </span>
    </p>
   </div>
  </div>
 </body>
</html>
