<?xml version="1.0" encoding="UTF-8"?>
<!DOCTYPE html PUBLIC "-//W3C//DTD XHTML 1.0 Transitional//EN"
    "http://www.w3.org/TR/xhtml1/DTD/xhtml1-transitional.dtd">
<html xmlns="http://www.w3.org/1999/xhtml" xml:lang="en" lang="en">
 <head>
  <title>
</title>
<meta http-equiv="Content-Type" content="text/html;charset=utf-8" />
  <meta name='ocr-system' content='tesseract 3.04.00' />
  <meta name='ocr-capabilities' content='ocr_page ocr_carea ocr_par ocr_line ocrx_word'/>
</head>
<body>
  <div class='ocr_page' id='page_1' title='image "./satirarumliberc01jahngoog_0578.png"; bbox 0 0 2764 4738; ppageno 0'>
   <div class='ocr_carea' id='block_1_1' title="bbox 691 446 2246 521">
    <p class='ocr_par' dir='ltr' id='par_1_1' title="bbox 691 446 2246 521">
     <span class='ocr_line' id='line_1_1' title="bbox 691 446 2246 521; baseline 0.002 -10"><span class='ocrx_word' id='word_1_1' title='bbox 691 447 958 511; x_wconf 84' lang='lat' dir='ltr'>SCHOL.</span> <span class='ocrx_word' id='word_1_2' title='bbox 986 449 1093 510; x_wconf 83' lang='lat' dir='ltr'>AD</span> <span class='ocrx_word' id='word_1_3' title='bbox 1127 446 1294 509; x_wconf 78' lang='lat' dir='ltr'>SAT.</span> <span class='ocrx_word' id='word_1_4' title='bbox 1335 446 1434 521; x_wconf 80' lang='lat' dir='ltr'>vl,</span> <span class='ocrx_word' id='word_1_5' title='bbox 1467 451 1764 513; x_wconf 77' lang='lat'>64—75.</span> <span class='ocrx_word' id='word_1_6' title='bbox 2119 446 2246 514; x_wconf 83' lang='grc'>349</span> 
     </span>
    </p>
   </div>
   <div class='ocr_carea' id='block_1_2' title="bbox 201 617 2261 3859">
    <p class='ocr_par' dir='ltr' id='par_1_2' title="bbox 204 617 2244 958">
     <span class='ocr_line' id='line_1_2' title="bbox 359 617 2242 702; baseline -0.002 -18"><span class='ocrx_word' id='word_1_7' title='bbox 359 623 459 684; x_wconf 76' lang='grc'>64.</span> <span class='ocrx_word' id='word_1_8' title='bbox 504 623 689 681; x_wconf 81' lang='lat' dir='ltr'>Deest</span> <span class='ocrx_word' id='word_1_9' title='bbox 715 623 951 700; x_wconf 79' lang='lat' dir='ltr'>aliquid</span> <span class='ocrx_word' id='word_1_10' title='bbox 974 638 1266 694; x_wconf 61' lang='lat' dir='ltr'>summae,-</span> <span class='ocrx_word' id='word_1_11' title='bbox 1317 617 1427 680; x_wconf 89' lang='lat' dir='ltr'>boc</span> <span class='ocrx_word' id='word_1_12' title='bbox 1457 617 1627 679; x_wconf 82' lang='lat' dir='ltr'>dicit:</span> <span class='ocrx_word' id='word_1_13' title='bbox 1668 617 1885 699; x_wconf 86' lang='lat' dir='ltr'>Accipe</span> <span class='ocrx_word' id='word_1_14' title='bbox 1916 617 2062 702; x_wconf 88' lang='lat' dir='ltr'>quod</span> <span class='ocrx_word' id='word_1_15' title='bbox 2094 622 2242 696; x_wconf 77' lang='lat' dir='ltr'>fero,</span> 
     </span>
     <span class='ocr_line' id='line_1_3' title="bbox 204 705 2243 788; baseline 0 -21"><span class='ocrx_word' id='word_1_16' title='bbox 204 726 314 767; x_wconf 87' lang='lat' dir='ltr'>nec</span> <span class='ocrx_word' id='word_1_17' title='bbox 354 707 631 767; x_wconf 77' lang='lat' dir='ltr'>rationem</span> <span class='ocrx_word' id='word_1_18' title='bbox 677 709 946 785; x_wconf 80' lang='lat' dir='ltr'>exegeris</span> <span class='ocrx_word' id='word_1_19' title='bbox 992 705 1244 764; x_wconf 81' lang='lat' dir='ltr'>diminuti</span> <span class='ocrx_word' id='word_1_20' title='bbox 1285 705 1636 784; x_wconf 78' lang='lat' dir='ltr'>patrimonii:</span> <span class='ocrx_word' id='word_1_21' title='bbox 1690 707 1821 785; x_wconf 88' lang='lat' dir='ltr'>quia</span> <span class='ocrx_word' id='word_1_22' title='bbox 1862 706 1991 765; x_wconf 82' lang='lat' dir='ltr'>huic</span> <span class='ocrx_word' id='word_1_23' title='bbox 2033 707 2243 788; x_wconf 82' lang='lat' dir='ltr'>aliquid</span> 
     </span>
     <span class='ocr_line' id='line_1_4' title="bbox 205 787 2244 937; baseline 0.001 -86"><span class='ocrx_word' id='word_1_24' title='bbox 205 787 509 937; x_wconf 34' lang='lat' dir='ltr'>minuitnuss</span> <span class='ocrx_word' id='word_1_25' title='bbox 559 795 718 852; x_wconf 89' lang='lat' dir='ltr'>cuius</span> <span class='ocrx_word' id='word_1_26' title='bbox 765 794 940 853; x_wconf 84' lang='lat' dir='ltr'>fuerit</span> <span class='ocrx_word' id='word_1_27' title='bbox 984 794 1107 851; x_wconf 89' lang='lat' dir='ltr'>iure</span> <span class='ocrx_word' id='word_1_28' title='bbox 1154 793 1459 870; x_wconf 86' lang='lat' dir='ltr'>integrum.</span> <span class='ocrx_word' id='word_1_29' title='bbox 1532 790 1594 849; x_wconf 88' lang='lat' dir='ltr'>Si</span> <span class='ocrx_word' id='word_1_30' title='bbox 1636 789 1766 870; x_wconf 87' lang='lat' dir='ltr'>quid</span> <span class='ocrx_word' id='word_1_31' title='bbox 1810 794 2128 871; x_wconf 75' lang='lat' dir='ltr'>consumpsi</span> <span class='ocrx_word' id='word_1_32' title='bbox 2171 791 2244 855; x_wconf 90' lang='lat' dir='ltr'>de</span> 
     </span>
     <span class='ocr_line' id='line_1_5' title="bbox 206 875 1865 958; baseline -0.002 -20"><span class='ocrx_word' id='word_1_33' title='bbox 206 898 355 949; x_wconf 90' lang='lat' dir='ltr'>meo,</span> <span class='ocrx_word' id='word_1_34' title='bbox 387 878 475 956; x_wconf 73' lang='lat' dir='ltr'>frq</span> <span class='ocrx_word' id='word_1_35' title='bbox 511 888 626 937; x_wconf 89' lang='lat' dir='ltr'>tum</span> <span class='ocrx_word' id='word_1_36' title='bbox 658 889 781 938; x_wconf 83' lang='lat' dir='ltr'>est:</span> <span class='ocrx_word' id='word_1_37' title='bbox 813 889 875 938; x_wconf 83' lang='lat' dir='ltr'>at</span> <span class='ocrx_word' id='word_1_38' title='bbox 902 876 1051 958; x_wconf 88' lang='lat' dir='ltr'>quod</span> <span class='ocrx_word' id='word_1_39' title='bbox 1082 887 1381 955; x_wconf 79' lang='lat' dir='ltr'><strong>superest,</strong></span> <span class='ocrx_word' id='word_1_40' title='bbox 1413 875 1515 935; x_wconf 87' lang='lat' dir='ltr'>tibi</span> <span class='ocrx_word' id='word_1_41' title='bbox 1545 885 1720 935; x_wconf 89' lang='lat' dir='ltr'>totum</span> <span class='ocrx_word' id='word_1_42' title='bbox 1752 886 1865 936; x_wconf 86' lang='lat' dir='ltr'>est.</span> 
     </span>
    </p>

    <p class='ocr_par' dir='ltr' id='par_1_3' title="bbox 205 959 2247 1128">
     <span class='ocr_line' id='line_1_6' title="bbox 378 959 2247 1045; baseline -0.001 -20"><span class='ocrx_word' id='word_1_43' title='bbox 378 966 478 1025; x_wconf 90' lang='grc'>65.</span> <span class='ocrx_word' id='word_1_44' title='bbox 532 965 647 1023; x_wconf 79' lang='lat' dir='ltr'>Ubi</span> <span class='ocrx_word' id='word_1_45' title='bbox 669 966 768 1034; x_wconf 80' lang='lat' dir='ltr'>sit,</span> <span class='ocrx_word' id='word_1_46' title='bbox 788 961 948 1041; x_wconf 83' lang='lat' dir='ltr'>suge</span> <span class='ocrx_word' id='word_1_47' title='bbox 980 981 1306 1040; x_wconf 60' lang='lat' dir='ltr'>quaerere.-</span> <span class='ocrx_word' id='word_1_48' title='bbox 1356 960 1414 1020; x_wconf 90' lang='lat' dir='ltr'>id</span> <span class='ocrx_word' id='word_1_49' title='bbox 1444 971 1568 1021; x_wconf 88' lang='lat' dir='ltr'>est:</span> <span class='ocrx_word' id='word_1_50' title='bbox 1604 959 1874 1040; x_wconf 83' lang='lat' dir='ltr'>Quicquid</span> <span class='ocrx_word' id='word_1_51' title='bbox 1907 962 2037 1022; x_wconf 87' lang='lat' dir='ltr'>mibi</span> <span class='ocrx_word' id='word_1_52' title='bbox 2070 982 2247 1045; x_wconf 87' lang='lat' dir='ltr'>quon·</span> 
     </span>
     <span class='ocr_line' id='line_1_7' title="bbox 205 1045 1973 1128; baseline 0 -21"><span class='ocrx_word' id='word_1_53' title='bbox 205 1045 333 1108; x_wconf 81' lang='lat' dir='ltr'>dam</span> <span class='ocrx_word' id='word_1_54' title='bbox 362 1068 397 1107; x_wconf 85' lang='lat' dir='ltr'>a</span> <span class='ocrx_word' id='word_1_55' title='bbox 430 1047 626 1107; x_wconf 81' lang='lat' dir='ltr'>Stadio</span> <span class='ocrx_word' id='word_1_56' title='bbox 652 1054 673 1087; x_wconf 88' lang='lat'>¹</span> <span class='ocrx_word' id='word_1_57' title='bbox 704 1068 808 1128; x_wconf 90' lang='lat' dir='ltr'>per</span> <span class='ocrx_word' id='word_1_58' title='bbox 838 1049 1080 1126; x_wconf 79' lang='lat' dir='ltr'>legatum</span> <span class='ocrx_word' id='word_1_59' title='bbox 1115 1045 1401 1105; x_wconf 88' lang='lat' dir='ltr'>dimissum</span> <span class='ocrx_word' id='word_1_60' title='bbox 1433 1057 1560 1118; x_wconf 89' lang='lat' dir='ltr'>est,</span> <span class='ocrx_word' id='word_1_61' title='bbox 1591 1066 1663 1106; x_wconf 87' lang='lat' dir='ltr'>ue</span> <span class='ocrx_word' id='word_1_62' title='bbox 1694 1049 1973 1127; x_wconf 83' lang='lat' dir='ltr'>requiras.</span> 
     </span>
    </p>

    <p class='ocr_par' dir='ltr' id='par_1_4' title="bbox 210 1130 2246 1278">
     <span class='ocr_line' id='line_1_8' title="bbox 386 1130 2246 1214; baseline 0 -18"><span class='ocrx_word' id='word_1_63' title='bbox 386 1137 488 1196; x_wconf 83' lang='lat'>66.</span> <span class='ocrx_word' id='word_1_64' title='bbox 530 1135 666 1193; x_wconf 85' lang='lat' dir='ltr'>Neu</span> <span class='ocrx_word' id='word_1_65' title='bbox 697 1135 857 1193; x_wconf 82' lang='lat' dir='ltr'>dicta</span> <span class='ocrx_word' id='word_1_66' title='bbox 887 1152 1105 1212; x_wconf 83' lang='lat' dir='ltr'>repone</span> <span class='ocrx_word' id='word_1_67' title='bbox 1125 1142 1410 1212; x_wconf 83' lang='lat' dir='ltr'>paterna.</span> <span class='ocrx_word' id='word_1_68' title='bbox 1464 1130 1554 1192; x_wconf 89' lang='lat' dir='ltr'>Ne</span> <span class='ocrx_word' id='word_1_69' title='bbox 1597 1151 1687 1191; x_wconf 90' lang='lat' dir='ltr'>me</span> <span class='ocrx_word' id='word_1_70' title='bbox 1718 1130 1789 1192; x_wconf 91' lang='lat' dir='ltr'>de</span> <span class='ocrx_word' id='word_1_71' title='bbox 1820 1152 1977 1194; x_wconf 91' lang='lat' dir='ltr'>more</span> <span class='ocrx_word' id='word_1_72' title='bbox 2006 1144 2246 1214; x_wconf 86' lang='lat' dir='ltr'>paterno</span> 
     </span>
     <span class='ocr_line' id='line_1_9' title="bbox 210 1216 506 1278; baseline -0.003 0"><span class='ocrx_word' id='word_1_73' title='bbox 210 1216 506 1278; x_wconf 86' lang='lat' dir='ltr'>discutias.</span> 
     </span>
    </p>

    <p class='ocr_par' dir='ltr' id='par_1_5' title="bbox 212 1300 2253 1728">
     <span class='ocr_line' id='line_1_10' title="bbox 387 1300 2252 1366; baseline -0.001 0"><span class='ocrx_word' id='word_1_74' title='bbox 387 1307 492 1366; x_wconf 90' lang='grc'>67.</span> <span class='ocrx_word' id='word_1_75' title='bbox 538 1304 819 1363; x_wconf 72' lang='grc' dir='ltr'>Ροεηονιὶι·</span> <span class='ocrx_word' id='word_1_76' title='bbox 862 1305 1114 1362; x_wconf 78' lang='lat' dir='ltr'><strong><em>accedat</em></strong></span> <span class='ocrx_word' id='word_1_77' title='bbox 1153 1321 1394 1362; x_wconf 62' lang='lat' dir='ltr'>merca.</span> <span class='ocrx_word' id='word_1_78' title='bbox 1439 1300 1834 1362; x_wconf 74' lang='lat' dir='ltr'>*Tractnm</span> <span class='ocrx_word' id='word_1_79' title='bbox 1879 1314 1994 1363; x_wconf 87' lang='lat' dir='ltr'>est</span> <span class='ocrx_word' id='word_1_80' title='bbox 2036 1304 2172 1365; x_wconf 87' lang='lat' dir='ltr'>boe</span> <span class='ocrx_word' id='word_1_81' title='bbox 2218 1325 2252 1365; x_wconf 81' lang='lat' dir='ltr'>a</span> 
     </span>
     <span class='ocr_line' id='line_1_11' title="bbox 212 1386 2251 1468; baseline 0 -20"><span class='ocrx_word' id='word_1_82' title='bbox 212 1389 594 1467; x_wconf 80' lang='lat' dir='ltr'>patribus,</span> <span class='ocrx_word' id='word_1_83' title='bbox 638 1390 758 1468; x_wconf 87' lang='lat' dir='ltr'>qni</span> <span class='ocrx_word' id='word_1_84' title='bbox 787 1386 1043 1447; x_wconf 85' lang='lat' dir='ltr'>dicunt</span> <span class='ocrx_word' id='word_1_85' title='bbox 1089 1389 1292 1447; x_wconf 80' lang='lat' dir='ltr'>filiis</span> <span class='ocrx_word' id='word_1_86' title='bbox 1340 1387 1533 1446; x_wconf 84' lang='lat' dir='ltr'>suis:</span> <span class='ocrx_word' id='word_1_87' title='bbox 1584 1386 1761 1460; x_wconf 84' lang='lat' dir='ltr'>Hoc,</span> <span class='ocrx_word' id='word_1_88' title='bbox 1805 1388 1998 1468; x_wconf 87' lang='lat' dir='ltr'>quod</span> <span class='ocrx_word' id='word_1_89' title='bbox 2040 1390 2251 1449; x_wconf 84' lang='lat' dir='ltr'>vobis</span> 
     </span>
     <span class='ocr_line' id='line_1_12' title="bbox 212 1470 2253 1549; baseline 0.001 -16"><span class='ocrx_word' id='word_1_90' title='bbox 212 1475 412 1533; x_wconf 87' lang='lat' dir='ltr'>lucri</span> <span class='ocrx_word' id='word_1_91' title='bbox 472 1472 556 1534; x_wconf 91' lang='lat' dir='ltr'>de</span> <span class='ocrx_word' id='word_1_92' title='bbox 614 1475 933 1532; x_wconf 84' lang='lat' dir='ltr'>foenore</span> <span class='ocrx_word' id='word_1_93' title='bbox 990 1474 1365 1544; x_wconf 86' lang='lat' dir='ltr'>accessit,</span> <span class='ocrx_word' id='word_1_94' title='bbox 1429 1470 1513 1531; x_wconf 85' lang='lat' dir='ltr'>ad</span> <span class='ocrx_word' id='word_1_95' title='bbox 1570 1473 1927 1547; x_wconf 80' lang='lat' dir='ltr'>fructum,</span> <span class='ocrx_word' id='word_1_96' title='bbox 1989 1473 2055 1534; x_wconf 90' lang='lat' dir='ltr'>id</span> <span class='ocrx_word' id='word_1_97' title='bbox 2099 1486 2253 1549; x_wconf 85' lang='lat' dir='ltr'>est,</span> 
     </span>
     <span class='ocr_line' id='line_1_13' title="bbox 212 1558 2252 1640; baseline 0.002 -23"><span class='ocrx_word' id='word_1_98' title='bbox 212 1558 299 1618; x_wconf 85' lang='lat' dir='ltr'>ad</span> <span class='ocrx_word' id='word_1_99' title='bbox 351 1579 550 1618; x_wconf 90' lang='lat' dir='ltr'>usum</span> <span class='ocrx_word' id='word_1_100' title='bbox 618 1560 822 1618; x_wconf 86' lang='lat' dir='ltr'>vitae</span> <span class='ocrx_word' id='word_1_101' title='bbox 879 1559 1101 1617; x_wconf 84' lang='lat' dir='ltr'>vobis</span> <span class='ocrx_word' id='word_1_102' title='bbox 1175 1558 1584 1637; x_wconf 81' lang='lat' dir='ltr'>proficiat,</span> <span class='ocrx_word' id='word_1_103' title='bbox 1654 1559 2012 1640; x_wconf 88' lang='lat' dir='ltr'>reliquum</span> <span class='ocrx_word' id='word_1_104' title='bbox 2066 1579 2252 1621; x_wconf 84' lang='lat' dir='ltr'>vero</span> 
     </span>
     <span class='ocr_line' id='line_1_14' title="bbox 215 1645 1509 1728; baseline -0.002 -25"><span class='ocrx_word' id='word_1_105' title='bbox 215 1646 570 1728; x_wconf 64' lang='lat' dir='ltr'>pecuniae</span> <span class='ocrx_word' id='word_1_106' title='bbox 616 1654 1024 1703; x_wconf 82' lang='lat' dir='ltr'>reservate</span> <span class='ocrx_word' id='word_1_107' title='bbox 1068 1645 1509 1720; x_wconf 49' lang='lat' dir='ltr'>integrum)¹</span> 
     </span>
    </p>

    <p class='ocr_par' dir='ltr' id='par_1_6' title="bbox 211 1718 2255 2151">
     <span class='ocr_line' id='line_1_15' title="bbox 254 1718 2254 1808; baseline -0.001 -17"><span class='ocrx_word' id='word_1_108' title='bbox 254 1718 263 1727; x_wconf 54' lang='lat'>⁸</span> <span class='ocrx_word' id='word_1_109' title='bbox 388 1732 486 1791; x_wconf 90' lang='lat'>68.</span> <span class='ocrx_word' id='word_1_110' title='bbox 533 1730 888 1808; x_wconf 74' lang='lat' dir='ltr'>Reliquum?</span> <span class='ocrx_word' id='word_1_111' title='bbox 927 1730 1140 1800; x_wconf 82' lang='lat' dir='ltr'>Nunc,</span> <span class='ocrx_word' id='word_1_112' title='bbox 1188 1745 1345 1786; x_wconf 83' lang='lat' dir='ltr'>nunc</span> <span class='ocrx_word' id='word_1_113' title='bbox 1385 1729 1723 1806; x_wconf 79' lang='lat' dir='ltr'>impensius.</span> <span class='ocrx_word' id='word_1_114' title='bbox 1774 1728 1919 1802; x_wconf 87' lang='lat' dir='ltr'>Quia</span> <span class='ocrx_word' id='word_1_115' title='bbox 1952 1727 2254 1790; x_wconf 77' lang='lat' dir='ltr'>induxerat</span> 
     </span>
     <span class='ocr_line' id='line_1_16' title="bbox 213 1811 2255 1894; baseline 0.001 -21"><span class='ocrx_word' id='word_1_116' title='bbox 213 1812 484 1874; x_wconf 84' lang='lat' dir='ltr'>heredem</span> <span class='ocrx_word' id='word_1_117' title='bbox 515 1824 960 1892; x_wconf 84' lang='lat' dir='ltr'>computantem,</span> <span class='ocrx_word' id='word_1_118' title='bbox 1008 1812 1162 1893; x_wconf 53' lang='lat' dir='ltr'>quida</span> <span class='ocrx_word' id='word_1_119' title='bbox 1180 1811 1618 1892; x_wconf 80' lang='lat' dir='ltr'>dereliquisset,</span> <span class='ocrx_word' id='word_1_120' title='bbox 1663 1816 1787 1892; x_wconf 90' lang='lat' dir='ltr'>ipse</span> <span class='ocrx_word' id='word_1_121' title='bbox 1817 1815 1970 1874; x_wconf 88' lang='lat' dir='ltr'>velut</span> <span class='ocrx_word' id='word_1_122' title='bbox 1999 1814 2255 1894; x_wconf 85' lang='lat' dir='ltr'>indigna-</span> 
     </span>
     <span class='ocr_line' id='line_1_17' title="bbox 211 1897 2254 1979; baseline 0.001 -20"><span class='ocrx_word' id='word_1_123' title='bbox 211 1910 335 1972; x_wconf 83' lang='lat' dir='ltr'>tus,</span> <span class='ocrx_word' id='word_1_124' title='bbox 382 1900 491 1960; x_wconf 86' lang='lat' dir='ltr'>hoc</span> <span class='ocrx_word' id='word_1_125' title='bbox 520 1900 750 1960; x_wconf 82' lang='lat' dir='ltr'>verbum</span> <span class='ocrx_word' id='word_1_126' title='bbox 781 1901 990 1978; x_wconf 90' lang='lat' dir='ltr'>repetit</span> <span class='ocrx_word' id='word_1_127' title='bbox 1017 1899 1215 1959; x_wconf 87' lang='lat' dir='ltr'>dicens</span> <span class='ocrx_word' id='word_1_128' title='bbox 1240 1921 1255 1957; x_wconf 71' lang='grc' dir='ltr'><em>ε</em></span> <span class='ocrx_word' id='word_1_129' title='bbox 1289 1898 1607 1979; x_wconf 76' lang='lat' dir='ltr'>reliquum?</span> <span class='ocrx_word' id='word_1_130' title='bbox 1650 1897 1868 1959; x_wconf 88' lang='lat' dir='ltr'>Deinde</span> <span class='ocrx_word' id='word_1_131' title='bbox 1900 1901 2054 1960; x_wconf 88' lang='lat' dir='ltr'>velut</span> <span class='ocrx_word' id='word_1_132' title='bbox 2083 1921 2254 1961; x_wconf 80' lang='lat' dir='ltr'>exar-</span> 
     </span>
     <span class='ocr_line' id='line_1_18' title="bbox 214 1983 2253 2063; baseline 0.001 -19"><span class='ocrx_word' id='word_1_133' title='bbox 214 1983 415 2045; x_wconf 85' lang='lat' dir='ltr'>descat</span> <span class='ocrx_word' id='word_1_134' title='bbox 442 1988 561 2058; x_wconf 85' lang='lat' dir='ltr'>ira,</span> <span class='ocrx_word' id='word_1_135' title='bbox 614 1986 820 2044; x_wconf 86' lang='lat' dir='ltr'>lautius</span> <span class='ocrx_word' id='word_1_136' title='bbox 853 2005 916 2044; x_wconf 84' lang='lat' dir='ltr'>se</span> <span class='ocrx_word' id='word_1_137' title='bbox 949 1995 1010 2045; x_wconf 90' lang='lat' dir='ltr'>et</span> <span class='ocrx_word' id='word_1_138' title='bbox 1038 1985 1420 2063; x_wconf 74' lang='lat' dir='ltr'>sumptuosius</span> <span class='ocrx_word' id='word_1_139' title='bbox 1452 1985 1645 2043; x_wconf 86' lang='lat' dir='ltr'>vivere</span> <span class='ocrx_word' id='word_1_140' title='bbox 1676 1986 1945 2058; x_wconf 80' lang='lat' dir='ltr'>minatur,</span> <span class='ocrx_word' id='word_1_141' title='bbox 1991 1997 2051 2046; x_wconf 92' lang='lat' dir='ltr'>et</span> <span class='ocrx_word' id='word_1_142' title='bbox 2079 1988 2253 2046; x_wconf 91' lang='lat' dir='ltr'>multo</span> 
     </span>
     <span class='ocr_line' id='line_1_19' title="bbox 214 2070 2254 2151; baseline 0.001 -21"><span class='ocrx_word' id='word_1_143' title='bbox 214 2072 395 2150; x_wconf 84' lang='lat' dir='ltr'>magis</span> <span class='ocrx_word' id='word_1_144' title='bbox 438 2070 594 2131; x_wconf 84' lang='lat' dir='ltr'>abuti</span> <span class='ocrx_word' id='word_1_145' title='bbox 639 2073 758 2130; x_wconf 89' lang='lat' dir='ltr'>suis</span> <span class='ocrx_word' id='word_1_146' title='bbox 803 2071 1009 2144; x_wconf 88' lang='lat' dir='ltr'>rebus,</span> <span class='ocrx_word' id='word_1_147' title='bbox 1054 2080 1114 2130; x_wconf 92' lang='lat' dir='ltr'>et</span> <span class='ocrx_word' id='word_1_148' title='bbox 1155 2071 1437 2151; x_wconf 77' lang='lat' dir='ltr'>praecipit</span> <span class='ocrx_word' id='word_1_149' title='bbox 1480 2070 1751 2130; x_wconf 80' lang='lat' dir='ltr'>lautiores</span> <span class='ocrx_word' id='word_1_150' title='bbox 1798 2089 1967 2132; x_wconf 86' lang='lat' dir='ltr'>escas</span> <span class='ocrx_word' id='word_1_151' title='bbox 2007 2072 2115 2132; x_wconf 89' lang='lat' dir='ltr'>sibi</span> <span class='ocrx_word' id='word_1_152' title='bbox 2144 2075 2254 2133; x_wconf 86' lang='lat' dir='ltr'>iam</span> 
     </span>
    </p>

    <p class='ocr_par' dir='ltr' id='par_1_7' title="bbox 201 2176 2261 2996">
     <span class='ocr_line' id='line_1_20' title="bbox 255 2176 424 2216; baseline 0 -1"><span class='ocrx_word' id='word_1_153' title='bbox 255 2176 424 2216; x_wconf 75' lang='lat' dir='ltr'>arari.</span> 
     </span>
     <span class='ocr_line' id='line_1_21' title="bbox 215 2177 2253 2324; baseline 0 -20"><span class='ocrx_word' id='word_1_154' title='bbox 215 2177 252 2236; x_wconf 73' lang='lat' dir='ltr'><strong>P</strong></span> <span class='ocrx_word' id='word_1_155' title='bbox 389 2245 488 2305; x_wconf 82' lang='lat'>69.</span> <span class='ocrx_word' id='word_1_156' title='bbox 543 2243 707 2321; x_wconf 80' lang='lat' dir='ltr'>Unge</span> <span class='ocrx_word' id='word_1_157' title='bbox 755 2261 914 2321; x_wconf 84' lang='lat' dir='ltr'>puer</span> <span class='ocrx_word' id='word_1_158' title='bbox 956 2241 1193 2313; x_wconf 80' lang='lat' dir='ltr'>caules,</span> <span class='ocrx_word' id='word_1_159' title='bbox 1253 2237 1403 2320; x_wconf 89' lang='lat' dir='ltr'>quod</span> <span class='ocrx_word' id='word_1_160' title='bbox 1446 2236 1617 2313; x_wconf 79' lang='lat' dir='ltr'>dixit,</span> <span class='ocrx_word' id='word_1_161' title='bbox 1688 2242 1819 2322; x_wconf 85' lang='lat' dir='ltr'>qnia</span> <span class='ocrx_word' id='word_1_162' title='bbox 1863 2262 2068 2302; x_wconf 83' lang='lat' dir='ltr'>avarus</span> <span class='ocrx_word' id='word_1_163' title='bbox 2112 2262 2253 2324; x_wconf 86' lang='lat' dir='ltr'>prae</span> 
     </span>
     <span class='ocr_line' id='line_1_22' title="bbox 215 2327 2255 2408; baseline 0.001 -20"><span class='ocrx_word' id='word_1_164' title='bbox 215 2329 384 2388; x_wconf 87' lang='lat' dir='ltr'>nimia</span> <span class='ocrx_word' id='word_1_165' title='bbox 416 2329 692 2408; x_wconf 83' lang='lat' dir='ltr'>parcitate</span> <span class='ocrx_word' id='word_1_166' title='bbox 723 2328 1094 2407; x_wconf 88' lang='lat' dir='ltr'>impensiores</span> <span class='ocrx_word' id='word_1_167' title='bbox 1128 2327 1326 2407; x_wconf 84' lang='lat' dir='ltr'>epulas</span> <span class='ocrx_word' id='word_1_168' title='bbox 1356 2328 1603 2406; x_wconf 87' lang='lat' dir='ltr'>putavit,</span> <span class='ocrx_word' id='word_1_169' title='bbox 1646 2328 1842 2388; x_wconf 84' lang='lat' dir='ltr'>caules</span> <span class='ocrx_word' id='word_1_170' title='bbox 1882 2338 2080 2389; x_wconf 88' lang='lat' dir='ltr'>unctos</span> <span class='ocrx_word' id='word_1_171' title='bbox 2124 2330 2255 2391; x_wconf 89' lang='lat' dir='ltr'>oleo</span> 
     </span>
     <span class='ocr_line' id='line_1_23' title="bbox 216 2412 2248 2491; baseline 0 -17"><span class='ocrx_word' id='word_1_172' title='bbox 216 2412 540 2475; x_wconf 83' lang='lat' dir='ltr'>comedere.</span> <span class='ocrx_word' id='word_1_173' title='bbox 712 2415 872 2472; x_wconf 74' lang='lat' dir='ltr'>Mihi</span> <span class='ocrx_word' id='word_1_174' title='bbox 891 2413 1063 2491; x_wconf 81' lang='lat' dir='ltr'>festa</span> <span class='ocrx_word' id='word_1_175' title='bbox 1113 2415 1240 2471; x_wconf 85' lang='lat' dir='ltr'>luce</span> <span class='ocrx_word' id='word_1_176' title='bbox 1283 2422 1574 2491; x_wconf 83' lang='lat' dir='ltr'>coquatur</span> <span class='ocrx_word' id='word_1_177' title='bbox 1614 2417 1830 2473; x_wconf 84' lang='lat' dir='ltr'>urtica.</span> <span class='ocrx_word' id='word_1_178' title='bbox 1878 2413 2095 2474; x_wconf 85' lang='lat' dir='ltr'>Sensus</span> <span class='ocrx_word' id='word_1_179' title='bbox 2128 2425 2248 2475; x_wconf 86' lang='lat' dir='ltr'>est:</span> 
     </span>
     <span class='ocr_line' id='line_1_24' title="bbox 216 2496 2261 2580; baseline 0 -21"><span class='ocrx_word' id='word_1_180' title='bbox 216 2498 307 2559; x_wconf 84' lang='lat' dir='ltr'>An</span> <span class='ocrx_word' id='word_1_181' title='bbox 341 2519 451 2577; x_wconf 83' lang='lat' dir='ltr'>ego</span> <span class='ocrx_word' id='word_1_182' title='bbox 483 2499 632 2558; x_wconf 81' lang='lat' dir='ltr'>fame</span> <span class='ocrx_word' id='word_1_183' title='bbox 663 2501 892 2571; x_wconf 86' lang='lat' dir='ltr'>moriar,</span> <span class='ocrx_word' id='word_1_184' title='bbox 917 2509 977 2557; x_wconf 89' lang='lat' dir='ltr'>et</span> <span class='ocrx_word' id='word_1_185' title='bbox 1008 2500 1172 2557; x_wconf 80' lang='lat' dir='ltr'>festis</span> <span class='ocrx_word' id='word_1_186' title='bbox 1204 2496 1403 2558; x_wconf 82' lang='lat' dir='ltr'>diebus</span> <span class='ocrx_word' id='word_1_187' title='bbox 1433 2500 1631 2558; x_wconf 81' lang='lat' dir='ltr'>urtica</span> <span class='ocrx_word' id='word_1_188' title='bbox 1661 2518 1883 2572; x_wconf 86' lang='lat' dir='ltr'>vescar,</span> <span class='ocrx_word' id='word_1_189' title='bbox 1908 2511 1969 2559; x_wconf 92' lang='lat' dir='ltr'>et</span> <span class='ocrx_word' id='word_1_190' title='bbox 1996 2502 2261 2580; x_wconf 76' lang='lat' dir='ltr'>sinciput</span> 
     </span>
     <span class='ocr_line' id='line_1_25' title="bbox 201 2580 2255 2664; baseline 0 -21"><span class='ocrx_word' id='word_1_191' title='bbox 201 2583 543 2663; x_wconf 73' lang='lat' dir='ltr'>sumo-sum,</span> <span class='ocrx_word' id='word_1_192' title='bbox 604 2582 751 2662; x_wconf 83' lang='lat' dir='ltr'>quod</span> <span class='ocrx_word' id='word_1_193' title='bbox 807 2593 898 2642; x_wconf 89' lang='lat' dir='ltr'>est</span> <span class='ocrx_word' id='word_1_194' title='bbox 942 2580 1223 2642; x_wconf 86' lang='lat' dir='ltr'>dimidium</span> <span class='ocrx_word' id='word_1_195' title='bbox 1270 2591 1440 2660; x_wconf 85' lang='lat' dir='ltr'>caput</span> <span class='ocrx_word' id='word_1_196' title='bbox 1486 2584 1811 2661; x_wconf 89' lang='lat' dir='ltr'>porcinum,</span> <span class='ocrx_word' id='word_1_197' title='bbox 1868 2595 1930 2644; x_wconf 92' lang='lat' dir='ltr'>nt</span> <span class='ocrx_word' id='word_1_198' title='bbox 1973 2581 2100 2644; x_wconf 87' lang='lat' dir='ltr'>dum</span> <span class='ocrx_word' id='word_1_199' title='bbox 2143 2605 2255 2664; x_wconf 86' lang='lat' dir='ltr'>ego</span> 
     </span>
     <span class='ocr_line' id='line_1_26' title="bbox 218 2665 2256 2746; baseline 0.001 -20"><span class='ocrx_word' id='word_1_200' title='bbox 218 2688 392 2746; x_wconf 89' lang='lat' dir='ltr'>parce</span> <span class='ocrx_word' id='word_1_201' title='bbox 425 2669 587 2739; x_wconf 86' lang='lat' dir='ltr'>vivo,</span> <span class='ocrx_word' id='word_1_202' title='bbox 621 2677 749 2726; x_wconf 93' lang='lat' dir='ltr'>tuns</span> <span class='ocrx_word' id='word_1_203' title='bbox 782 2686 992 2746; x_wconf 88' lang='lat' dir='ltr'>nepos,</span> <span class='ocrx_word' id='word_1_204' title='bbox 1023 2665 1079 2725; x_wconf 91' lang='lat' dir='ltr'>id</span> <span class='ocrx_word' id='word_1_205' title='bbox 1111 2678 1221 2738; x_wconf 90' lang='lat' dir='ltr'>est,</span> <span class='ocrx_word' id='word_1_206' title='bbox 1257 2678 1384 2726; x_wconf 91' lang='lat' dir='ltr'>tuns</span> <span class='ocrx_word' id='word_1_207' title='bbox 1415 2667 1558 2727; x_wconf 86' lang='lat' dir='ltr'>lilius</span> <span class='ocrx_word' id='word_1_208' title='bbox 1589 2666 1843 2746; x_wconf 88' lang='lat' dir='ltr'>perditus</span> <span class='ocrx_word' id='word_1_209' title='bbox 1874 2668 2019 2730; x_wconf 82' lang='lat' dir='ltr'>baec</span> <span class='ocrx_word' id='word_1_210' title='bbox 2051 2672 2256 2741; x_wconf 86' lang='lat' dir='ltr'>omnia,</span> 
     </span>
     <span class='ocr_line' id='line_1_27' title="bbox 220 2750 2259 2832; baseline 0.001 -20"><span class='ocrx_word' id='word_1_211' title='bbox 220 2772 364 2832; x_wconf 82' lang='lat' dir='ltr'>qnae</span> <span class='ocrx_word' id='word_1_212' title='bbox 397 2772 600 2824; x_wconf 86' lang='lat' dir='ltr'>servo,</span> <span class='ocrx_word' id='word_1_213' title='bbox 647 2754 953 2831; x_wconf 88' lang='lat' dir='ltr'>impensius</span> <span class='ocrx_word' id='word_1_214' title='bbox 992 2750 1237 2811; x_wconf 87' lang='lat' dir='ltr'>vivendo</span> <span class='ocrx_word' id='word_1_215' title='bbox 1281 2751 1621 2830; x_wconf 74' lang='lat' dir='ltr'>abliguriat?</span> <span class='ocrx_word' id='word_1_216' title='bbox 1664 2763 1725 2811; x_wconf 91' lang='lat' dir='ltr'>et</span> <span class='ocrx_word' id='word_1_217' title='bbox 1767 2765 2049 2815; x_wconf 86' lang='lat' dir='ltr'>saturatus</span> <span class='ocrx_word' id='word_1_218' title='bbox 2090 2774 2259 2815; x_wconf 82' lang='lat' dir='ltr'>anse-</span> 
     </span>
     <span class='ocr_line' id='line_1_28' title="bbox 216 2838 2258 2919; baseline 0.001 -22"><span class='ocrx_word' id='word_1_219' title='bbox 216 2858 339 2897; x_wconf 84' lang='lat' dir='ltr'>rum</span> <span class='ocrx_word' id='word_1_220' title='bbox 370 2838 745 2910; x_wconf 88' lang='lat' dir='ltr'>iecinoribus,</span> <span class='ocrx_word' id='word_1_221' title='bbox 775 2839 831 2896; x_wconf 92' lang='lat' dir='ltr'>in</span> <span class='ocrx_word' id='word_1_222' title='bbox 863 2839 1222 2916; x_wconf 84' lang='lat' dir='ltr'>patriciarum</span> <span class='ocrx_word' id='word_1_223' title='bbox 1254 2838 1507 2916; x_wconf 84' lang='lat' dir='ltr'>turpibus</span> <span class='ocrx_word' id='word_1_224' title='bbox 1543 2840 1754 2919; x_wconf 87' lang='lat' dir='ltr'>stupris</span> <span class='ocrx_word' id='word_1_225' title='bbox 1784 2838 1932 2898; x_wconf 85' lang='lat' dir='ltr'>bona</span> <span class='ocrx_word' id='word_1_226' title='bbox 1962 2859 2089 2900; x_wconf 82' lang='lat' dir='ltr'>mea</span> <span class='ocrx_word' id='word_1_227' title='bbox 2119 2859 2258 2900; x_wconf 90' lang='lat' dir='ltr'>con-</span> 
     </span>
     <span class='ocr_line' id='line_1_29' title="bbox 218 2920 1337 2996; baseline -0.003 -13"><span class='ocrx_word' id='word_1_228' title='bbox 218 2934 431 2996; x_wconf 86' lang='lat' dir='ltr'>sumat,</span> <span class='ocrx_word' id='word_1_229' title='bbox 463 2944 585 2983; x_wconf 89' lang='lat' dir='ltr'>cum</span> <span class='ocrx_word' id='word_1_230' title='bbox 617 2925 671 2982; x_wconf 90' lang='lat' dir='ltr'>in</span> <span class='ocrx_word' id='word_1_231' title='bbox 706 2944 777 2983; x_wconf 89' lang='lat' dir='ltr'>eo</span> <span class='ocrx_word' id='word_1_232' title='bbox 809 2920 976 2981; x_wconf 89' lang='lat' dir='ltr'>libido</span> <span class='ocrx_word' id='word_1_233' title='bbox 1009 2923 1337 2981; x_wconf 73' lang='lat' dir='ltr'>exarserit?</span> 
     </span>
    </p>

    <p class='ocr_par' dir='ltr' id='par_1_8' title="bbox 220 3005 2260 3326">
     <span class='ocr_line' id='line_1_30' title="bbox 392 3005 2256 3087; baseline 0 -16"><span class='ocrx_word' id='word_1_234' title='bbox 392 3014 494 3072; x_wconf 83' lang='lat'>73.</span> <span class='ocrx_word' id='word_1_235' title='bbox 538 3011 699 3068; x_wconf 71' lang='lat' dir='ltr'>Mihi</span> <span class='ocrx_word' id='word_1_236' title='bbox 738 3019 930 3068; x_wconf 81' lang='lat' dir='ltr'>trama</span> <span class='ocrx_word' id='word_1_237' title='bbox 954 3008 1228 3086; x_wconf 82' lang='lat' dir='ltr'>figurae.</span> <span class='ocrx_word' id='word_1_238' title='bbox 1312 3006 1436 3067; x_wconf 86' lang='lat' dir='ltr'>Hoc</span> <span class='ocrx_word' id='word_1_239' title='bbox 1479 3005 1651 3067; x_wconf 66' lang='lat' dir='ltr'>dicits</span> <span class='ocrx_word' id='word_1_240' title='bbox 1700 3007 1827 3087; x_wconf 87' lang='lat' dir='ltr'>Ego</span> <span class='ocrx_word' id='word_1_241' title='bbox 1872 3006 1942 3068; x_wconf 89' lang='lat' dir='ltr'>ad</span> <span class='ocrx_word' id='word_1_242' title='bbox 1988 3030 2256 3071; x_wconf 85' lang='lat' dir='ltr'>summam</span> 
     </span>
     <span class='ocr_line' id='line_1_31' title="bbox 220 3091 2105 3174; baseline 0.001 -20"><span class='ocrx_word' id='word_1_243' title='bbox 220 3096 454 3155; x_wconf 89' lang='lat' dir='ltr'>maciem</span> <span class='ocrx_word' id='word_1_244' title='bbox 475 3138 492 3166; x_wconf 94' lang='lat'>,</span> <span class='ocrx_word' id='word_1_245' title='bbox 524 3105 586 3154; x_wconf 93' lang='lat' dir='ltr'>et</span> <span class='ocrx_word' id='word_1_246' title='bbox 613 3097 942 3154; x_wconf 81' lang='lat' dir='ltr'>tenuitatem</span> <span class='ocrx_word' id='word_1_247' title='bbox 973 3091 1253 3165; x_wconf 85' lang='lat' dir='ltr'>deducar,</span> <span class='ocrx_word' id='word_1_248' title='bbox 1283 3104 1347 3151; x_wconf 90' lang='lat' dir='ltr'>ut</span> <span class='ocrx_word' id='word_1_249' title='bbox 1374 3093 1471 3152; x_wconf 91' lang='lat' dir='ltr'>ille</span> <span class='ocrx_word' id='word_1_250' title='bbox 1502 3092 1721 3153; x_wconf 86' lang='lat' dir='ltr'>deliciis</span> <span class='ocrx_word' id='word_1_251' title='bbox 1751 3096 2105 3174; x_wconf 83' lang='lat' dir='ltr'>pinguescat.</span> 
     </span>
     <span class='ocr_line' id='line_1_32' title="bbox 228 3178 2260 3262; baseline 0.001 -22"><span class='ocrx_word' id='word_1_252' title='bbox 228 3182 441 3240; x_wconf 85' lang='lat' dir='ltr'>Trama</span> <span class='ocrx_word' id='word_1_253' title='bbox 468 3179 761 3258; x_wconf 79' lang='lat' dir='ltr'>figurae,</span> <span class='ocrx_word' id='word_1_254' title='bbox 820 3192 1060 3239; x_wconf 89' lang='lat' dir='ltr'>tractum</span> <span class='ocrx_word' id='word_1_255' title='bbox 1104 3189 1196 3239; x_wconf 88' lang='lat' dir='ltr'>est</span> <span class='ocrx_word' id='word_1_256' title='bbox 1239 3199 1275 3238; x_wconf 88' lang='lat' dir='ltr'>a</span> <span class='ocrx_word' id='word_1_257' title='bbox 1314 3178 1678 3239; x_wconf 82' lang='lat' dir='ltr'>muliebribus</span> <span class='ocrx_word' id='word_1_258' title='bbox 1726 3181 1889 3254; x_wconf 90' lang='lat' dir='ltr'>telis,</span> <span class='ocrx_word' id='word_1_259' title='bbox 1946 3201 2092 3262; x_wconf 85' lang='lat' dir='ltr'>quae</span> <span class='ocrx_word' id='word_1_260' title='bbox 2135 3182 2260 3243; x_wconf 85' lang='lat' dir='ltr'>sine</span> 
     </span>
     <span class='ocr_line' id='line_1_33' title="bbox 220 3264 996 3326; baseline -0.004 0"><span class='ocrx_word' id='word_1_261' title='bbox 220 3269 458 3326; x_wconf 87' lang='lat' dir='ltr'>stamine</span> <span class='ocrx_word' id='word_1_262' title='bbox 488 3269 685 3326; x_wconf 87' lang='lat' dir='ltr'>inanes</span> <span class='ocrx_word' id='word_1_263' title='bbox 715 3264 996 3325; x_wconf 87' lang='lat' dir='ltr'>videntur.</span> 
     </span>
    </p>

    <p class='ocr_par' dir='ltr' id='par_1_9' title="bbox 221 3344 2260 3687">
     <span class='ocr_line' id='line_1_34' title="bbox 390 3344 2258 3431; baseline -0.001 -18"><span class='ocrx_word' id='word_1_264' title='bbox 390 3357 492 3414; x_wconf 76' lang='grc'>74.</span> <span class='ocrx_word' id='word_1_265' title='bbox 544 3353 784 3411; x_wconf 84' lang='lat' dir='ltr'>Tremat</span> <span class='ocrx_word' id='word_1_266' title='bbox 807 3361 1049 3410; x_wconf 79' lang='lat' dir='ltr'>omento.</span> <span class='ocrx_word' id='word_1_267' title='bbox 1118 3351 1356 3408; x_wconf 84' lang='lat' dir='ltr'>Omento</span> <span class='ocrx_word' id='word_1_268' title='bbox 1397 3344 1533 3408; x_wconf 88' lang='lat' dir='ltr'>dicit</span> <span class='ocrx_word' id='word_1_269' title='bbox 1561 3347 1923 3429; x_wconf 80' lang='lat' dir='ltr'>pinguedine.</span> <span class='ocrx_word' id='word_1_270' title='bbox 2096 3354 2258 3431; x_wconf 86' lang='lat' dir='ltr'>Popa</span> 
     </span>
     <span class='ocr_line' id='line_1_35' title="bbox 221 3438 2257 3517; baseline 0 -22"><span class='ocrx_word' id='word_1_271' title='bbox 221 3446 462 3509; x_wconf 80' lang='lat' dir='ltr'>venter,</span> <span class='ocrx_word' id='word_1_272' title='bbox 522 3438 781 3516; x_wconf 86' lang='lat' dir='ltr'>pinguis,</span> <span class='ocrx_word' id='word_1_273' title='bbox 855 3438 984 3516; x_wconf 82' lang='lat' dir='ltr'>quia</span> <span class='ocrx_word' id='word_1_274' title='bbox 1019 3454 1336 3515; x_wconf 81' lang='lat' dir='ltr'>popaeana</span> <span class='ocrx_word' id='word_1_275' title='bbox 1397 3453 1614 3514; x_wconf 82' lang='lat' dir='ltr'>genera</span> <span class='ocrx_word' id='word_1_276' title='bbox 1654 3446 1781 3495; x_wconf 85' lang='lat' dir='ltr'>sunt</span> <span class='ocrx_word' id='word_1_277' title='bbox 1824 3438 2016 3516; x_wconf 83' lang='lat' dir='ltr'>panis,</span> <span class='ocrx_word' id='word_1_278' title='bbox 2060 3438 2257 3517; x_wconf 85' lang='lat' dir='ltr'>quibus</span> 
     </span>
     <span class='ocr_line' id='line_1_36' title="bbox 223 3519 2260 3603; baseline 0 -22"><span class='ocrx_word' id='word_1_279' title='bbox 223 3520 556 3582; x_wconf 84' lang='lat' dir='ltr'>sacerdotes</span> <span class='ocrx_word' id='word_1_280' title='bbox 587 3533 648 3582; x_wconf 90' lang='lat' dir='ltr'>et</span> <span class='ocrx_word' id='word_1_281' title='bbox 675 3540 869 3581; x_wconf 90' lang='lat' dir='ltr'>eorum</span> <span class='ocrx_word' id='word_1_282' title='bbox 901 3523 1136 3581; x_wconf 88' lang='lat' dir='ltr'>ministri</span> <span class='ocrx_word' id='word_1_283' title='bbox 1165 3519 1575 3592; x_wconf 84' lang='lat' dir='ltr'>vescebantur,</span> <span class='ocrx_word' id='word_1_284' title='bbox 1623 3521 1821 3601; x_wconf 83' lang='lat' dir='ltr'>quibus</span> <span class='ocrx_word' id='word_1_285' title='bbox 1853 3520 2081 3582; x_wconf 86' lang='lat' dir='ltr'>assidue</span> <span class='ocrx_word' id='word_1_286' title='bbox 2110 3524 2260 3603; x_wconf 81' lang='lat' dir='ltr'>pasti</span> 
     </span>
     <span class='ocr_line' id='line_1_37' title="bbox 223 3606 772 3687; baseline -0.002 -21"><span class='ocrx_word' id='word_1_287' title='bbox 223 3608 463 3687; x_wconf 83' lang='lat' dir='ltr'>pingues</span> <span class='ocrx_word' id='word_1_288' title='bbox 496 3606 706 3667; x_wconf 82' lang='lat' dir='ltr'>fiebant</span> <span class='ocrx_word' id='word_1_289' title='bbox 728 3611 772 3665; x_wconf 74' lang='lat'>².</span> 
     </span>
    </p>

    <p class='ocr_par' dir='ltr' id='par_1_10' title="bbox 227 3690 2258 3859">
     <span class='ocr_line' id='line_1_38' title="bbox 394 3690 2258 3770; baseline -0.001 -15"><span class='ocrx_word' id='word_1_290' title='bbox 394 3698 430 3755; x_wconf 91' lang='grc'><strong>7</strong></span> <span class='ocrx_word' id='word_1_291' title='bbox 440 3699 502 3755; x_wconf 85' lang='grc'>5.</span> <span class='ocrx_word' id='word_1_292' title='bbox 555 3693 756 3752; x_wconf 83' lang='lat' dir='ltr'>Vende</span> <span class='ocrx_word' id='word_1_293' title='bbox 801 3694 1057 3752; x_wconf 84' lang='lat' dir='ltr'>am&#39;mam</span> <span class='ocrx_word' id='word_1_294' title='bbox 1104 3692 1290 3752; x_wconf 84' lang='lat' dir='ltr'>lucro.</span> <span class='ocrx_word' id='word_1_295' title='bbox 1347 3690 1547 3752; x_wconf 83' lang='lat' dir='ltr'>Verba</span> <span class='ocrx_word' id='word_1_296' title='bbox 1591 3701 1721 3749; x_wconf 91' lang='lat' dir='ltr'>sunt</span> <span class='ocrx_word' id='word_1_297' title='bbox 1749 3702 1953 3770; x_wconf 86' lang='lat' dir='ltr'>poetae</span> <span class='ocrx_word' id='word_1_298' title='bbox 1984 3690 2057 3751; x_wconf 84' lang='lat' dir='ltr'>ad</span> <span class='ocrx_word' id='word_1_299' title='bbox 2084 3690 2258 3765; x_wconf 88' lang='lat' dir='ltr'>illum,</span> 
     </span>
     <span class='ocr_line' id='line_1_39' title="bbox 227 3773 2258 3859; baseline 0 -22"><span class='ocrx_word' id='word_1_300' title='bbox 227 3779 319 3858; x_wconf 87' lang='lat' dir='ltr'>qui</span> <span class='ocrx_word' id='word_1_301' title='bbox 361 3788 424 3837; x_wconf 92' lang='lat' dir='ltr'>ut</span> <span class='ocrx_word' id='word_1_302' title='bbox 466 3778 692 3838; x_wconf 88' lang='lat' dir='ltr'>multum</span> <span class='ocrx_word' id='word_1_303' title='bbox 722 3777 921 3837; x_wconf 81' lang='lat' dir='ltr'>heredi</span> <span class='ocrx_word' id='word_1_304' title='bbox 952 3774 1410 3859; x_wconf 87' lang='lat' dir='ltr'>derelinqueret,</span> <span class='ocrx_word' id='word_1_305' title='bbox 1456 3778 1582 3855; x_wconf 89' lang='lat' dir='ltr'>ipse</span> <span class='ocrx_word' id='word_1_306' title='bbox 1611 3795 1676 3836; x_wconf 91' lang='lat' dir='ltr'>se</span> <span class='ocrx_word' id='word_1_307' title='bbox 1706 3773 1765 3838; x_wconf 92' lang='lat' dir='ltr'>in</span> <span class='ocrx_word' id='word_1_308' title='bbox 1794 3777 2075 3839; x_wconf 87' lang='lat' dir='ltr'>lucrorum</span> <span class='ocrx_word' id='word_1_309' title='bbox 2105 3776 2258 3840; x_wconf 85' lang='lat' dir='ltr'>desi-</span> 
     </span>
    </p>
   </div>
   <div class='ocr_carea' id='block_1_3' title="bbox 220 3996 2257 4207">
    <p class='ocr_par' dir='ltr' id='par_1_11' title="bbox 220 3996 2257 4207">
     <span class='ocr_line' id='line_1_40' title="bbox 223 3996 848 4052; baseline -0.005 0"><span class='ocrx_word' id='word_1_310' title='bbox 223 3999 250 4052; x_wconf 70' lang='lat' dir='ltr'>i</span> <span class='ocrx_word' id='word_1_311' title='bbox 299 3997 488 4051; x_wconf 73' lang='lat' dir='ltr'>Tedeae&#39;o</span> <span class='ocrx_word' id='word_1_312' title='bbox 530 3997 692 4050; x_wconf 58' lang='lat' dir='ltr'>Taceo</span> <span class='ocrx_word' id='word_1_313' title='bbox 727 3996 848 4051; x_wconf 85' lang='lat' dir='ltr'>Vin.</span> 
     </span>
     <span class='ocr_line' id='line_1_41' title="bbox 220 4065 2257 4137; baseline 0.002 -19"><span class='ocrx_word' id='word_1_314' title='bbox 220 4069 258 4124; x_wconf 80' lang='lat'>2</span> <span class='ocrx_word' id='word_1_315' title='bbox 290 4066 509 4137; x_wconf 75' lang='lat' dir='ltr'>Papiasz</span> <span class='ocrx_word' id='word_1_316' title='bbox 563 4068 788 4135; x_wconf 83' lang='lat' dir='ltr'>„Popa‚</span> <span class='ocrx_word' id='word_1_317' title='bbox 835 4067 1090 4134; x_wconf 73' lang='lat' dir='ltr'>pinguedo</span> <span class='ocrx_word' id='word_1_318' title='bbox 1123 4068 1334 4134; x_wconf 87' lang='lat' dir='ltr'>ponitur</span> <span class='ocrx_word' id='word_1_319' title='bbox 1365 4080 1459 4137; x_wconf 86' lang='lat' dir='ltr'>pro</span> <span class='ocrx_word' id='word_1_320' title='bbox 1493 4079 1674 4131; x_wconf 69' lang='lat' dir='ltr'>grasso</span> <span class='ocrx_word' id='word_1_321' title='bbox 1706 4065 1794 4118; x_wconf 81' lang='lat' dir='ltr'>vel</span> <span class='ocrx_word' id='word_1_322' title='bbox 1827 4068 1976 4133; x_wconf 73' lang='lat' dir='ltr'>gravi</span> <span class='ocrx_word' id='word_1_323' title='bbox 2012 4070 2257 4137; x_wconf 78' lang='lat' dir='ltr'>spisse;“</span> 
     </span>
     <span class='ocr_line' id='line_1_42' title="bbox 288 4135 2257 4207; baseline 0.004 -19"><span class='ocrx_word' id='word_1_324' title='bbox 288 4135 357 4188; x_wconf 80' lang='lat' dir='ltr'>cr.</span> <span class='ocrx_word' id='word_1_325' title='bbox 396 4137 533 4190; x_wconf 79' lang='lat' dir='ltr'>idem</span> <span class='ocrx_word' id='word_1_326' title='bbox 567 4152 614 4190; x_wconf 84' lang='lat' dir='ltr'>s.</span> <span class='ocrx_word' id='word_1_327' title='bbox 653 4153 709 4190; x_wconf 84' lang='lat' dir='ltr'>v.</span> <span class='ocrx_word' id='word_1_328' title='bbox 745 4139 1011 4207; x_wconf 50' lang='lat' dir='ltr'>,mopiam</span> <span class='ocrx_word' id='word_1_329' title='bbox 1045 4138 1290 4206; x_wconf 79' lang='lat' dir='ltr'>coquina,</span> <span class='ocrx_word' id='word_1_330' title='bbox 1326 4151 1357 4189; x_wconf 83' lang='lat' dir='ltr'>a</span> <span class='ocrx_word' id='word_1_331' title='bbox 1393 4149 1550 4204; x_wconf 83' lang='lat' dir='ltr'>popa,</span> <span class='ocrx_word' id='word_1_332' title='bbox 1586 4135 1722 4204; x_wconf 81' lang='lat' dir='ltr'>qnod</span> <span class='ocrx_word' id='word_1_333' title='bbox 1754 4145 1839 4189; x_wconf 84' lang='lat' dir='ltr'>est</span> <span class='ocrx_word' id='word_1_334' title='bbox 1869 4139 2038 4206; x_wconf 79' lang='lat' dir='ltr'>spissa</span> <span class='ocrx_word' id='word_1_335' title='bbox 2070 4141 2257 4194; x_wconf 77' lang='lat' dir='ltr'>earo.“</span> 
     </span>
    </p>
   </div>
  </div>
 </body>
</html>
