2764 4738
588 390 793 433 xxxiv
1252 368 1970 433 PROLEGOMENA.

588 537 681 603 liti
726 536 925 602 subito
970 556 1073 601 res
1106 534 1429 603 ¹Romanas
1483 538 1696 623 grandi
1744 539 2012 606 carmine
2068 541 2476 605 illustrandas
2537 540 2651 605 sihi

591 651 870 718 sumant,
917 637 1234 705 Lucanum
1277 641 1651 726 potissimum
1696 642 2089 726 respexisse,
2145 665 2358 709 verum
2405 643 2654 707 videtur

590 744 645 807 is
687 754 891 806 tamen
934 742 1010 806 ad
1058 741 1260 807 talium
1305 753 1621 826 poetarum
1666 765 1981 810 numerum
2010 747 2144 811 inre
2175 745 2401 810 referri
2439 762 2648 830 posse.

592 843 752 910 Nam
787 844 957 907 initio
990 844 1228 927 quidem
1258 843 1490 907 ludicra
1526 855 1753 909 tantum
1786 850 2124 932 composuit
2147 861 2206 925 ¹,
2250 847 2462 912 donec
2494 846 2652 910 altos

592 948 835 1032 spiritus
865 957 1136 1011 sumeret
1164 945 1240 1008 ad
1272 945 1387 1008 hoc
1419 967 1566 1030 epos
1597 947 2000 1012 condendum.
2064 948 2239 1031 Quod
2281 968 2654 1032 quamquam

593 1071 863 1125 summo,
917 1059 1096 1132 atque
1140 1057 1208 1111 ut
1251 1045 1583 1111 Suetonius
1625 1046 1906 1115 inimicus
1950 1048 2206 1115 Lucano
2252 1050 2376 1125 ait,
2445 1051 2652 1133 inepto

593 1153 808 1217 favore
841 1161 1165 1236 exceptum
1198 1160 1293 1213 est
1314 1195 1333 1227 ‚
1385 1158 1584 1213 tamen
1630 1153 1905 1234 graviter
1950 1154 2131 1217 etiam
2164 1171 2301 1217 esse
2329 1151 2656 1235 vitupera-

592 1263 718 1317 tum
750 1264 958 1317 notum
990 1263 1085 1316 est
1121 1258 1166 1313 ².
1232 1249 1360 1314 Iam
1403 1251 1563 1334 quod
1607 1251 1681 1314 de
1728 1274 1801 1317 eo
1842 1254 2121 1318 iudicium
2153 1254 2288 1317 tulit
2319 1250 2654 1334 Quintilia-

593 1377 709 1420 nus
742 1352 859 1435 (X,
896 1353 957 1432 1,
990 1352 1139 1430 90),
1190 1373 1330 1417 esse
1377 1373 1512 1417 eum
1555 1355 1873 1418 ardentem
1916 1367 1978 1419 et
2007 1356 2376 1421 concitatum
2413 1366 2486 1420 et
2515 1373 2655 1417 sen·

593 1457 806 1521 tentiis
863 1455 1297 1531 clarissimum,
1364 1455 1471 1519 sed
1527 1455 1716 1539 magis
1773 1457 2152 1535 oratoribus,
2214 1477 2389 1540 quam
2455 1454 2654 1538 poetis

593 1559 986 1632 imitandum,
1035 1557 1183 1620 satis
1216 1558 1630 1633 demonstrat,
1677 1578 1797 1621 non
1832 1560 2097 1643 potuisse
2143 1580 2281 1622 eum
2327 1555 2591 1641 probari
2620 1575 2653 1617 a

591 1658 851 1736 Persio,
897 1659 995 1740 qui
1026 1658 1168 1721 illud
1200 1659 1566 1734 oratorium,
1615 1659 1691 1723 ad
1734 1661 2044 1725 auditores
2076 1660 2411 1744 captandos
2445 1668 2652 1743 aptum

597 1763 841 1826 dicendi
870 1782 1062 1845 genus
1087 1806 1104 1837 ‚
1152 1770 1520 1844 quantopere
1551 1760 1615 1822 in
1646 1762 1841 1845 poetis
1875 1763 2159 1846 temporis
2191 1762 2283 1827 sui
2314 1758 2651 1845 improbet,

595 1864 743 1930 satis
774 1863 1064 1927 declarat.
1110 1860 1197 1925 Et
1225 1861 1370 1924 mihi
1401 1861 1636 1944 quidem
1669 1883 1947 1946 perquam
1979 1864 2308 1928 verisimile
2340 1874 2481 1939 est,
2531 1857 2651 1923 Pe-

596 1966 857 2030 tronium
879 2010 897 2042 ‚
948 1965 1046 2047 qui
1078 1975 1144 2026 ut
1173 1964 1232 2027 in
1267 1962 1466 2026 multis
1496 1963 1666 2041 aliis,
1714 1965 1798 2028 ita
1846 1965 1910 2028 in
1944 1964 2165 2029 iudicio
2198 1965 2274 2029 de
2303 1964 2654 2029 studiorum

596 2068 883 2151 temporis
924 2067 1016 2130 sui
1056 2066 1457 2148 perversitate
1506 2066 1755 2150 egregie
1801 2088 1935 2131 cum
1980 2064 2199 2131 Persio
2249 2066 2570 2151 conspirat
2599 2068 2646 2136 ⁸,

602 2207 627 2258 1
667 2203 986 2254 Amatorium
1016 2216 1219 2253 carmen
1252 2202 1463 2267 scripsit
1502 2202 1555 2251 in
1597 2216 1806 2252 uxorem
1854 2202 2043 2253 Pollam
2073 2202 2473 2267 Argentariam,
2515 2198 2648 2249 stat.

664 2273 792 2323 Sitv.
825 2272 888 2334 11,
928 2274 977 2333 7,
1010 2272 1076 2326 62
1092 2285 1169 2335 sq.
1209 2271 1277 2320 cl.
1314 2269 1478 2336 praes.
1520 2270 1583 2321 ad
1612 2270 1877 2322 Meliorem
1897 2272 2168 2334 inedium,
2207 2272 2356 2321 cuius
2385 2273 2651 2320 immemor

664 2341 764 2391 ruit
781 2340 1053 2392 Paldamus
1070 2337 1240 2402 (Ram.
1260 2337 1404 2389 Erot.
1439 2355 1489 2407 p.
1512 2339 1578 2392 80
1596 2341 1703 2406 sq.)
1725 2377 1738 2403 ,
1777 2342 1863 2406 qui
1896 2347 1948 2391 et
1971 2340 2079 2390 loco
2105 2340 2301 2390 Sidonii
2328 2334 2652 2405 Apollinaris

666 2412 803 2476 (epp.
832 2409 895 2470 11,
928 2410 1012 2472 10)
1061 2423 1156 2457 non
1195 2415 1337 2458 recte
1378 2423 1506 2458 usus
1535 2416 1634 2459 est.
1695 2407 1838 2460 luter
1866 2410 2086 2460 lascivos
2113 2416 2323 2476 poetas,
2362 2423 2500 2474 quos
2529 2419 2648 2457 eau-

664 2485 830 2528 merat
860 2478 1060 2528 Plinius
1095 2476 1233 2542 (epp.
1269 2475 1336 2540 V,
1368 2477 1420 2536 3,
1461 2477 1517 2542 5)
1562 2475 1769 2528 Lucano
1806 2486 1916 2544 post
1941 2478 2185 2529 Senecam
2211 2478 2378 2528 locum
2415 2477 2512 2526 dat
2536 2472 2646 2524 cod.

663 2546 818 2609 Prag.
857 2547 934 2596 Aa
951 2545 1146 2596 similes
1167 2559 1325 2609 nugas
1358 2546 1668 2611 pertinuerit
1694 2547 2038 2613 hero-idum
2075 2546 2467 2610 catalogus.
2513 2542 2648 2609 Quas

663 2614 935 2680 scripsisse
980 2614 1205 2676 dicitur,
1260 2612 1539 2665 fabulae
1575 2614 1877 2665 saiticae
1915 2615 2124 2665 fuerunt
2161 2614 2367 2666 fabulae
2406 2616 2461 2665 in
2502 2623 2645 2661 usum

666 2683 1088 2750 pantomimorum
1127 2683 1378 2748 scriptae,
1419 2683 1598 2747 quales
1623 2683 1956 2734 confecerunt
1992 2684 2140 2734 sito
2178 2683 2322 2748 (Seu.
2343 2698 2493 2733 suas.
2514 2697 2564 2747 p.
2582 2679 2645 2731 20

664 2754 747 2802 ed.
797 2752 961 2818 Bip.)‚
1015 2759 1068 2802 et
1102 2749 1376 2801 Statius
1413 2752 1547 2815 (luv.
1597 2751 1711 2815 vlt,
1753 2753 1866 2818 92).
1930 2753 2117 2803 Puella
2161 2751 2355 2802 saitica
2393 2759 2476 2802 est
2514 2745 2648 2815 apud

668 2821 891 2871 Tertult.
928 2821 1047 2870 adv.
1086 2836 1171 2884 gn.
1211 2835 1377 2885 scorp.
1412 2821 1464 2870 8.

598 2893 632 2947 2
668 2890 748 2941 Cf.
780 2889 1018 2940 Servium
1064 2889 1151 2946 (ad
1179 2890 1311 2939 Aen.
1342 2888 1385 2950 1,
1411 2889 1536 2952 382)
1573 2888 1723 2954 Quod
1745 2893 1926 2939 autem
1952 2887 2223 2950 diximus,
2272 2903 2392 2938 eum
2425 2886 2647 2955 poetica

665 2963 787 3009 arte
814 2959 1126 3024 prohiberi,
1166 2973 1229 3006 ne
1265 2961 1453 3022 aperte
1488 2958 1775 3007 historiam
1794 2961 2002 3022 ponat,
2043 2961 2248 3006 eertum
2284 2962 2384 3005 est.
2440 2956 2648 3006 Luca·

665 3043 791 3077 uus
830 3042 1059 3092 namque
1100 3026 1217 3076 ideo
1267 3029 1320 3075 in
1345 3040 1566 3075 numero
1599 3031 1892 3091 poetarum
1946 3041 2061 3075 esse
2096 3041 2201 3076 non
2239 3028 2479 3087 meruit,
2520 3022 2645 3087 quia

666 3096 881 3146 videtur
902 3097 1186 3146 historiam
1212 3096 1588 3158 composuisse,
1615 3109 1718 3145 non
1739 3110 1948 3159 poema.
1991 3093 2182 3158 Quodsi
2211 3092 2442 3145 Isidorus
2459 3130 2473 3158 ,
2516 3086 2646 3156 apud

667 3179 812 3229 quem
842 3164 1014 3214 eudem
1040 3164 1315 3226 leguntur,
1356 3163 1480 3211 haec
1506 3178 1703 3228 quoque
1732 3178 1795 3213 ex
1828 3162 2071 3213 Suetonio
2104 3163 2284 3224 duxit,
2320 3178 2471 3227 quem
2501 3156 2647 3210 initio

666 3233 851 3299 eapitis
887 3239 1147 3282 auctorem
1186 3231 1364 3281 laudnt
1404 3229 1562 3296 (vm,
1597 3233 1694 3294 7),
1731 3246 2125 3295 agnosceremus
2167 3233 2249 3282 hic
2287 3246 2489 3296 quoque
2534 3227 2645 3277 eim

667 3302 906 3352 acerbum
939 3302 1002 3351 de
1022 3299 1225 3350 Lucano
1250 3299 1518 3350 iudicium.
1571 3298 1787 3352 Servius
1813 3302 1947 3351 alias
1974 3315 2174 3370 quoque
2211 3300 2476 3351 Lucanum
2510 3296 2646 3346 vitu-

600 3439 630 3489 ³
667 3368 1290 3489 &eg-:gegadstzqielggk
1342 3435 1490 3487 docta
1544 3442 1595 3486 et
1642 3435 1866 3500 eleganti
1911 3435 2278 3487 dissertatione
2336 3432 2426 3499 (N.
2459 3430 2640 3484 Rhein.

668 3507 804 3559 Mus.
838 3506 877 3557 n
903 3523 950 3572 p.
982 3506 1045 3557 50
1064 3521 1175 3571 sqq.
1209 3506 1459 3571 202sqq.)
1496 3504 1958 3569 Petroniumgaevo
2001 3505 2290 3557 Neroniano
2318 3503 2641 3554 vindicasse:

669 3577 755 3641 qui
785 3590 896 3624 cum
929 3574 1393 3637 demonstraverit,
1421 3581 1732 3640 quantopere
1756 3573 1980 3624 Senecae
2008 3582 2059 3625 et
2082 3573 2322 3624 Petronio
2347 3569 2640 3626 conveniat,

666 3645 840 3693 nescio
861 3658 955 3693 cnr
980 3644 1211 3693 omiserit
1234 3643 1490 3694 Persium.
1544 3642 1748 3709 Quanta
1771 3643 1842 3693 sit
1869 3644 2006 3693 inter
2032 3648 2307 3708 utrumque
2335 3637 2638 3691 similitudo,

664 3712 750 3760 vet
784 3714 1174 3763 commentarius
1214 3728 1355 3762 meus
1395 3713 1582 3778 poterit
1627 3711 1980 3762 demonstrare
2003 3748 2018 3775 ,
2072 3711 2160 3760 ubi
2198 3710 2498 3777 saepissime
2533 3717 2641 3757 eum

665 3779 898 3830 adhibui.
948 3779 1185 3831 Ceterum
1224 3780 1572 3846 disquisitioni
1614 3782 1676 3830 de
1717 3780 1842 3840 iila,
1881 3795 2032 3845 quam
2072 3780 2218 3829 modo
2262 3777 2446 3842 tetigi,
2491 3785 2641 3828 causa

667 3848 864 3899 Lucani
920 3854 1075 3912 atque
1114 3847 1341 3898 Petronii
1396 3855 1637 3900 accurate
1679 3856 1835 3915 atque
1892 3864 1985 3916 per
2034 3848 2241 3913 singula
2294 3843 2641 3897 instituendae

665 3917 882 3982 prolusit
909 3915 1240 3967 Moessler
1276 3917 1326 3967 in
1364 3918 1791 3969 commentatione
1813 3955 1828 3980 ,
1864 3933 1995 3982 qnae
2017 3932 2131 3968 cum
2159 3917 2377 3967 maxime
2405 3915 2639 3969 affertur,

664 3986 726 4038 de
763 3984 1083 4035 Petronii
1119 3991 1345 4050 poemate
1381 3986 1444 4036 de
1481 3985 1618 4037 bello
1657 3987 1800 4039 civili
1837 3985 2010 4051 (Vrat.
2043 3986 2217 4052 1842).
2257 3982 2418 4052 Quam
2447 3992 2507 4035 ut
2530 3991 2639 4034 mu

667 4053 937 4112 absolvat,
976 4052 1250 4123 optandum
1292 4059 1392 4103 est.
