2764 4738
705 435 981 501 SCHOL.
1011 436 1119 501 An
1152 435 1322 500 sA'r.
1352 436 1401 513 1,
1431 439 1728 504 38—43.
2107 434 2237 506 25⁷

359 610 468 673 38.
510 610 800 670 Laudant
822 611 1138 683 eonm'vae,
1181 621 1393 691 poetae
1422 628 1725 692 personam
1753 604 1928 683 «licit,
1970 608 2080 671 boc
2124 621 2238 685 est,

185 712 394 756 versus
434 706 643 775 poetae
687 694 760 755 ab
800 716 913 754 uno
956 696 1191 756 conviva
1231 697 1527 757 recitatos.
1599 694 1722 757 Hoc
1760 706 1949 757 autem
1989 694 2237 758 irridens

185 778 344 841 dicit.
547 783 606 841 Ε
643 781 912 841 manibus
953 782 1092 841 illis.
1168 779 1273 841 Hic
1327 800 1528 842 manes
1587 801 1693 859 pro
1744 781 1971 842 ossibus
2024 783 2235 862 posuit.

185 864 400 926 lterum
435 865 572 925 facit
601 885 797 925 vocem
827 866 976 925 illins
1005 867 1305 926 recitantis
1338 867 1398 926 in
1444 867 1728 927 convivio.

359 954 468 1014 39.
511 952 687 1011 Nunc
725 971 842 1010 non
885 969 919 1008 e
966 953 1188 1011 tumulo
1213 985 1296 999 --
1325 953 1558 1025 violae,
1602 971 1700 1012 res
1742 951 2097 1030 voluptariae
2142 951 2236 1013 vel

183 1054 504 1108 amoenae,
547 1037 805 1116 quoniam
846 1037 902 1096 in
947 1037 1251 1115 sepulchro
1295 1055 1526 1110 eorum,
1574 1038 1666 1118 qui
1710 1035 1857 1097 bene
1886 1048 2234 1109 meruerunt,

180 1121 373 1181 violae
417 1123 580 1181 nasci
620 1132 1024 1183 memorantur.
1099 1122 1255 1182 Haec
1316 1134 1506 1183 autem
1553 1123 1727 1183 verba
1770 1121 1895 1183 eius
1951 1141 2238 1203 personae

183 1206 364 1279 facit,
410 1226 572 1286 quam
618 1206 812 1266 rotulit
852 1225 1056 1267 versus
1085 1218 1294 1287 poetae
1325 1209 1380 1268 in
1413 1208 1673 1268 convivio
1703 1208 1985 1280 recitare,
2033 1210 2238 1268 existi-

182 1293 394 1351 mantis
439 1303 500 1351 et
539 1290 778 1352 dicentis
821 1292 1047 1354 felicem
1086 1306 1311 1372 poetam
1343 1312 1477 1354 esse
1522 1303 1582 1353 et
1623 1294 1703 1352 illi
1734 1291 2002 1354 defuncto
2051 1294 2234 1355 levem

182 1386 403 1436 terram
447 1377 690 1436 futuram
708 1419 727 1449 ‚
772 1377 932 1438 cuius
963 1379 1177 1457 scripta
1207 1377 1466 1438 omnibus
1495 1376 1682 1439 dulcia
1711 1388 1864 1440 sunt.
2038 1384 2069 1418 ¹⁸
2103 1380 2237 1439 Tu-

184 1463 435 1522 mulus
473 1466 498 1503 ¹
551 1460 824 1523 dicitur
890 1473 1152 1524 terrae
1221 1463 1609 1543 aggestio,
1674 1462 1799 1523 ubi
1857 1462 2065 1523 nulla
2119 1475 2237 1525 est

183 1566 241 1607 ιιι
257 1566 293 1608 e
313 1566 367 1606 ιιι
384 1566 422 1606 o
438 1549 566 1607 ria.
598 1547 629 1581 ¹⁸

357 1635 464 1695 40.
508 1633 720 1706 Rides,
750 1634 881 1705 ait,
913 1642 994 1692 et.
1057 1631 1165 1694 Est
1209 1627 1660 1715 ἇνθυποφορά,
1706 1630 1762 1692 id
1792 1643 1885 1693 est
1923 1632 2234 1694 obiectatio

184 1715 337 1777 illius
365 1718 577 1798 culpati
607 1728 817 1797 poetae
847 1716 919 1778 ad
950 1717 1204 1778 Persium
1224 1759 1242 1791 ‚
1274 1728 1336 1777 et
1363 1718 1474 1778 boc
1504 1716 1670 1777 dicit:
1714 1715 1888 1778 Rides
1919 1730 1980 1779 et
2009 1721 2233 1780 nimium

185 1801 291 1862 das
321 1821 554 1881 operam
584 1803 878 1864 cachinno.
942 1803 1100 1864 Bene
1131 1813 1318 1864 autem
1350 1801 1490 1863 «licit
1520 1805 1686 1862 unct‘s
1714 1803 1980 1864 naribus.
2038 1804 2234 1866 Incur-

182 1897 393 1947 vantur
437 1889 585 1948 euim
627 1908 833 1961 nares,
878 1908 1003 1948 cum
1035 1908 1140 1951 eas
1170 1888 1356 1948 soluto
1388 1889 1506 1948 risu
1538 1888 1939 1950 contrabimus.
2001 1890 2075 1951 Ut
2118 1889 2235 1951 Ho-

183 1974 367 2051 ratius
398 1974 664 2053 imprimo
695 1993 1016 2035 sermonum
1040 1980 1099 2034 ²2

851 2059 1041 2120 minus
1082 2069 1263 2138 aptus
1290 2060 1484 2118 acutis

353 2143 661 2217 Naribus,
748 2154 810 2204 et
833 2145 946 2205 alio
976 2145 1105 2204 loco
1133 2150 1193 2186 ⁸·

850 2250 1000 2291 naso
1026 2231 1340 2311 suspendu&
1370 2231 1619 2289 adunco.

357 2317 435 2377 41
474 2332 561 2396 sq.
603 2317 708 2377 An
739 2315 893 2388 erit,
940 2317 1049 2395 qui
1080 2316 1234 2376 velle
1273 2324 1516 2376 recuset
1553 2317 1630 2376 Os
1666 2316 1888 2397 populi
1922 2315 2229 2387 mer-mine,

183 2395 244 2459 id
288 2411 381 2460 est
423 2400 715 2473 favorem,
770 2411 831 2460 et
869 2359 985 2462 lnoc
1029 2399 1197 2462 dicit·
1241 2400 1333 2461 Au
1375 2403 1698 2463 invenietur
1725 2402 1925 2475 bomo,
1971 2403 2063 2482 qui
2094 2421 2234 2461 cou-

185 2495 404 2546 temnat
431 2486 724 2558 favorem,
755 2504 864 2546 nec
908 2487 1068 2560 velit,
1099 2489 1149 2546 si
1179 2485 1443 2547 laudetur
1470 2507 1507 2547 a
1534 2486 1930 2566 praesentibus
1962 2485 2236 2546 auditori·

185 2569 329 2643 bus,
382 2571 585 2630 famam
618 2572 724 2630 sibi
755 2591 822 2631 ac
852 2574 1327 2633 existimationem
1358 2582 1564 2652 poetae
1595 2591 1905 2650 perennem
1936 2573 2236 2652 linquere?

357 2659 469 2718 42.
514 2658 602 2716 Et
637 2659 812 2716 cedro
854 2659 1037 2735 digna
1078 2659 1328 2718 loeutus.
1406 2657 1663 2717 Carmina
1695 2655 1867 2736 digna
1897 2655 2071 2718 cedro
2100 2655 2234 2717 ideo

187 2737 350 2812 «lixit,
379 2739 529 2821 quod
559 2760 680 2800 mos
710 2740 857 2821 apud
888 2754 1121 2803 veteres
1153 2753 1300 2815 erat,
1329 2753 1393 2802 ut
1420 2742 1676 2812 chartae,
1707 2742 1764 2801 in
1795 2741 1995 2822 quibus
2024 2740 2234 2801 nobilia

186 2827 439 2886 carmina
469 2826 899 2899 scribebantur,
944 2827 1075 2889 oleo
1119 2826 1355 2888 cedrino
1384 2829 1824 2905 inungerentur,
1872 2825 2019 2907 quod
2051 2837 2112 2887 et
2140 2824 2234 2886 diu

186 2908 474 2971 durabiles
518 2912 773 2984 faceret,
818 2923 881 2972 et
908 2932 943 2972 a
980 2914 1148 2974 tineis
1180 2923 1577 2973 conservaret.
1638 2911 1750 2971 Alii
1784 2911 1973 2971 dicunt
2002 2911 2235 2972 cedrum

183 3014 371 3075 genus
417 2996 553 3074 ligni
596 3016 729 3057 esse
747 3038 767 3071 ,
827 2996 977 3077 quod
1030 2996 1260 3077 dignum
1313 2997 1657 3058 bibliotheca
1702 2996 2038 3058 habebatur.
2114 2997 2234 3056 Hoc

185 3100 333 3160 ergo
361 3079 528 3142 dicit:
577 3082 716 3156 Quis
761 3102 873 3142 uon
903 3083 1041 3144 velit
1069 3103 1141 3143 ea
1170 3085 1422 3144 carmina
1452 3084 1744 3156 scribere,
1789 3101 1936 3163 quae
1966 3092 2027 3143 et
2052 3102 2234 3163 popu-

184 3165 274 3227 lus
305 3164 533 3239 laudet,
563 3177 624 3228 et
652 3166 828 3228 cedro
856 3180 1278 3248 perungantur,
1310 3189 1421 3249 quo
1450 3167 1658 3229 diutius
1690 3167 1936 3229 durent?

356 3255 462 3314 43.
506 3253 756 3331 Ζεῦγμα
784 3264 877 3313 est
904 3255 1077 3314 velle.
1255 3256 1385 3314 Nee
1418 3255 1712 3313 scombros
1750 3253 2068 3312 metuentia
2098 3272 2235 3312 eur-

185 3338 346 3396 mina
375 3357 484 3396 nec
527 3347 640 3397 lus.
679 3338 924 3412 ‘Quae
968 3340 1296 3400 carmina
1342 3339 1613 3399 nullum
1660 3338 2073 3418 periculum
2118 3338 2236 3399 ba·

181 3421 414 3482 beant
439 3425 470 3462 ⁴
522 3420 712 3503 apud
766 3424 1399 3485 salsamentarios
1466 3434 1544 3484 et
1604 3425 1964 3485 turarios.
1997 3420 2019 3444 ‘¹
2096 3423 2233 3483 Ideo

179 3506 295 3567 boc
351 3504 520 3579 dicit,
578 3506 726 3588 quod
769 3508 1041 3583 chartae,
1112 3511 1169 3569 in
1222 3509 1423 3590 quibus
1475 3510 1607 3569 vilia
1676 3511 1924 3569 carmina
1976 3507 2235 3568 scribun-

181 3601 307 3665 tur,
351 3594 512 3673 quasi
543 3613 654 3652 non
686 3595 1047 3668 necessaria,
1095 3606 1196 3655 aut
1234 3593 1305 3654 ad
1347 3604 1438 3654 tus
1470 3593 1792 3655 inciduntur
1820 3592 2233 3665 involvendum,

181 3689 282 3738 aut
324 3677 397 3737 ad
439 3678 861 3739 salsamentum.
1028 3636 1311 3740 ’Scombri
1361 3678 1623 3740 dicuntur
1678 3682 1869 3760 pisces
1929 3679 2102 3751 salsi,
2160 3677 2234 3738 de

182 3762 386 3844 quibus
461 3763 524 3822 lit
595 3766 862 3845 optimum
945 3784 1162 3845 garum.
1248 3761 1466 3826 *Per
1560 3765 1946 3825 scombros
2046 3783 2233 3843 ergo

181 3916 209 3968 1
248 3915 317 3966 el'.
356 3915 506 3968 Serv,
532 3915 599 3967 ιιΙ
621 3916 750 3982 Virg
755 3916 932 3969 ..Aen
965 3917 1055 3988 111,
1079 3918 1167 3977 22.

174 3984 213 4038 2
251 3983 379 4036 Hor.
406 3992 509 4036 sat.
538 3983 578 4048 1,
605 3986 660 4049 3,
691 3933 770 4042 289
792 4002 871 4054 ιιι.

178 4052 213 4105 3
249 4051 375 4104 flor.
391 4061 508 4105 ιιι.
542 4053 586 4118 1,
617 4054 669 4118 6,
703 4057 753 4107 5.

175 4122 213 4173 4
247 4137 468 4174 ωπον-ο
504 4123 625 4177 add.
665 4122 918 4178 Eremita.
960 4121 1247 4176 Lindenbr.
1291 4121 1443 4176 Reiz.

264 4212 502 4255 νιιιιιιυι.
1739 4197 1817 4256 17
