2764 4738
904 422 1070 485 SAT.
1105 426 1173 497 Il,
1217 429 1296 488 64
1330 458 1406 469 —
1444 430 1548 488 70.
2112 420 2232 486 137

224 598 407 677 Delpb.
449 601 549 660 20.
593 595 666 656 de
710 594 828 656 def.
872 616 1031 656 orac.
1076 602 1178 658 47.
1226 595 1443 656 Hemst.
1486 593 1559 655 ad
1601 593 1742 654 Luc.
1786 595 1972 655 Prom.
2021 602 2082 657 5.
2132 595 2234 656 Hic

222 694 572 762 exspectares
616 684 804 761 potius
849 685 1034 741 vellus
1076 683 1296 740 murice
1339 682 1582 752 vitiari,
1630 677 1733 740 sed
1778 700 1972 763 mures
2015 700 2235 761 quoque

221 767 337 828 dnm
364 769 541 828 lanam
571 769 766 846 tingit,
810 777 1107 847 corruptus
1153 765 1264 826 dici
1307 777 1533 845 potest,
1574 786 1645 825 eo
1675 767 1852 844 magis
1891 764 2037 844 quod
2069 766 2236 825 Cala-

220 856 364 913 brica
391 856 535 926 lana,
564 853 873 913 Tarentina
912 854 1194 933 inprimis,
1237 853 1486 911 colorem
1518 849 1792 931 quendam
1823 852 2103 930 pnlliginis
2136 851 2236 909 ba-

217 939 376 998 bebat
406 939 569 1012 (Plin.
617 938 688 997 11.
722 937 797 998 Ν.
829 938 978 1011 VIII,
1021 943 1124 1009 48,
1156 943 1284 1010 78).
1331 936 1572 997 Generis
1605 938 1824 1008 eximii,
1865 938 2043 1016 inquit
2070 936 2236 994 Colu-

217 1025 371 1083 mella
402 1024 547 1099 (VII,
589 1029 690 1097 2).
734 1024 1021 1094 Milesias,
1072 1025 1401 1094 Calabras,
1444 1021 1772 1102 Apulasque
1818 1022 2025 1096 (lanas)
2059 1023 2235 1080 nostri

217 1110 613 1179 existimabant,
645 1128 949 1189 earumque
995 1107 1235 1188 optimas
1275 1107 1645 1180 Tarentinas,
1677 1109 1754 1167 cf.
1786 1128 1839 1169 c.
1869 1113 1931 1170 4.
1966 1107 2136 1166 Varr.
2169 1106 2235 1164 R.

213 1194 283 1253 R.
310 1196 464 1266 11‚*2.
510 1194 765 1267 Lorenz,
795 1193 866 1254 de
897 1195 1050 1254 civit.
1080 1204 1219 1254 vett.
1252 1194 1485 1254 Tarent.
1517 1214 1576 1272 p.
1613 1197 1651 1256 6
1683 1214 1804 1273 sqq.
1875 1196 2074 1252 Bacca
2105 1211 2239 1252 con·

214 1283 387 1350 chae,
420 1282 759 1358 margarita,
807 1281 885 1339 cs.
930 1279 1091 1359 Virg.
1135 1276 1291 1339 Aen.
1340 1278 1386 1350 1,
1430 1283 1574 1350 635,
1619 1278 1763 1338 haec
1795 1280 2062 1349 raditur,
2110 1278 2238 1356 quia

215 1377 351 1425 teste
383 1366 559 1425 Plinio
593 1365 690 1439 (Η.
738 1364 817 1423 Ν.
865 1364 972 1440 ΙΧ,
1020 1369 1123 1436 35,
1171 1370 1275 1438 54)
1323 1374 1690 1424 crassescunt
1732 1365 1788 1422 in
1834 1374 2072 1423 senecta
2102 1382 2237 1422 con-

214 1451 437 1530 chisque
468 1449 889 1510 adhaerescunt
918 1469 1024 1510 nec
1063 1450 1149 1509 bis
1164 1451 1329 1509 avelli
1346 1460 1558 1530 queunt
1586 1450 1695 1507 nisi
1726 1450 1876 1508 lima.
1922 1448 2010 1508 De
2040 1450 2238 1506 insana

214 1535 577 1594 Romanorum
636 1537 693 1593 in
750 1535 1043 1594 unionibus
1102 1535 1323 1595 luxurie
1395 1535 1654 1594 conferri
1712 1544 1902 1612 potest
1959 1533 2238 1611 Bottiger,

212 1620 400 1679 Sabin.
433 1620 484 1680 11
513 1641 572 1698 p.
613 1622 733 1680 122
765 1638 887 1699 sqq.
922 1619 993 1678 Ut
1023 1618 1232 1679 Plinius
1258 1629 1454 1680 ‘narrat
1484 1619 1774 1693 (XXXIII,
1804 1623 1866 1690 4,
1896 1622 2026 1690 21),
2043 1638 2237 1677 aurum

213 1705 570 1774 canalicium,
616 1701 765 1782 quod
808 1702 1215 1776 effodiebatur,
1260 1706 1553 1762 marmoris
1598 1704 1832 1782 glareae
1864 1703 2233 1776 inhaerebat,

212 1787 348 1868 quod
379 1789 615 1849 effosum
645 1797 792 1859 erat,
839 1787 1211 1861 tundebatur,
1242 1788 1561 1860 lavabatur,
1590 1788 1881 1860 urebatur,
1911 1789 1968 1846 in
1999 1788 2238 1847 farinam

209 1874 549 1945 molebatur,
593 1873 959 1952 coquebatur.
1033 1873 1175 1933 Hinc
1218 1874 1579 1952 intelligitur,
1624 1871 1752 1951 quid
1784 1874 1858 1932 sit
1882 1873 2080 1951 pulvis
2102 1892 2237 1932 cru·

210 1960 335 2029 dns,
365 1961 424 2016 in
456 1978 565 2037 quo
597 1959 718 2016 auri
748 1957 1056 2036 particulae
1098 1959 1322 2017 iunctae
1354 1968 1486 2017 suut
1526 1978 1651 2017 cnm
1682 1957 1832 2029 aliis,
1863 1977 2005 2037 quae
2038 1977 2239 2036 segre-

207 2042 384 2120 ganda
413 2054 574 2112 sunt,
607 2041 752 2121 quod
784 2040 1075 2123 coquendo
1103 2062 1344 2102 massam
1375 2044 1470 2114 fit,
1502 2062 1627 2101 nam
1671 2062 1865 2103 massa
1895 2042 1967 2103 de
1998 2044 2240 2102 metallis

208 2128 421 2199 dicitnr,
453 2147 597 2207 qnae
630 2129 746 2205 igni
776 2139 1089 2207 coquuntur
1119 2138 1179 2188 et
1208 2128 1567 2187 emolliuntur
1608 2129 1704 2200 (V,
1754 2132 1853 2198 10,
1884 2128 2012 2187 Val.
2043 2129 2132 2186 Fl.
2166 2128 2238 2200 11,

210 2216 371 2287 399).
417 2213 554 2272 Inde
585 2215 756 2291 igitur
798 2215 924 2292 puri
970 2213 1180 2272 metalli
1209 2232 1395 2272 venae
1453 2220 1529 2286 (v.
1576 2211 1647 2272 ad
1690 2213 1733 2285 I,
1768 2217 1912 2288 103)
1964 2232 2236 2291 separan-

206 2309 323 2369 tur,
363 2301 811 2378 strt'nguntur,.
843 2296 991 2378 quod
1036 2319 1088 2357 v.
1122 2296 1191 2357 de
1220 2300 1303 2357 iis
1344 2308 1679 2379 usurpatur,
1734 2318 1878 2379 quae
1920 2309 2034 2357 tam
2079 2308 2238 2358 arete

206 2388 500 2444 coniuncta
544 2396 713 2464 atque
758 2386 931 2444 mixta
975 2395 1145 2456 sunt,
1200 2395 1263 2443 nt
1305 2405 1418 2443 non
1465 2386 1573 2444 nisi
1619 2405 1835 2444 summa
1874 2387 2238 2445 contentione

205 2468 447 2531 discerni
476 2472 730 2549 possint3
766 2471 846 2530 cf.
881 2470 1118 2530 Lucret.
1154 2470 1198 2541 1,
1227 2474 1353 2532 486
1368 2490 1488 2549 sq.:
1522 2468 1681 2541 „Sed
1714 2490 1857 2550 quae
1889 2481 2020 2528 sunt
2047 2489 2239 2530 rerum

205 2553 538 2634 primordia,
583 2556 734 2613 nulla
774 2566 963 2635 potest
1005 2557 1089 2615 vis
1136 2552 1471 2633 Stringere;
1502 2575 1628 2614 nam
1672 2553 1851 2613 solido
1892 2557 2123 2615 vincunt
2167 2575 2238 2616 ea

204 2660 441 2720 corpore
484 2639 768 2699 demum.“
812 2640 957 2699 Nam
987 2640 1095 2699 buc
1141 2661 1249 2699 non
1295 2642 1546 2719 pertinet
1591 2659 1661 2699 ea
1689 2640 1848 2699 verbi
1881 2640 2237 2718 significatio,

204 2747 304 2807 qna
336 2726 393 2785 id
425 2724 494 2786 de
520 2726 645 2785 solo
675 2726 832 2785 ferro
863 2728 920 2785 iu
950 2746 1055 2785 usu
1072 2728 1247 2785 fuisse
1265 2725 1404 2785 dicit
1420 2724 1632 2784 Plinius
1665 2724 1961 2799 (XXXIV,
1981 2730 2236 2798 14,41):

204 2812 561 2881 „Stricturae
605 2822 879 2871 vocantur
922 2811 1032 2871 bae
1073 2830 1289 2883 omnes,
1322 2809 1469 2890 quod
1514 2830 1622 2870 non
1657 2812 1712 2869 in
1745 2811 1869 2869 aliis
1915 2812 2177 2882 metallis,
2204 2830 2240 2869 a

203 2895 531 2976 stringenda
559 2897 687 2957 acie
716 2896 990 2956 vocabulo
1020 2898 1308 2974 imposito;
1342 2895 1488 2976 quod
1507 2896 1741 2955 Graecis
1762 2890 2056 2971 στόμωσις
2084 2904 2238 2955 est.“

200 2985 361 3042 Haec
391 2983 556 3061 pulpa
574 2984 746 3059 igitur
766 2993 1002 3061 peccat,
1022 2983 1161 3040 vitio
1189 2992 1379 3041 tamen
1401 3026 1420 3052 ‚
1453 2981 1693 3054 luxuria,
1725 2983 1917 3040 utitur
1935 3007 1954 3041 .·
1983 2992 2043 3039 at
2072 2984 2235 3052 auri,

202 3067 345 3147 quod
374 3070 433 3126 in
479 3068 701 3146 templis
751 3065 1016 3127 dedicant
1059 3066 1349 3139 homines,
1395 3088 1507 3126 nou
1552 3068 1733 3125 maior
1772 3064 1897 3125 deis
1945 3085 2081 3125 usus
2127 3077 2239 3138 est,

201 3174 358 3233 qnam
401 3153 764 3224 frivolorum,
822 3172 965 3231 quae
1009 3155 1079 3211 iis
1123 3150 1337 3212 donare
1379 3153 1529 3212 solet
1568 3153 1896 3231 superstitio
1945 3152 2045 3224 (cf.
2093 3151 2238 3211 Plat.

201 3237 475 3317 Entypbr.
529 3242 668 3322 1318.
730 3236 976 3315 φράσον
1016 3234 1092 3296 δέ
1143 3259 1284 3314 μοι,
1352 3235 1442 3307 τίς
1483 3234 1522 3310 ἦ
1570 3233 1831 3314 ὠφέλεια
1885 3234 2012 3307 τοῖς·
2066 3234 2241 3306 θεοῖς

198 3320 469 3403 τυγχάνει
498 3324 654 3383 οὐσα
683 3318 802 3383 ἀπὸ
844 3323 962 3381 τῶν
1002 3317 1218 3405 δώρων
1258 3315 1343 3380 ὦν
1364 3318 1516 3405 παρ’
1551 3319 1719 3399 ἡμῶν
1745 3312 2154 3400 λαμβάνουσιν
2165 3326 2238 3395 ,·).

202 3407 262 3468 Si
292 3411 415 3488 quis
447 3394 595 3467 ebim
629 3427 830 3467 novum
877 3426 1064 3466 rerum
1113 3417 1316 3465 statum
1348 3405 1807 3484 ingrediebatur,
1840 3409 1887 3464 is
1919 3408 2041 3466 eins
2074 3427 2239 3487 quem

201 3495 360 3552 modo
392 3494 619 3573 reliquit
648 3495 808 3572 quasi
839 3491 1110 3572 quaedam
1144 3493 1399 3571 symbola
1432 3492 1539 3550 deo
1570 3490 1884 3564 dedicavit,
1915 3512 2077 3571 quem
2110 3512 2240 3572 pro-

197 3582 387 3659 pitium
433 3580 539 3638 sibi
570 3579 822 3657 putabat,
867 3589 926 3637 et
966 3579 1125 3637 cuius
1171 3578 1274 3636 sub
1306 3578 1483 3636 tutela
1526 3597 1592 3636 se
1639 3578 1985 3659 potissimum
2027 3580 2240 3638 vixisse

197 3675 393 3743 gratus
423 3665 791 3743 agnoscebat.
837 3665 922 3723 Ita
953 3666 1046 3743 qui
1075 3663 1166 3722 vel
1195 3673 1390 3722 aetate
1438 3665 1800 3741 provectiore
1845 3666 2104 3722 commoti
2149 3666 2239 3724 vel

198 3751 306 3809 alia
334 3748 407 3810 de
430 3770 604 3809 causa
634 3750 688 3808 id
719 3751 869 3809 vitae
899 3768 1103 3827 genus,
1135 3746 1282 3827 quod
1297 3759 1466 3806 antea
1496 3748 1810 3818 coluerant,
1840 3746 2238 3820 deseruerunt,

198 3836 355 3896 buius
387 3836 648 3912 symbola
690 3832 1216 3904 deodedicabant,
1260 3844 1323 3892 ut
1362 3833 1638 3892 Veianius
1683 3831 1965 3912 gladiator
2007 3832 2239 3895 Herculi

198 3941 370 3993 arma,
397 3921 532 3980 Hor.
567 3939 696 3999 epp.
728 3920 772 3991 l,
808 3927 865 3992 1,
898 3924 956 3981 5.
988 3918 1253 3979 cf.Autb.
1281 3918 1401 3978 Pal.
1432 3919 1531 3990 VI,
1567 3924 1710 3982 178.
1760 3917 2046 3978 Permulta
2075 3921 2238 3981 huius

200 4026 331 4065 usus
362 4006 625 4085 exempla
665 4005 905 4085 praebet
929 4001 1308 4082 Antbologiae
1341 4003 1633 4063 Palatinae
1665 4002 1809 4065 liber
1839 4016 2059 4077 sextus,
2090 4004 2238 4066 unde

198 4092 335 4152 baec
366 4093 576 4170 selegi.
612 4090 933 4152 Piscatores
965 4091 1106 4150 artis
1137 4109 1273 4150 suae
1305 4090 1676 4151 instrumenta
1707 4088 1794 4151 dis
1824 4092 2054 4151 marinis
2087 4096 2240 4163 (27).
