2764 4738
468 421 599 492 302
957 421 1225 487 SCHOL.
1254 424 1363 487 An
1401 423 1571 488 SAT.
1600 422 2040 503 111452—58.

473 598 707 679 Ergone
737 592 925 658 vidisti
953 594 1213 657 dextrum
1244 597 1471 659 litterae
1504 597 1967 678 Pythagoricae?
2021 596 2140 660 Aut
2167 598 2349 679 magis
2380 619 2523 680 pro-

473 684 831 745 nunciative:
876 681 1050 742 Certe
1080 680 1397 762 degustasti
1430 684 1860 763 philosophiam.

643 772 746 832 53.
783 770 1061 847 Quaeque
1091 770 1263 828 docet
1281 770 1547 846 sapiens.
1585 769 2016 830 Atheniensium
2047 768 2323 848 porticum
2355 769 2521 845 dicit,

473 856 530 915 in
560 873 668 934 qua
698 856 850 933 picta
880 864 1007 913 erat
1034 873 1221 933 pugna
1249 852 1680 915 Atheniensium
1712 866 1773 915 et
1801 874 2017 926 eorum,
2048 858 2141 935 qui
2172 875 2297 917 eum
2314 857 2519 917 Xerxe

474 940 655 1000 Persa
686 938 756 998 ad
787 937 1215 1018 oppugnandam
1247 938 1546 998 Graeciam
1577 949 1893 1012 venerant,
1938 951 2103 1019 gesta
2144 940 2293 1021 apud
2321 941 2519 1001 Mara-

473 1025 701 1085 thonios
732 1043 997 1103 campos,
1041 1042 1206 1103 quam
1249 1025 1526 1101 porticum
1570 1027 1881 1104 sapientem
1911 1025 2081 1097 dixit,
2126 1029 2385 1107 quoniam
2416 1047 2518 1087 sa-

474 1113 700 1192 pientes
759 1111 816 1169 in
871 1128 943 1169 ea
996 1107 1572 1189 philosophabantur,
1627 1130 1704 1171 ex
1759 1132 1869 1191 qua
1911 1113 2081 1172 etiam
2120 1115 2302 1172 stoici
2338 1111 2513 1188 dicti;

476 1196 699 1257 Graece
741 1196 889 1256 enim
935 1195 1186 1274 porticus
1218 1190 1365 1255 στοά
1394 1193 1633 1268 dicitur,
1680 1216 1844 1278 qnam
1873 1208 1933 1257 et
1960 1194 2465 1259 Πεισιανάκτειον
2493 1204 2520 1239 ¹
2592 1220 2601 1223 ·

473 1292 699 1342 vocant.

648 1370 750 1428 5⁴.
791 1367 1081 1425 Insomm's
1112 1364 1324 1443 quibus
1350 1374 1414 1423 et
1451 1366 1697 1426 detonsa
1741 1368 2049 1440 iuventus,
2093 1364 2149 1425 id
2195 1378 2319 1439 est,
2362 1368 2519 1427 nosti

475 1453 646 1515 etiam
679 1451 775 1510 illa
803 1461 1110 1532 praecepta
1131 1492 1148 1522 ,
1194 1448 1394 1530 quihus
1435 1452 1692 1530 invigilat
1721 1455 1991 1512 iuventus
2021 1454 2290 1526 1‘ntonsa,
2334 1450 2392 1513 id
2422 1462 2522 1514 est

474 1536 825 1620 philosophi,
870 1538 965 1616 qui
1006 1555 1119 1594 non
1149 1534 1549 1596 tondebantur.

649 1627 752 1685 55.
797 1622 1047 1701 δίἱίᾳωὶς
1077 1630 1140 1680 et
1159 1622 1392 1698 grandi·
1404 1632 1590 1701 pasta
1610 1622 1895 1701 polenta,
1926 1620 1982 1681 id
2014 1632 2135 1694 est,
2165 1623 2519 1685 naturalibus

474 1708 617 1770 cibis
646 1709 842 1768 vivero
874 1716 1170 1778 contenta,
1214 1704 1270 1764 id
1316 1717 1442 1780 est,
1487 1707 1858 1786 leguminibus
1901 1718 1963 1768 et
1992 1708 2182 1780 farre3
2226 1710 2318 1769 vel
2361 1711 2520 1768 victu

475 1793 632 1855 faeni
671 1794 916 1853 esuriem
961 1812 1117 1852 suam
1161 1792 1435 1871 implens3
1480 1804 1576 1852 aut
1605 1796 1737 1873 qnia
1778 1792 2096 1873 philosophi
2138 1815 2247 1854 non
2290 1805 2522 1855 utantur

474 1898 686 1951 carne,
743 1876 1003 1938 dicentes
1034 1878 1276 1938 'animas
1335 1877 1630 1940 animabus
1687 1899 1799 1939 non
1858 1876 2073 1939 debere
2133 1878 2276 1940 dari.
2354 1880 2518 1942 Unde

477 1964 706 2026 Ovidius
739 1969 800 2023 ²2

642 2052 772 2109 Heu
800 2057 1079 2128 quantun
1109 2047 1299 2107 scelus
1321 2056 1448 2118 est,
1495 2049 1555 2108 in
1584 2050 1810 2108 miscere
1841 2051 2071 2109 miscet-a
2101 2051 2296 2122 condi,

652 2137 1059 2213 Congestoque
1087 2135 1320 2193 avidum
1343 2135 1737 2212 pinguescere
1767 2154 2017 2213 corpore
2046 2154 2285 2215 corpus,

644 2220 1037 2298 Alteriusque
1064 2220 1317 2278 animam
1349 2220 1666 2278 απίηιαπτίε
1694 2221 1895 2279 vivere
1929 2221 2064 2280 leto.

605 2309 710 2368 56.
760 2307 844 2364 Et
879 2304 1162 2384 tibiquae
1189 2305 1439 2363 Samios.
1497 2302 1657 2364 Hand
1687 2305 1787 2363 tibi
1815 2307 2168 2386 inexpertum
2198 2315 2322 2377 est,
2361 2321 2516 2385 quae

475 2391 832 2473 Pythagoras
866 2389 1035 2449 Samo
1063 2390 1248 2449 insula
1277 2401 1437 2449 ortus
1468 2393 1797 2470 praecepit,
1846 2393 1940 2472 qui
1971 2393 2187 2451 literam
2217 2390 2272 2450 Y
2299 2392 2518 2451 invenit

475 2476 547 2537 ad
577 2475 795 2538 modum
827 2475 1103 2536 humanae
1130 2476 1313 2547 vitae,
1358 2494 1505 2555 quae
1534 2477 1591 2535 in
1619 2478 1857 2536 infantia
1876 2518 1895 2550 ,
1937 2478 2029 2538 vel
2060 2479 2116 2537 in
2145 2478 2304 2536 initio
2333 2477 2517 2536 moni-

475 2565 686 2623 tionum
733 2561 1088 2642 paedagogi,
1133 2570 1193 2620 et
1233 2571 1476 2639 paterno
1518 2572 1670 2621 metu
1717 2573 1880 2622 secta
1923 2583 2032 2621 non
2078 2574 2188 2623 est.
2246 2563 2326 2621 At
2353 2572 2517 2641 post-

476 2669 640 2730 quam
682 2649 737 2707 in
782 2645 1222 2707 adolescentiam
1267 2646 1393 2725 quis
1434 2648 1692 2718 venerit,
1740 2645 2022 2707 dividitur.
2080 2648 2156 2707 Et
2195 2650 2250 2706 in
2282 2648 2517 2706 sinistra

474 2746 638 2815 parte
682 2734 821 2793 rami
859 2733 1014 2792 velut
1056 2733 1191 2793 vitia
1233 2742 1398 2803 sunt,
1442 2751 1588 2812 quae
1634 2730 2035 2794 devexioribus
2082 2733 2303 2793 facilem
2347 2730 2418 2792 ad
2446 2750 2516 2793 se

474 2829 731 2901 praestat
774 2836 1092 2877 ascensum.
1150 2816 1226 2875 Et
1264 2817 1449 2876 altera
1491 2816 1762 2891 dextera,
1806 2820 1864 2878 in
1907 2839 2018 2900 qua
2062 2821 2285 2878 virtutis
2331 2837 2514 2897 opera

477 2905 872 2973 celebrantur,
932 2901 1163 2962 arduum
1207 2920 1275 2961 ac
1321 2900 1605 2963 difficilem
1666 2902 1896 2965 limitem
1956 2903 2182 2985 pandit:
2255 2924 2364 2983 qua
2416 2905 2515 2984 qni

475 2990 761 3058 evaserit,
792 2989 980 3068 quieta
1015 2985 1152 3047 sede
1185 2988 1499 3066 excipitur=
1543 3009 1682 3069 quas
1727 3001 1921 3069 partes
1963 2992 2213 3070 quisquis
2260 2990 2330 3048 ab
2361 3009 2512 3048 auno

477 3074 860 3134 sextodecimo
908 3072 1216 3144 obtinebit,
1273 3073 1329 3131 in
1360 3074 1431 3131 iis
1464 3075 1638 3133 fuerit
1667 3086 1938 3135 staturus.
1997 3076 2083 3135 De
2115 3093 2224 3155 qna
2255 3076 2517 3133 similitu-

476 3158 601 3219 dine
632 3159 858 3219 dicebat
886 3178 993 3238 per
1018 3159 1154 3216 vitia
1198 3155 1269 3216 ad
1299 3161 1612 3237 perniciem
1645 3162 1759 3219 cito
1792 3160 1943 3221 tendi
1973 3181 2041 3221 ac
2072 3161 2392 3240 perveniri,
2437 3158 2513 3219 ad

474 3246 801 3306 felicitatem
831 3264 938 3323 per
966 3245 1224 3302 virtutem
1257 3242 1418 3303 tarde
1448 3246 1650 3305 veniri.

647 3336 751 3394 57.
814 3331 1169 3407 Surgentem
1221 3330 1436 3388 dez-tro
1485 3332 1840 3390 monstravit
1878 3332 2062 3404 limite
2106 3331 2308 3390 callem
2329 3374 2348 3403 ,
2414 3349 2513 3390 ar-

474 3412 636 3477 duum
669 3436 736 3475 ac
766 3413 1087 3484 difficilem,
1119 3410 1220 3473 sed
1249 3413 1556 3492 gloriosum
1587 3426 1647 3475 et
1676 3427 1914 3477 certum.

644 3505 745 3564 58.
791 3502 1012 3560 Stertis
1050 3500 1276 3574 adhuc,
1330 3501 1490 3559 cuius
1536 3513 1696 3560 aetas
1740 3512 1872 3580 apta
1917 3511 2008 3561 est
2050 3501 2402 3580 sapientiae,
2449 3512 2513 3562 et

475 3586 820 3666 philosophis
851 3587 1198 3665 praeceptis.
1370 3587 1715 3664 Laaeumque
1740 3597 1926 3666 eaput
1961 3606 2239 3665 compage
2278 3587 2510 3661 soluta,

472 3671 529 3731 id
559 3683 686 3744 est,
730 3672 958 3749 crapula
991 3667 1301 3742 marcidus,
1343 3672 1439 3729 vix
1480 3683 1649 3751 caput
1691 3673 1976 3731 sustinens
2008 3673 2279 3732 iuncturis
2311 3674 2515 3733 maxil-

473 3757 647 3817 larum
678 3759 933 3818 extensis
964 3758 1022 3815 in
1051 3758 1253 3816 rictum
1299 3766 1359 3816 et
1387 3757 1759 3819 vehementer
1786 3757 2115 3838 patefactis.

475 3976 499 4028 1
530 3976 873 4042 pisionatum
907 3977 990 4028 ed.
1028 3993 1106 4044 pr.
1145 3980 1255 4044 ipsi
1288 3972 1539 4031 ἀνάκτων
1571 3975 1695 4030 Vin.
1730 3976 1946 4031 Emend.
1983 3977 2223 4046 Rntssers.
2255 3978 2370 4033 VV.
2400 3978 2511 4035 LL.

470 4114 506 4168 2
539 4041 695 4165 3212:
734 4110 860 4165 Met.
897 4109 1020 4173 xv,
1058 4113 1126 4168 ss
1157 4130 1265 4181 sqq.
