2764 4738
831 423 1553 490 PROLEGOMENA.
2150 450 2236 491 vn

174 602 353 659 astus
374 640 399 674 ,
450 603 665 678 postca
692 594 1097 661 manumissus
1114 642 1134 675 ,
1176 594 1416 662 Romae
1450 596 1659 663 docuit
1683 596 1804 663 iam
1831 594 1942 663 sub
1975 594 2234 663 Tiberio

171 708 230 761 et
271 694 541 763 Claudio
561 743 583 778 ,
642 707 709 763 et
746 719 957 782 usque*
988 698 1065 764 ad
1099 710 1482 767 senectutem
1520 710 1846 787 provectus
1877 710 2012 775 est,
2073 710 2235 766 teste

168 797 602 883 Quintiliano,
647 800 751 884 qui
778 821 928 866 suae
958 803 1148 866 aetati
1179 822 1316 867 eum
1345 802 1641 869 adscribit
1667 799 1754 889 (1,
1783 802 1853 882 4,
1882 800 2035 887 20),
2087 823 2235 888 quo-

171 924 305 967 cum
360 902 677 969 consentit
728 899 1042 970 Iuvenalis
1084 902 1233 986 (VI,
1264 902 1421 972 452.
1474 901 1624 983 VII,
1656 900 1837 990 215).
1906 903 2004 968 Εο
2047 905 2236 989 igitur

170 1016 451 1090 tempore
468 1050 491 1082 ,
566 1026 686 1090 qno
742 1003 997 1071 Persius
1055 1005 1440 1071 institutione
1500 1006 1631 1073 eius
1672 1007 1964 1073 utebatur
1980 1053 2000 1087 ,
2057 1028 2233 1091 quam

171 1109 442 1173 maxime
498 1107 797 1186 florebat,
857 1117 922 1173 et
975 1129 1327 1193 quamquam
1382 1130 1508 1173 non
1549 1108 1743 1192 {modo
1799 1130 1999 1176 vanae
2050 1131 2237 1196 snpra

172 1209 415 1277 modum
475 1209 910 1295 arrogantiae,
979 1211 1090 1276 sed
1144 1210 1504 1277 immodicae
1559 1211 1842 1276 luxuriae
1893 1214 2008 1295 (cf.
2066 1209 2230 1277 Plin.

175 1309 352 1391 XIV,
383 1311 460 1390 4,
496 1312 573 1394 5)
617 1322 683 1376 et
722 1311 1106 1397 turpissimae
1149 1313 1416 1378 libidinis
1459 1313 1621 1379 fama
1662 1314 1997 1399 flagrabat,
2054 1316 2143 1381 ita
2170 1326 2240 1381 ut

183 1426 303 1480 tato
330 1436 568 1502 pueros
600 1415 660 1478 ci
690 1414 985 1479 committi
1015 1435 1195 1499 posse
1239 1426 1608 1499 negaretur,
1652 1415 1986 1501 principem
2030 1428 2238 1483 tamen

193 1515 335 1582 inter
397 1515 839 1602 grammaticos
907 1516 1107 1581 locum
1163 1516 1427 1584 obtinuit
1493 1528 1560 1583 et
1624 1519 1914 1586 affluente
1969 1520 2237 1605 undique

193 1619 612 1705 discipulorum
655 1619 832 1704 copia
888 1640 1169 1703 magnam
1212 1640 1345 1686 rem
1389 1621 1748 1687 familiarem
1778 1622 1980 1687 effecit
1996 1668 2016 1702 ,
2064 1624 2238 1689 cuius

189 1721 681 1807 diligentissimus
709 1722 863 1801 fnit,
911 1740 1028 1786 nec
1057 1722 1454 1787 sufficientem
1482 1732 1689 1788 tamen
1716 1724 2037 1791 sumtibus.
2106 1721 2238 1793 Sed

180 1824 485 1889 alliciebat
520 1821 805 1890 homines
848 1824 1142 1888 memoria
1189 1844 1396 1888 rerum
1454 1835 1518 1889 et
1566 1826 1858 1891 facilitate
1910 1827 2237 1906 sermonis,

184 1947 375 2010 aeque
404 1924 648 2011 poetica
679 1926 970 1991 facultate
1000 1925 1277 2003 carebat,
1307 1946 1394 1991 ex
1414 1937 1686 2011 tempore
1716 1939 1997 2011 poemata
2027 1931 2238 1994 facere

184 2036 491 2112 promptus
530 2036 578 2088 ¹.
677 2025 775 2090 Ita
831 2026 990 2112 apud
1047 2035 1329 2109 posteros
1388 2046 1626 2112 quoque
1678 2048 1958 2114 magnam
2016 2030 2239 2095 famam

184 2128 431 2213 adeptus
476 2136 577 2193 est
617 2125 869 2210 (Sidon.
916 2127 1126 2212 Apoll.
1175 2147 1313 2212 epp.
1358 2125 1447 2208 V,
1482 2124 1587 2191 10.
1654 2126 1938 2194 Cassiod.
1973 2130 2136 2195 orth.
2172 2150 2232 2214 p.

184 2228 344 2294 2321
374 2226 532 2313 Ρ.),
576 2239 639 2293 et
681 2229 839 2293 hand
884 2250 1029 2294 raro
1078 2229 1209 2294 eius
1254 2230 1415 2315 apud
1454 2232 1884 2317 grammaticos
1915 2232 2146 2298 mentio
2175 2233 2242 2297 fit

189 2333 299 2416 (cf.
321 2330 569 2400 ChariS.
602 2328 668 2397 Π
695 2354 756 2416 p.
780 2329 928 2398 199.
960 2327 1114 2397 200.
1144 2328 1297 2398 205.
1328 2330 1482 2398 207.
1516 2332 1668 2401 212.
1701 2332 1907 2399 Dium.
1941 2331 1975 2397 I
2003 2356 2064 2421 p.
2087 2333 2236 2402 409.

189 2437 260 2501 cl.
295 2434 543 2517 Osann,
577 2433 782 2500 Beitr.
816 2431 879 2498 Π
908 2456 971 2519 p.
1004 2433 1131 2500 325
1160 2456 1254 2518 sq.
1287 2432 1493 2501 Prisc.
1525 2432 1558 2499 I
1586 2458 1648 2521 p.
1682 2434 1835 2522 560)
1875 2446 1923 2501 2.

250 2639 398 2692 qna-
436 2639 504 2675 ex
540 2622 770 2675 bisuntio
808 2623 970 2688 (ortb.
1008 2640 1061 2691 p.
1098 2623 1224 2690 ⁴179)
1262 2621 1528 2676 Gruterus
1569 2623 1714 2691 (053,
1754 2624 1805 2677 1.
1843 2624 1910 2676 cf.
1939 2623 2240 2678 Fleetwood

249 2694 368 2761 syll.
412 2709 465 2760 p.
503 2692 628 2755 215,
667 2692 756 2756 3),
806 2707 871 2743 ex
922 2690 1132 2757 Ligurio
1183 2693 1358 2761 paucis
1394 2692 1609 2744 mutatis
1644 2692 1846 2745 Gudius
1880 2694 2027 2760 (222,
2067 2694 2122 2761 5)
2159 2710 2238 2746 re-

256 2764 431 2829 petiit,
478 2761 605 2828 quin
642 2762 905 2828 supposita
939 2762 1044 2824 sit,
1095 2778 1242 2814 nemo
1290 2762 1554 2814 dubitabit
1600 2762 1689 2814 vel
1722 2762 1785 2815 ob
1821 2761 2022 2829 Ligarii
2057 2778 2237 2814 nomen

261 2831 339 2896 (er.
377 2831 620 2898 Sebopeu
656 2831 719 2880 de
755 2829 877 2881 Ter.
917 2838 972 2882 et
1005 2829 1135 2882 Don.
1176 2847 1227 2899 p.
1267 2830 1382 2898 35).

206 2932 225 2984 1
259 2932 399 3000 Quod
437 2932 627 2984 scribit
660 2930 920 2983 Martialis
954 2930 1041 2997 (11,
1076 2932 1166 2996 86,
1205 2932 1236 2985 9
1262 2932 1401 3000 sqq.)
1421 2951 1437 2984 ε

609 2999 787 3067 Turpe
823 3007 936 3061 est,
975 2999 1210 3052 difficiles
1245 3002 1435 3053 babere
1472 3015 1636 3066 nugas

608 3068 679 3121 132
713 3069 910 3121 stultus
946 3068 1098 3121 labor
1131 3078 1214 3122 est
1249 3070 1581 3138 ineptiarum.

608 3138 819 3190 Scribat
853 3139 1083 3190 earmina
1118 3139 1334 3191 circulis
1368 3138 1665 3204 Palaemon,

607 3206 689 3259 Me
726 3207 865 3258 raris
901 3209 1051 3260 iuvat
1085 3208 1301 3260 auribus
1332 3208 1563 3275 placere.

261 3293 355 3328 non
391 3284 593 3329 eertum
629 3284 712 3327 est
747 3277 813 3328 ad
851 3277 985 3328 bunc
1020 3292 1135 3328 esse
1171 3276 1518 3329 referendum.
1581 3274 1898 3343 Qua-quam
1932 3290 2063 3342 qnae
2099 3290 2245 3343 prae-

260 3347 482 3410 cedunt,
536 3345 698 3397 allata
746 3347 799 3395 in
840 3348 1205 3398 commentario
1254 3362 1305 3413 p.
1344 3347 1478 3410 109,
1527 3346 1808 3396 concinunt
1842 3358 1955 3396 cnm
1991 3345 2103 3395 eius
2140 3344 2241 3395 dis·

261 3416 443 3465 solutis
479 3414 710 3466 moribus
744 3420 798 3465 et
834 3416 1223 3479 grammaticum
1261 3415 1446 3466 decent
1481 3415 1708 3465 carmina
1745 3430 1861 3465 cum
1896 3413 2245 3464 ostentatione

260 3484 466 3534 artificii
504 3490 922 3549 componentam3
992 3484 1115 3550 qnid
1163 3484 1300 3551 quod
1334 3483 1622 3535 similitudo
1657 3483 1813 3535 buius
1861 3482 2244 3550 epigrammatis

263 3567 376 3603 ca-
412 3553 512 3612 iis,
549 3567 681 3619 qnae
717 3550 931 3604 Persius
967 3559 1144 3620 notat,
1182 3553 1304 3604 bnic
1338 3554 1668 3604 coniecturae
1705 3552 1884 3626 favere
1919 3551 2148 3602 videtur.

204 3640 233 3690 2
262 3638 407 3703 Quae
443 3638 596 3689 bodie
631 3644 912 3703 supersunt
946 3638 1139 3704 scripta
1191 3637 1406 3690 Remmii
1455 3637 1775 3689 Palaemonis
1811 3638 1926 3706 plus
1960 3651 2109 3702 qnam
2151 3636 2241 3687 du·

260 3708 395 3758 biam
430 3708 546 3758 eius
584 3723 765 3758 nomen
804 3714 1010 3771 gerunt.
1049 3705 1125 3758 De
1160 3707 1513 3766 carminibus,
1551 3721 1681 3773 qnae
1713 3706 1977 3758 Prisciano
2012 3705 2114 3756 iam
2150 3707 2244 3756 tri-

259 3777 529 3842 buuntur,
580 3792 631 3826 v.
684 3775 1001 3828 Wernsdorf
1049 3775 1240 3841 (Poett.
1290 3775 1435 3827 Latt.
1483 3775 1607 3826 min.
1656 3775 1724 3840 V,
1774 3775 1801 3828 1
1853 3792 1900 3841 p.
1953 3775 2055 3829 212
2081 3775 2241 3841 sqq.),

260 3844 537 3897 Endlicber
573 3843 765 3911 (praef.
805 3845 869 3895 ad
908 3844 1163 3897 Prisciani
1199 3860 1359 3896 carm.
1402 3861 1450 3910 p.
1483 3844 1605 3898 XVI
1629 3845 1785 3911 sqq.).
1827 3843 1971 3910 Quae
2007 3845 2057 3894 in
2086 3843 2238 3896 obss.

261 3916 405 3965 nisc-
443 3930 565 3965 nov.
603 3912 677 3966 tx
714 3929 767 3980 p.
804 3913 904 3967 077
952 3914 1124 3966 editae
1160 3921 1286 3966 sunt
1334 3912 1811 3966 Differentiae
1856 3927 2242 3964 sermonum

262 3982 440 4034 lie-i
487 3983 934 4037 Palaemonis
983 3998 1064 4035 ex
1106 3983 1288 4034 libro
1335 3982 1653 4035 Suetonii
1711 3980 2241 4048 Tranquillini‚

264 4054 377 4119 qni
413 4052 848 4105 inscribitur
883 4058 1175 4118 pratum,
1215 4068 1304 4104 eas
1329 4059 1513 4103 neutro
1538 4053 1720 4117 dignas
1754 4066 1869 4102 esse
1903 4050 2056 4102 facile
2092 4063 2244 4116 appa-

262 4130 361 4175 ret.
410 4122 486 4175 De
520 4128 638 4175 arte
675 4120 1046 4185 grammatica,
1084 4137 1216 4187 quae
1252 4121 1367 4173 eius
1403 4137 1582 4174 nomen
1621 4136 1742 4191 prae
1779 4135 1835 4172 se
1871 4119 1976 4172 fert
2008 4119 2080 4186 (p.
2112 4117 2245 4171 ¹365
