<?xml version="1.0" encoding="UTF-8"?>
<!DOCTYPE html PUBLIC "-//W3C//DTD XHTML 1.0 Transitional//EN"
    "http://www.w3.org/TR/xhtml1/DTD/xhtml1-transitional.dtd">
<html xmlns="http://www.w3.org/1999/xhtml" xml:lang="en" lang="en">
 <head>
  <title>
</title>
<meta http-equiv="Content-Type" content="text/html;charset=utf-8" />
  <meta name='ocr-system' content='tesseract 3.04.00' />
  <meta name='ocr-capabilities' content='ocr_page ocr_carea ocr_par ocr_line ocrx_word'/>
</head>
<body>
  <div class='ocr_page' id='page_1' title='image "./satirarumliberc01jahngoog_0577.png"; bbox 0 0 2764 4738; ppageno 0'>
   <div class='ocr_carea' id='block_1_1' title="bbox 511 367 2066 475">
    <p class='ocr_par' dir='ltr' id='par_1_1' title="bbox 511 367 2066 475">
     <span class='ocr_line' id='line_1_1' title="bbox 511 367 2066 475; baseline -0.003 -10"><span class='ocrx_word' id='word_1_1' title='bbox 511 396 640 465; x_wconf 78' lang='lat'><strong>348</strong></span> <span class='ocrx_word' id='word_1_2' title='bbox 1001 399 1265 462; x_wconf 67' lang='lat' dir='ltr'><strong>scum..</strong></span> <span class='ocrx_word' id='word_1_3' title='bbox 1294 399 1402 461; x_wconf 79' lang='lat' dir='ltr'><strong>An</strong></span> <span class='ocrx_word' id='word_1_4' title='bbox 1436 398 1605 462; x_wconf 81' lang='lat' dir='ltr'><strong>SAT.</strong></span> <span class='ocrx_word' id='word_1_5' title='bbox 1635 400 1735 475; x_wconf 79' lang='grc' dir='ltr'><strong>νι,</strong></span> <span class='ocrx_word' id='word_1_6' title='bbox 1766 367 2066 465; x_wconf 64' lang='lat'><strong>56—63.</strong></span> 
     </span>
    </p>
   </div>
   <div class='ocr_carea' id='block_1_2' title="bbox 512 567 2582 3894">
    <p class='ocr_par' dir='ltr' id='par_1_2' title="bbox 512 567 2563 1416">
     <span class='ocr_line' id='line_1_2' title="bbox 512 567 2551 652; baseline 0 -21"><span class='ocrx_word' id='word_1_7' title='bbox 512 581 799 631; x_wconf 76' lang='lat' dir='ltr'><strong>auctorem</strong></span> <span class='ocrx_word' id='word_1_8' title='bbox 831 567 1143 632; x_wconf 87' lang='lat' dir='ltr'><strong>medicinae</strong></span> <span class='ocrx_word' id='word_1_9' title='bbox 1173 573 1354 651; x_wconf 89' lang='lat' dir='ltr'><strong>petiit,</strong></span> <span class='ocrx_word' id='word_1_10' title='bbox 1385 583 1448 632; x_wconf 92' lang='lat' dir='ltr'><strong>ut</strong></span> <span class='ocrx_word' id='word_1_11' title='bbox 1476 592 1579 632; x_wconf 88' lang='lat' dir='ltr'><strong>sua</strong></span> <span class='ocrx_word' id='word_1_12' title='bbox 1609 583 1733 632; x_wconf 85' lang='lat' dir='ltr'><strong>arte</strong></span> <span class='ocrx_word' id='word_1_13' title='bbox 1765 571 1836 632; x_wconf 83' lang='lat' dir='ltr'><strong>ad</strong></span> <span class='ocrx_word' id='word_1_14' title='bbox 1868 573 2038 632; x_wconf 82' lang='lat' dir='ltr'><strong>vitam</strong></span> <span class='ocrx_word' id='word_1_15' title='bbox 2069 583 2402 633; x_wconf 84' lang='lat' dir='ltr'><strong>revocaret:</strong></span> <span class='ocrx_word' id='word_1_16' title='bbox 2435 593 2551 652; x_wconf 90' lang='lat' dir='ltr'><strong>quo</strong></span> 
     </span>
     <span class='ocr_line' id='line_1_3' title="bbox 512 656 2553 737; baseline 0 -21"><span class='ocrx_word' id='word_1_17' title='bbox 512 659 668 716; x_wconf 85' lang='lat' dir='ltr'><strong>facto</strong></span> <span class='ocrx_word' id='word_1_18' title='bbox 697 656 1076 736; x_wconf 74' lang='lat' dir='ltr'><strong>Aesculapius</strong></span> <span class='ocrx_word' id='word_1_19' title='bbox 1108 677 1233 717; x_wconf 90' lang='lat' dir='ltr'><strong>eum</strong></span> <span class='ocrx_word' id='word_1_20' title='bbox 1263 660 1448 717; x_wconf 80' lang='lat' dir='ltr'><strong>vivum</strong></span> <span class='ocrx_word' id='word_1_21' title='bbox 1477 657 1695 718; x_wconf 86' lang='lat' dir='ltr'><strong>Dianae</strong></span> <span class='ocrx_word' id='word_1_22' title='bbox 1728 660 2007 729; x_wconf 85' lang='lat' dir='ltr'><strong>restituit,</strong></span> <span class='ocrx_word' id='word_1_23' title='bbox 2048 669 2108 718; x_wconf 89' lang='lat' dir='ltr'><strong>et</strong></span> <span class='ocrx_word' id='word_1_24' title='bbox 2136 669 2460 737; x_wconf 88' lang='lat' dir='ltr'><strong>acceptum,</strong></span> <span class='ocrx_word' id='word_1_25' title='bbox 2490 661 2553 717; x_wconf 92' lang='lat' dir='ltr'><strong>in</strong></span> 
     </span>
     <span class='ocr_line' id='line_1_4' title="bbox 512 743 2555 816; baseline -0.001 -13"><span class='ocrx_word' id='word_1_26' title='bbox 512 743 641 803; x_wconf 89' lang='lat' dir='ltr'><strong>luco</strong></span> <span class='ocrx_word' id='word_1_27' title='bbox 688 762 792 801; x_wconf 89' lang='lat' dir='ltr'><strong>sno</strong></span> <span class='ocrx_word' id='word_1_28' title='bbox 837 745 1019 802; x_wconf 86' lang='lat' dir='ltr'><strong>otiose</strong></span> <span class='ocrx_word' id='word_1_29' title='bbox 1067 753 1129 801; x_wconf 88' lang='lat' dir='ltr'><strong>ut</strong></span> <span class='ocrx_word' id='word_1_30' title='bbox 1170 744 1423 815; x_wconf 88' lang='lat' dir='ltr'><strong>viveret,</strong></span> <span class='ocrx_word' id='word_1_31' title='bbox 1479 745 1871 816; x_wconf 88' lang='lat' dir='ltr'><strong>consecravit,</strong></span> <span class='ocrx_word' id='word_1_32' title='bbox 1931 755 1990 803; x_wconf 90' lang='lat' dir='ltr'><strong>et</strong></span> <span class='ocrx_word' id='word_1_33' title='bbox 2028 744 2282 803; x_wconf 90' lang='lat' dir='ltr'><strong>Virbinm</strong></span> <span class='ocrx_word' id='word_1_34' title='bbox 2326 746 2555 803; x_wconf 81' lang='lat' dir='ltr'><strong>vocavit</strong></span> 
     </span>
     <span class='ocr_line' id='line_1_5' title="bbox 513 826 2563 907; baseline -0 -20"><span class='ocrx_word' id='word_1_35' title='bbox 513 828 750 899; x_wconf 89' lang='lat' dir='ltr'><strong>merito,</strong></span> <span class='ocrx_word' id='word_1_36' title='bbox 797 826 943 907; x_wconf 85' lang='lat' dir='ltr'><strong>quod</strong></span> <span class='ocrx_word' id='word_1_37' title='bbox 973 828 1060 887; x_wconf 90' lang='lat' dir='ltr'><strong>bis</strong></span> <span class='ocrx_word' id='word_1_38' title='bbox 1092 829 1147 886; x_wconf 89' lang='lat' dir='ltr'><strong>in</strong></span> <span class='ocrx_word' id='word_1_39' title='bbox 1177 829 1347 886; x_wconf 82' lang='lat' dir='ltr'><strong>vitam</strong></span> <span class='ocrx_word' id='word_1_40' title='bbox 1378 829 1630 907; x_wconf 86' lang='lat' dir='ltr'><strong>prolatus</strong></span> <span class='ocrx_word' id='word_1_41' title='bbox 1664 840 1842 889; x_wconf 82' lang='lat' dir='ltr'><strong>esset.</strong></span> <span class='ocrx_word' id='word_1_42' title='bbox 2014 831 2261 888; x_wconf 80' lang='lat' dir='ltr'><strong>Praesto</strong></span> <span class='ocrx_word' id='word_1_43' title='bbox 2291 839 2384 887; x_wconf 82' lang='lat' dir='ltr'><strong>est</strong></span> <span class='ocrx_word' id='word_1_44' title='bbox 2408 831 2563 887; x_wconf 74' lang='lat' dir='ltr'><strong>mila·</strong></span> 
     </span>
     <span class='ocr_line' id='line_1_6' title="bbox 512 911 2553 992; baseline -0 -20"><span class='ocrx_word' id='word_1_45' title='bbox 512 915 771 972; x_wconf 76' lang='lat' dir='ltr'><strong>Manius.</strong></span> <span class='ocrx_word' id='word_1_46' title='bbox 831 913 986 992; x_wconf 84' lang='lat' dir='ltr'><strong>Ergo</strong></span> <span class='ocrx_word' id='word_1_47' title='bbox 1029 913 1138 972; x_wconf 86' lang='lat' dir='ltr'><strong>huc</strong></span> <span class='ocrx_word' id='word_1_48' title='bbox 1184 933 1306 971; x_wconf 92' lang='lat' dir='ltr'><strong>cnm</strong></span> <span class='ocrx_word' id='word_1_49' title='bbox 1352 933 1728 992; x_wconf 76' lang='lat' dir='ltr'><strong>processero,</strong></span> <span class='ocrx_word' id='word_1_50' title='bbox 1770 924 1869 973; x_wconf 87' lang='lat' dir='ltr'><strong>aut</strong></span> <span class='ocrx_word' id='word_1_51' title='bbox 1909 912 1982 973; x_wconf 83' lang='lat' dir='ltr'><strong>ad</strong></span> <span class='ocrx_word' id='word_1_52' title='bbox 2023 912 2305 984; x_wconf 80' lang='lat' dir='ltr'><strong>Bovillas,</strong></span> <span class='ocrx_word' id='word_1_53' title='bbox 2351 924 2449 988; x_wconf 80' lang='lat' dir='ltr'><strong>aut</strong></span> <span class='ocrx_word' id='word_1_54' title='bbox 2478 911 2553 972; x_wconf 86' lang='lat' dir='ltr'><strong>ad</strong></span> 
     </span>
     <span class='ocr_line' id='line_1_7' title="bbox 514 997 2553 1079; baseline 0.001 -23"><span class='ocrx_word' id='word_1_55' title='bbox 514 999 715 1057; x_wconf 80' lang='lat' dir='ltr'><strong>clivum</strong></span> <span class='ocrx_word' id='word_1_56' title='bbox 745 998 959 1068; x_wconf 89' lang='lat' dir='ltr'><strong>Virbii,</strong></span> <span class='ocrx_word' id='word_1_57' title='bbox 1008 999 1273 1057; x_wconf 90' lang='lat' dir='ltr'><strong>continno</strong></span> <span class='ocrx_word' id='word_1_58' title='bbox 1305 1000 1436 1057; x_wconf 91' lang='lat' dir='ltr'><strong>mihi</strong></span> <span class='ocrx_word' id='word_1_59' title='bbox 1465 999 1686 1058; x_wconf 81' lang='lat' dir='ltr'><strong>Manius</strong></span> <span class='ocrx_word' id='word_1_60' title='bbox 1718 1002 1999 1071; x_wconf 88' lang='lat' dir='ltr'><strong>occurrit,</strong></span> <span class='ocrx_word' id='word_1_61' title='bbox 2059 1001 2150 1079; x_wconf 85' lang='lat' dir='ltr'><strong>qui</strong></span> <span class='ocrx_word' id='word_1_62' title='bbox 2183 1019 2248 1058; x_wconf 87' lang='lat' dir='ltr'><strong>se</strong></span> <span class='ocrx_word' id='word_1_63' title='bbox 2279 997 2553 1059; x_wconf 83' lang='lat' dir='ltr'><strong>heredem</strong></span> 
     </span>
     <span class='ocr_line' id='line_1_8' title="bbox 519 1081 2553 1155; baseline -0 -13"><span class='ocrx_word' id='word_1_64' title='bbox 519 1103 699 1143; x_wconf 88' lang='lat' dir='ltr'><strong>meum</strong></span> <span class='ocrx_word' id='word_1_65' title='bbox 751 1102 882 1143; x_wconf 87' lang='lat' dir='ltr'><strong>esse</strong></span> <span class='ocrx_word' id='word_1_66' title='bbox 930 1081 1116 1155; x_wconf 84' lang='lat' dir='ltr'><strong>dicat,</strong></span> <span class='ocrx_word' id='word_1_67' title='bbox 1163 1103 1286 1142; x_wconf 88' lang='lat' dir='ltr'><strong>cum</strong></span> <span class='ocrx_word' id='word_1_68' title='bbox 1331 1104 1459 1144; x_wconf 90' lang='lat' dir='ltr'><strong>eum</strong></span> <span class='ocrx_word' id='word_1_69' title='bbox 1504 1087 1775 1144; x_wconf 89' lang='lat' dir='ltr'><strong>nesciam.</strong></span> <span class='ocrx_word' id='word_1_70' title='bbox 1846 1082 1964 1143; x_wconf 81' lang='lat' dir='ltr'><strong>Ant</strong></span> <span class='ocrx_word' id='word_1_71' title='bbox 1991 1096 2153 1145; x_wconf 86' lang='lat' dir='ltr'><strong>certe</strong></span> <span class='ocrx_word' id='word_1_72' title='bbox 2194 1084 2553 1144; x_wconf 80' lang='lat' dir='ltr'><strong>*Manium</strong></span> 
     </span>
     <span class='ocr_line' id='line_1_9' title="bbox 518 1166 2554 1249; baseline 0 -22"><span class='ocrx_word' id='word_1_73' title='bbox 518 1166 705 1228; x_wconf 87' lang='lat' dir='ltr'><strong>dicit</strong></span> <span class='ocrx_word' id='word_1_74' title='bbox 761 1166 1165 1228; x_wconf 75' lang='lat' dir='ltr'><strong>deformem</strong></span> <span class='ocrx_word' id='word_1_75' title='bbox 1225 1179 1300 1229; x_wconf 86' lang='lat' dir='ltr'><strong>et</strong></span> <span class='ocrx_word' id='word_1_76' title='bbox 1359 1171 1691 1247; x_wconf 81' lang='lat' dir='ltr'><strong>ignotum</strong></span> <span class='ocrx_word' id='word_1_77' title='bbox 1749 1171 2140 1241; x_wconf 87' lang='lat' dir='ltr'><strong>hominem,</strong></span> <span class='ocrx_word' id='word_1_78' title='bbox 2198 1190 2316 1241; x_wconf 91' lang='lat' dir='ltr'><strong>eo,</strong></span> <span class='ocrx_word' id='word_1_79' title='bbox 2362 1167 2554 1249; x_wconf 86' lang='lat' dir='ltr'><strong>quod</strong></span> 
     </span>
     <span class='ocr_line' id='line_1_10' title="bbox 518 1251 2555 1336; baseline 0 -23"><span class='ocrx_word' id='word_1_80' title='bbox 518 1251 806 1314; x_wconf 87' lang='lat' dir='ltr'><strong>maniae</strong></span> <span class='ocrx_word' id='word_1_81' title='bbox 853 1251 1208 1313; x_wconf 89' lang='lat' dir='ltr'><strong>dicuntur</strong></span> <span class='ocrx_word' id='word_1_82' title='bbox 1251 1252 1600 1315; x_wconf 82' lang='lat' dir='ltr'><strong>indecori</strong></span> <span class='ocrx_word' id='word_1_83' title='bbox 1648 1255 1896 1315; x_wconf 83' lang='lat' dir='ltr'><strong>vultus</strong></span> <span class='ocrx_word' id='word_1_84' title='bbox 1946 1274 2351 1336; x_wconf 87' lang='lat' dir='ltr'><strong>personae,</strong></span> <span class='ocrx_word' id='word_1_85' title='bbox 2401 1256 2555 1335; x_wconf 81' lang='lat' dir='ltr'><strong>qui-</strong></span> 
     </span>
     <span class='ocr_line' id='line_1_11' title="bbox 515 1337 1468 1416; baseline 0 -18"><span class='ocrx_word' id='word_1_86' title='bbox 515 1337 646 1399; x_wconf 87' lang='lat' dir='ltr'><strong>bus</strong></span> <span class='ocrx_word' id='word_1_87' title='bbox 692 1340 909 1416; x_wconf 89' lang='lat' dir='ltr'><strong>pueri</strong></span> <span class='ocrx_word' id='word_1_88' title='bbox 954 1348 1375 1398; x_wconf 88' lang='lat' dir='ltr'><strong>terrentur.</strong></span> <span class='ocrx_word' id='word_1_89' title='bbox 1404 1339 1468 1380; x_wconf 80' lang='lat'><strong>¹*</strong></span> 
     </span>
    </p>

    <p class='ocr_par' dir='ltr' id='par_1_3' title="bbox 518 1422 2559 1845">
     <span class='ocr_line' id='line_1_12' title="bbox 689 1422 2556 1503; baseline -0.001 -17"><span class='ocrx_word' id='word_1_90' title='bbox 689 1428 791 1486; x_wconf 81' lang='lat'><strong>57.</strong></span> <span class='ocrx_word' id='word_1_91' title='bbox 836 1426 1156 1502; x_wconf 75' lang='lat' dir='ltr'><strong>Progenies</strong></span> <span class='ocrx_word' id='word_1_92' title='bbox 1189 1435 1411 1484; x_wconf 81' lang='lat' dir='ltr'><strong>terrae.</strong></span> <span class='ocrx_word' id='word_1_93' title='bbox 1477 1424 1597 1484; x_wconf 84' lang='lat' dir='ltr'><strong>Hoc</strong></span> <span class='ocrx_word' id='word_1_94' title='bbox 1643 1422 1809 1484; x_wconf 80' lang='lat' dir='ltr'><strong>dicit=</strong></span> <span class='ocrx_word' id='word_1_95' title='bbox 1856 1424 1959 1485; x_wconf 84' lang='lat' dir='ltr'><strong>Hic</strong></span> <span class='ocrx_word' id='word_1_96' title='bbox 1990 1424 2211 1485; x_wconf 81' lang='lat' dir='ltr'><strong>Manius</strong></span> <span class='ocrx_word' id='word_1_97' title='bbox 2242 1436 2352 1485; x_wconf 86' lang='lat' dir='ltr'><strong>tam</strong></span> <span class='ocrx_word' id='word_1_98' title='bbox 2386 1426 2556 1503; x_wconf 74' lang='lat' dir='ltr'><strong>longe</strong></span> 
     </span>
     <span class='ocr_line' id='line_1_13' title="bbox 518 1508 2553 1586; baseline -0 -18"><span class='ocrx_word' id='word_1_99' title='bbox 518 1529 554 1568; x_wconf 90' lang='lat' dir='ltr'><strong>a</strong></span> <span class='ocrx_word' id='word_1_100' title='bbox 596 1517 654 1568; x_wconf 89' lang='lat' dir='ltr'><strong>te</strong></span> <span class='ocrx_word' id='word_1_101' title='bbox 698 1511 982 1580; x_wconf 88' lang='lat' dir='ltr'><strong>nascitur,</strong></span> <span class='ocrx_word' id='word_1_102' title='bbox 1031 1521 1092 1568; x_wconf 91' lang='lat' dir='ltr'><strong>ut</strong></span> <span class='ocrx_word' id='word_1_103' title='bbox 1133 1521 1326 1570; x_wconf 88' lang='lat' dir='ltr'><strong>terrae</strong></span> <span class='ocrx_word' id='word_1_104' title='bbox 1373 1511 1517 1569; x_wconf 82' lang='lat' dir='ltr'><strong>filius</strong></span> <span class='ocrx_word' id='word_1_105' title='bbox 1563 1508 1841 1570; x_wconf 80' lang='lat' dir='ltr'><strong>videatur.</strong></span> <span class='ocrx_word' id='word_1_106' title='bbox 2020 1513 2252 1586; x_wconf 81' lang='lat' dir='ltr'><strong>Quaere</strong></span> <span class='ocrx_word' id='word_1_107' title='bbox 2311 1531 2387 1569; x_wconf 74' lang='lat' dir='ltr'><strong>ex</strong></span> <span class='ocrx_word' id='word_1_108' title='bbox 2441 1531 2553 1581; x_wconf 87' lang='lat' dir='ltr'><strong>me,</strong></span> 
     </span>
     <span class='ocr_line' id='line_1_14' title="bbox 521 1593 2558 1675; baseline 0 -23"><span class='ocrx_word' id='word_1_109' title='bbox 521 1596 653 1672; x_wconf 74' lang='lat' dir='ltr'><strong>quis</strong></span> <span class='ocrx_word' id='word_1_110' title='bbox 682 1595 830 1652; x_wconf 73' lang='lat' dir='ltr'><strong>milti</strong></span> <span class='ocrx_word' id='word_1_111' title='bbox 852 1605 1124 1674; x_wconf 82' lang='lat' dir='ltr'><strong>quartus.</strong></span> <span class='ocrx_word' id='word_1_112' title='bbox 1190 1595 1308 1655; x_wconf 80' lang='lat' dir='ltr'><strong>Hoc</strong></span> <span class='ocrx_word' id='word_1_113' title='bbox 1339 1593 1508 1655; x_wconf 84' lang='lat' dir='ltr'><strong>dicit:</strong></span> <span class='ocrx_word' id='word_1_114' title='bbox 1561 1594 1624 1654; x_wconf 90' lang='lat' dir='ltr'><strong>Si</strong></span> <span class='ocrx_word' id='word_1_115' title='bbox 1658 1597 1854 1675; x_wconf 86' lang='lat' dir='ltr'><strong>proavi</strong></span> <span class='ocrx_word' id='word_1_116' title='bbox 1884 1616 2083 1655; x_wconf 91' lang='lat' dir='ltr'><strong>nomen</strong></span> <span class='ocrx_word' id='word_1_117' title='bbox 2114 1617 2148 1655; x_wconf 90' lang='lat' dir='ltr'><strong>a</strong></span> <span class='ocrx_word' id='word_1_118' title='bbox 2180 1616 2266 1655; x_wconf 89' lang='lat' dir='ltr'><strong>me</strong></span> <span class='ocrx_word' id='word_1_119' title='bbox 2299 1597 2558 1675; x_wconf 86' lang='lat' dir='ltr'><strong>inquiris,</strong></span> 
     </span>
     <span class='ocr_line' id='line_1_15' title="bbox 521 1679 2559 1760; baseline 0.001 -22"><span class='ocrx_word' id='word_1_120' title='bbox 521 1699 632 1738; x_wconf 87' lang='lat' dir='ltr'><strong>non</strong></span> <span class='ocrx_word' id='word_1_121' title='bbox 667 1680 833 1740; x_wconf 80' lang='lat' dir='ltr'><strong>facile</strong></span> <span class='ocrx_word' id='word_1_122' title='bbox 866 1679 1067 1739; x_wconf 89' lang='lat' dir='ltr'><strong>dicam.</strong></span> <span class='ocrx_word' id='word_1_123' title='bbox 1132 1682 1423 1755; x_wconf 78' lang='lat' dir='ltr'><strong>Quartum</strong></span> <span class='ocrx_word' id='word_1_124' title='bbox 1466 1682 1611 1742; x_wconf 87' lang='lat' dir='ltr'><strong>enim</strong></span> <span class='ocrx_word' id='word_1_125' title='bbox 1646 1691 1884 1760; x_wconf 81' lang='lat' dir='ltr'><strong>patrem</strong></span> <span class='ocrx_word' id='word_1_126' title='bbox 1926 1680 2064 1740; x_wconf 91' lang='lat' dir='ltr'><strong>dicit</strong></span> <span class='ocrx_word' id='word_1_127' title='bbox 2090 1682 2376 1752; x_wconf 79' lang='lat' dir='ltr'><strong>abavum,</strong></span> <span class='ocrx_word' id='word_1_128' title='bbox 2426 1682 2559 1760; x_wconf 82' lang='lat' dir='ltr'><strong>quia</strong></span> 
     </span>
     <span class='ocr_line' id='line_1_16' title="bbox 518 1764 2510 1845; baseline 0.001 -22"><span class='ocrx_word' id='word_1_129' title='bbox 518 1765 729 1844; x_wconf 84' lang='lat' dir='ltr'><strong>primus</strong></span> <span class='ocrx_word' id='word_1_130' title='bbox 752 1776 968 1842; x_wconf 83' lang='lat' dir='ltr'><strong>pater,</strong></span> <span class='ocrx_word' id='word_1_131' title='bbox 1001 1765 1283 1825; x_wconf 87' lang='lat' dir='ltr'><strong>secundus</strong></span> <span class='ocrx_word' id='word_1_132' title='bbox 1316 1787 1500 1838; x_wconf 78' lang='lat' dir='ltr'><strong>avus,</strong></span> <span class='ocrx_word' id='word_1_133' title='bbox 1533 1764 1665 1824; x_wconf 90' lang='lat' dir='ltr'><strong>inde</strong></span> <span class='ocrx_word' id='word_1_134' title='bbox 1687 1785 1989 1845; x_wconf 81' lang='lat' dir='ltr'><strong>proavus,</strong></span> <span class='ocrx_word' id='word_1_135' title='bbox 2025 1764 2227 1825; x_wconf 83' lang='lat' dir='ltr'><strong>deinde</strong></span> <span class='ocrx_word' id='word_1_136' title='bbox 2261 1766 2510 1825; x_wconf 76' lang='lat' dir='ltr'><strong>abavus.</strong></span> 
     </span>
    </p>

    <p class='ocr_par' dir='ltr' id='par_1_4' title="bbox 521 1849 2558 2099">
     <span class='ocr_line' id='line_1_17' title="bbox 692 1849 2556 1924; baseline -0.001 -13"><span class='ocrx_word' id='word_1_137' title='bbox 692 1854 793 1912; x_wconf 88' lang='lat'><strong>58.</strong></span> <span class='ocrx_word' id='word_1_138' title='bbox 841 1851 1018 1910; x_wconf 86' lang='lat' dir='ltr'><strong>Adde</strong></span> <span class='ocrx_word' id='word_1_139' title='bbox 1049 1853 1220 1909; x_wconf 82' lang='lat' dir='ltr'><strong>etiam</strong></span> <span class='ocrx_word' id='word_1_140' title='bbox 1254 1870 1470 1922; x_wconf 83' lang='lat' dir='ltr'><strong>unum,</strong></span> <span class='ocrx_word' id='word_1_141' title='bbox 1518 1870 1693 1910; x_wconf 80' lang='lat' dir='ltr'><strong>unum</strong></span> <span class='ocrx_word' id='word_1_142' title='bbox 1722 1853 1921 1909; x_wconf 81' lang='lat' dir='ltr'><strong>etiam.</strong></span> <span class='ocrx_word' id='word_1_143' title='bbox 1981 1851 2196 1910; x_wconf 85' lang='lat' dir='ltr'><strong>Deest:</strong></span> <span class='ocrx_word' id='word_1_144' title='bbox 2246 1862 2308 1909; x_wconf 93' lang='lat' dir='ltr'><strong>ut</strong></span> <span class='ocrx_word' id='word_1_145' title='bbox 2337 1849 2556 1924; x_wconf 78' lang='lat' dir='ltr'><strong>dicam3</strong></span> 
     </span>
     <span class='ocr_line' id='line_1_18' title="bbox 521 1934 2558 2014; baseline 0.002 -22"><span class='ocrx_word' id='word_1_146' title='bbox 521 1941 580 1992; x_wconf 90' lang='lat' dir='ltr'><strong>et</strong></span> <span class='ocrx_word' id='word_1_147' title='bbox 610 1943 702 1992; x_wconf 88' lang='lat' dir='ltr'><strong>est</strong></span> <span class='ocrx_word' id='word_1_148' title='bbox 731 1954 970 1993; x_wconf 83' lang='lat' dir='ltr'><strong>sensns:</strong></span> <span class='ocrx_word' id='word_1_149' title='bbox 1015 1934 1171 1995; x_wconf 88' lang='lat' dir='ltr'><strong>Pone</strong></span> <span class='ocrx_word' id='word_1_150' title='bbox 1204 1955 1290 1996; x_wconf 88' lang='lat' dir='ltr'><strong>me</strong></span> <span class='ocrx_word' id='word_1_151' title='bbox 1322 1939 1474 1995; x_wconf 88' lang='lat' dir='ltr'><strong>scire</strong></span> <span class='ocrx_word' id='word_1_152' title='bbox 1505 1946 1761 2008; x_wconf 87' lang='lat' dir='ltr'><strong>atavum,</strong></span> <span class='ocrx_word' id='word_1_153' title='bbox 1801 1955 1950 2014; x_wconf 90' lang='lat' dir='ltr'><strong>pone</strong></span> <span class='ocrx_word' id='word_1_154' title='bbox 1982 1946 2041 1995; x_wconf 87' lang='lat' dir='ltr'><strong>et</strong></span> <span class='ocrx_word' id='word_1_155' title='bbox 2071 1938 2367 2010; x_wconf 78' lang='lat' dir='ltr'><strong>tritavum,</strong></span> <span class='ocrx_word' id='word_1_156' title='bbox 2411 1937 2558 1996; x_wconf 86' lang='lat' dir='ltr'><strong>hunc</strong></span> 
     </span>
     <span class='ocr_line' id='line_1_19' title="bbox 521 2017 1237 2099; baseline 0.003 -22"><span class='ocrx_word' id='word_1_157' title='bbox 521 2029 708 2078; x_wconf 87' lang='lat' dir='ltr'><strong>tamen</strong></span> <span class='ocrx_word' id='word_1_158' title='bbox 740 2017 983 2078; x_wconf 83' lang='lat' dir='ltr'><strong>Manium</strong></span> <span class='ocrx_word' id='word_1_159' title='bbox 1015 2021 1237 2099; x_wconf 84' lang='lat' dir='ltr'><strong>ignoro.</strong></span> 
     </span>
    </p>

    <p class='ocr_par' dir='ltr' id='par_1_5' title="bbox 525 2103 2561 2335">
     <span class='ocr_line' id='line_1_20' title="bbox 697 2103 2560 2184; baseline -0.001 -19"><span class='ocrx_word' id='word_1_160' title='bbox 697 2108 798 2167; x_wconf 81' lang='lat'><strong>59.</strong></span> <span class='ocrx_word' id='word_1_161' title='bbox 853 2105 1075 2164; x_wconf 81' lang='lat' dir='ltr'><strong>Terrae</strong></span> <span class='ocrx_word' id='word_1_162' title='bbox 1117 2115 1209 2165; x_wconf 81' lang='lat' dir='ltr'><strong>est</strong></span> <span class='ocrx_word' id='word_1_163' title='bbox 1254 2107 1369 2164; x_wconf 75' lang='lat' dir='ltr'><strong>iam</strong></span> <span class='ocrx_word' id='word_1_164' title='bbox 1392 2103 1611 2182; x_wconf 75' lang='lat' dir='ltr'><strong>filz&#39;us3</strong></span> <span class='ocrx_word' id='word_1_165' title='bbox 1681 2124 1792 2163; x_wconf 93' lang='lat' dir='ltr'><strong>non</strong></span> <span class='ocrx_word' id='word_1_166' title='bbox 1853 2103 2160 2164; x_wconf 87' lang='lat' dir='ltr'><strong>secundum</strong></span> <span class='ocrx_word' id='word_1_167' title='bbox 2203 2106 2560 2184; x_wconf 81' lang='lat' dir='ltr'><strong>cognationis</strong></span> 
     </span>
     <span class='ocr_line' id='line_1_21' title="bbox 525 2185 2561 2271; baseline 0.001 -24"><span class='ocrx_word' id='word_1_168' title='bbox 525 2185 798 2260; x_wconf 87' lang='lat' dir='ltr'><strong>ordinem,</strong></span> <span class='ocrx_word' id='word_1_169' title='bbox 830 2188 933 2248; x_wconf 89' lang='lat' dir='ltr'><strong>sed</strong></span> <span class='ocrx_word' id='word_1_170' title='bbox 965 2188 1270 2249; x_wconf 87' lang='lat' dir='ltr'><strong>secuudum</strong></span> <span class='ocrx_word' id='word_1_171' title='bbox 1301 2191 1659 2249; x_wconf 84' lang='lat' dir='ltr'><strong>humanitatis</strong></span> <span class='ocrx_word' id='word_1_172' title='bbox 1692 2191 1879 2270; x_wconf 81' lang='lat' dir='ltr'><strong>legem</strong></span> <span class='ocrx_word' id='word_1_173' title='bbox 1911 2191 2040 2250; x_wconf 86' lang='lat' dir='ltr'><strong>mihi</strong></span> <span class='ocrx_word' id='word_1_174' title='bbox 2073 2192 2415 2271; x_wconf 89' lang='lat' dir='ltr'><strong>propinquus</strong></span> <span class='ocrx_word' id='word_1_175' title='bbox 2448 2202 2561 2263; x_wconf 90' lang='lat' dir='ltr'><strong>est,</strong></span> 
     </span>
     <span class='ocr_line' id='line_1_22' title="bbox 525 2275 1194 2335; baseline 0.001 -2"><span class='ocrx_word' id='word_1_176' title='bbox 525 2293 650 2333; x_wconf 89' lang='lat' dir='ltr'><strong>cum</strong></span> <span class='ocrx_word' id='word_1_177' title='bbox 681 2275 755 2331; x_wconf 87' lang='lat' dir='ltr'><strong>sit</strong></span> <span class='ocrx_word' id='word_1_178' title='bbox 797 2284 986 2335; x_wconf 87' lang='lat' dir='ltr'><strong>terrae</strong></span> <span class='ocrx_word' id='word_1_179' title='bbox 1029 2276 1194 2334; x_wconf 82' lang='lat' dir='ltr'><strong>filius.</strong></span> 
     </span>
    </p>

    <p class='ocr_par' dir='ltr' id='par_1_6' title="bbox 525 2360 2567 2688">
     <span class='ocr_line' id='line_1_23' title="bbox 699 2360 2565 2439; baseline -0.002 -17"><span class='ocrx_word' id='word_1_180' title='bbox 699 2362 799 2422; x_wconf 87' lang='grc'><strong>60.</strong></span> <span class='ocrx_word' id='word_1_181' title='bbox 849 2362 932 2420; x_wconf 81' lang='lat' dir='ltr'><strong>Ee</strong></span> <span class='ocrx_word' id='word_1_182' title='bbox 959 2363 1107 2420; x_wconf 74' lang='lat' dir='ltr'><strong>milei</strong></span> <span class='ocrx_word' id='word_1_183' title='bbox 1131 2363 1256 2421; x_wconf 75' lang='lat' dir='ltr'><strong>ritu</strong></span> <span class='ocrx_word' id='word_1_184' title='bbox 1285 2362 1527 2422; x_wconf 71' lang='lat' dir='ltr'><strong>Manius</strong></span> <span class='ocrx_word' id='word_1_185' title='bbox 1558 2362 1655 2422; x_wconf 76' lang='lat' dir='ltr'><strong>ln&#39;c</strong></span> <span class='ocrx_word' id='word_1_186' title='bbox 1680 2381 1822 2438; x_wconf 81' lang='lat' dir='ltr'><strong>gen.</strong></span> <span class='ocrx_word' id='word_1_187' title='bbox 1860 2361 1962 2421; x_wconf 86' lang='lat' dir='ltr'><strong>Hic</strong></span> <span class='ocrx_word' id='word_1_188' title='bbox 1991 2360 2215 2421; x_wconf 84' lang='lat' dir='ltr'><strong>Manius</strong></span> <span class='ocrx_word' id='word_1_189' title='bbox 2248 2371 2358 2420; x_wconf 91' lang='lat' dir='ltr'><strong>tam</strong></span> <span class='ocrx_word' id='word_1_190' title='bbox 2388 2380 2565 2439; x_wconf 83' lang='lat' dir='ltr'><strong>gran-</strong></span> 
     </span>
     <span class='ocr_line' id='line_1_24' title="bbox 525 2442 2567 2527; baseline 0 -23"><span class='ocrx_word' id='word_1_191' title='bbox 525 2442 612 2504; x_wconf 85' lang='lat' dir='ltr'><strong>dis</strong></span> <span class='ocrx_word' id='word_1_192' title='bbox 643 2457 773 2505; x_wconf 86' lang='lat' dir='ltr'><strong>natu</strong></span> <span class='ocrx_word' id='word_1_193' title='bbox 806 2458 930 2518; x_wconf 90' lang='lat' dir='ltr'><strong>est,</strong></span> <span class='ocrx_word' id='word_1_194' title='bbox 963 2459 1022 2506; x_wconf 90' lang='lat' dir='ltr'><strong>nt</strong></span> <span class='ocrx_word' id='word_1_195' title='bbox 1053 2449 1102 2506; x_wconf 90' lang='lat' dir='ltr'><strong>si</strong></span> <span class='ocrx_word' id='word_1_196' title='bbox 1132 2467 1268 2507; x_wconf 83' lang='lat' dir='ltr'><strong>vere</strong></span> <span class='ocrx_word' id='word_1_197' title='bbox 1300 2449 1586 2527; x_wconf 83' lang='lat' dir='ltr'><strong>proximus</strong></span> <span class='ocrx_word' id='word_1_198' title='bbox 1618 2467 1825 2526; x_wconf 89' lang='lat' dir='ltr'><strong>parens</strong></span> <span class='ocrx_word' id='word_1_199' title='bbox 1856 2448 1950 2519; x_wconf 80' lang='lat' dir='ltr'><strong>fit,</strong></span> <span class='ocrx_word' id='word_1_200' title='bbox 1997 2447 2301 2507; x_wconf 89' lang='lat' dir='ltr'><strong>secundum</strong></span> <span class='ocrx_word' id='word_1_201' title='bbox 2332 2448 2567 2524; x_wconf 82' lang='lat' dir='ltr'><strong>generis</strong></span> 
     </span>
     <span class='ocr_line' id='line_1_25' title="bbox 526 2532 2565 2603; baseline 0 -13"><span class='ocrx_word' id='word_1_202' title='bbox 526 2532 725 2603; x_wconf 90' lang='lat' dir='ltr'><strong>ritum,</strong></span> <span class='ocrx_word' id='word_1_203' title='bbox 771 2532 1077 2591; x_wconf 87' lang='lat' dir='ltr'><strong>avunculus</strong></span> <span class='ocrx_word' id='word_1_204' title='bbox 1109 2544 1269 2593; x_wconf 88' lang='lat' dir='ltr'><strong>esset</strong></span> <span class='ocrx_word' id='word_1_205' title='bbox 1296 2533 1432 2593; x_wconf 88' lang='lat' dir='ltr'><strong>mibi</strong></span> <span class='ocrx_word' id='word_1_206' title='bbox 1462 2535 1661 2592; x_wconf 89' lang='lat' dir='ltr'><strong>maior.</strong></span> <span class='ocrx_word' id='word_1_207' title='bbox 1833 2535 2035 2593; x_wconf 82' lang='lat' dir='ltr'><strong>Maior</strong></span> <span class='ocrx_word' id='word_1_208' title='bbox 2072 2544 2259 2592; x_wconf 86' lang='lat' dir='ltr'><strong>autem</strong></span> <span class='ocrx_word' id='word_1_209' title='bbox 2305 2552 2565 2592; x_wconf 79' lang='lat' dir='ltr'><strong>avuncu-</strong></span> 
     </span>
     <span class='ocr_line' id='line_1_26' title="bbox 529 2617 1086 2688; baseline 0.005 -14"><span class='ocrx_word' id='word_1_210' title='bbox 529 2617 661 2688; x_wconf 77' lang='lat' dir='ltr'><strong>lus,</strong></span> <span class='ocrx_word' id='word_1_211' title='bbox 693 2618 856 2676; x_wconf 82' lang='lat' dir='ltr'><strong>aviac</strong></span> <span class='ocrx_word' id='word_1_212' title='bbox 888 2619 1086 2677; x_wconf 81' lang='lat' dir='ltr'><strong>frater.</strong></span> 
     </span>
    </p>

    <p class='ocr_par' dir='ltr' id='par_1_7' title="bbox 527 2700 2573 3379">
     <span class='ocr_line' id='line_1_27' title="bbox 700 2700 2566 2783; baseline -0.001 -19"><span class='ocrx_word' id='word_1_213' title='bbox 700 2705 803 2764; x_wconf 87' lang='grc'><strong>61.</strong></span> <span class='ocrx_word' id='word_1_214' title='bbox 851 2705 969 2780; x_wconf 80' lang='lat' dir='ltr'><strong>Qui</strong></span> <span class='ocrx_word' id='word_1_215' title='bbox 997 2706 1174 2783; x_wconf 83' lang='lat' dir='ltr'><strong>prior</strong></span> <span class='ocrx_word' id='word_1_216' title='bbox 1216 2724 1315 2776; x_wconf 81' lang='lat' dir='ltr'><strong>es,</strong></span> <span class='ocrx_word' id='word_1_217' title='bbox 1363 2724 1474 2763; x_wconf 83' lang='lat' dir='ltr'><strong>cur</strong></span> <span class='ocrx_word' id='word_1_218' title='bbox 1523 2723 1631 2764; x_wconf 87' lang='lat' dir='ltr'><strong>me.</strong></span> <span class='ocrx_word' id='word_1_219' title='bbox 1709 2700 1954 2782; x_wconf 75' lang='lat' dir='ltr'><strong>*Apud</strong></span> <span class='ocrx_word' id='word_1_220' title='bbox 2006 2701 2352 2763; x_wconf 82' lang='lat' dir='ltr'><strong>Athenas</strong></span> <span class='ocrx_word' id='word_1_221' title='bbox 2403 2701 2566 2762; x_wconf 90' lang='lat' dir='ltr'><strong>ludi</strong></span> 
     </span>
     <span class='ocr_line' id='line_1_28' title="bbox 529 2785 2569 2869; baseline 0 -24"><span class='ocrx_word' id='word_1_222' title='bbox 529 2785 1151 2861; x_wconf 78' lang='lat' dir='ltr'><strong>celebrabantur,</strong></span> <span class='ocrx_word' id='word_1_223' title='bbox 1209 2792 1279 2848; x_wconf 92' lang='lat' dir='ltr'><strong>iu</strong></span> <span class='ocrx_word' id='word_1_224' title='bbox 1339 2790 1613 2869; x_wconf 82' lang='lat' dir='ltr'><strong>quibus</strong></span> <span class='ocrx_word' id='word_1_225' title='bbox 1675 2808 1897 2849; x_wconf 88' lang='lat' dir='ltr'><strong>cursu</strong></span> <span class='ocrx_word' id='word_1_226' title='bbox 1956 2789 2274 2849; x_wconf 87' lang='lat' dir='ltr'><strong>iuvenes</strong></span> <span class='ocrx_word' id='word_1_227' title='bbox 2321 2799 2569 2847; x_wconf 83' lang='lat' dir='ltr'><strong>certa-</strong></span> 
     </span>
     <span class='ocr_line' id='line_1_29' title="bbox 527 2871 2570 2954; baseline -0 -22"><span class='ocrx_word' id='word_1_228' title='bbox 527 2871 778 2944; x_wconf 82' lang='lat' dir='ltr'><strong>bant,&#39;⁸¹</strong></span> <span class='ocrx_word' id='word_1_229' title='bbox 821 2885 880 2933; x_wconf 92' lang='lat' dir='ltr'><strong>et</strong></span> <span class='ocrx_word' id='word_1_230' title='bbox 910 2874 1074 2954; x_wconf 74' lang='lat' dir='ltr'><strong>*qui</strong></span> <span class='ocrx_word' id='word_1_231' title='bbox 1115 2876 1364 2935; x_wconf 87' lang='lat' dir='ltr'><strong>victor</strong></span> <span class='ocrx_word' id='word_1_232' title='bbox 1409 2885 1571 2934; x_wconf 87' lang='lat' dir='ltr'><strong>erat</strong></span> <span class='ocrx_word' id='word_1_233' title='bbox 1613 2876 1885 2953; x_wconf 87' lang='lat' dir='ltr'><strong>primus</strong></span> <span class='ocrx_word' id='word_1_234' title='bbox 1931 2874 2170 2933; x_wconf 76' lang='lat' dir='ltr'><strong>facem</strong></span> <span class='ocrx_word' id='word_1_235' title='bbox 2215 2873 2570 2945; x_wconf 89' lang='lat' dir='ltr'><strong>tollebat,</strong></span> 
     </span>
     <span class='ocr_line' id='line_1_30' title="bbox 529 2956 2568 3039; baseline 0 -24"><span class='ocrx_word' id='word_1_236' title='bbox 529 2956 802 3019; x_wconf 89' lang='lat' dir='ltr'><strong>deiude</strong></span> <span class='ocrx_word' id='word_1_237' title='bbox 845 2962 1190 3039; x_wconf 74' lang='lat' dir='ltr'><strong>sequenti</strong></span> <span class='ocrx_word' id='word_1_238' title='bbox 1224 2979 1302 3019; x_wconf 89' lang='lat' dir='ltr'><strong>se</strong></span> <span class='ocrx_word' id='word_1_239' title='bbox 1344 2957 1734 3030; x_wconf 76' lang='lat' dir='ltr'><strong>tradebat,</strong></span> <span class='ocrx_word' id='word_1_240' title='bbox 1778 2970 1852 3018; x_wconf 91' lang='lat' dir='ltr'><strong>et</strong></span> <span class='ocrx_word' id='word_1_241' title='bbox 1894 2957 2259 3017; x_wconf 88' lang='lat' dir='ltr'><strong>secundus</strong></span> <span class='ocrx_word' id='word_1_242' title='bbox 2301 2960 2568 3030; x_wconf 66' lang='lat' dir='ltr'><strong>tertio,</strong></span> 
     </span>
     <span class='ocr_line' id='line_1_31' title="bbox 532 3042 2567 3116; baseline -0 -15"><span class='ocrx_word' id='word_1_243' title='bbox 532 3043 764 3103; x_wconf 90' lang='lat' dir='ltr'><strong>simili</strong></span> <span class='ocrx_word' id='word_1_244' title='bbox 786 3056 853 3104; x_wconf 90' lang='lat' dir='ltr'><strong>te</strong></span> <span class='ocrx_word' id='word_1_245' title='bbox 873 3065 904 3104; x_wconf 91' lang='lat' dir='ltr'><strong>r</strong></span> <span class='ocrx_word' id='word_1_246' title='bbox 963 3065 1064 3103; x_wconf 89' lang='lat' dir='ltr'><strong>om</strong></span> <span class='ocrx_word' id='word_1_247' title='bbox 1084 3050 1250 3104; x_wconf 77' lang='lat' dir='ltr'><strong>nes*</strong></span> <span class='ocrx_word' id='word_1_248' title='bbox 1299 3045 1618 3116; x_wconf 80' lang='lat' dir='ltr'><strong>faciebant,</strong></span> <span class='ocrx_word' id='word_1_249' title='bbox 1678 3055 1739 3104; x_wconf 93' lang='lat' dir='ltr'><strong>et</strong></span> <span class='ocrx_word' id='word_1_250' title='bbox 1787 3045 1893 3103; x_wconf 86' lang='lat' dir='ltr'><strong>sibi</strong></span> <span class='ocrx_word' id='word_1_251' title='bbox 1951 3046 2189 3103; x_wconf 85' lang='lat' dir='ltr'><strong>invicem</strong></span> <span class='ocrx_word' id='word_1_252' title='bbox 2246 3042 2567 3114; x_wconf 85' lang='lat' dir='ltr'><strong>tradebant,</strong></span> 
     </span>
     <span class='ocr_line' id='line_1_32' title="bbox 530 3125 2573 3207; baseline 0.001 -22"><span class='ocrx_word' id='word_1_253' title='bbox 530 3125 810 3189; x_wconf 79' lang='lat' dir='ltr'><strong>*donec</strong></span> <span class='ocrx_word' id='word_1_254' title='bbox 869 3132 1332 3190; x_wconf 89' lang='lat' dir='ltr'><strong>currentium</strong></span> <span class='ocrx_word' id='word_1_255' title='bbox 1392 3152 1426 3190; x_wconf 88' lang='lat' dir='ltr'><strong>n</strong></span> <span class='ocrx_word' id='word_1_256' title='bbox 1452 3149 1736 3189; x_wconf 88' lang='lat' dir='ltr'><strong>umerus</strong></span> <span class='ocrx_word' id='word_1_257' title='bbox 1798 3129 2431 3207; x_wconf 79' lang='lat' dir='ltr'><strong>compleretur2.*</strong></span> <span class='ocrx_word' id='word_1_258' title='bbox 2495 3129 2573 3187; x_wconf 86' lang='lat' dir='ltr'><strong>Et</strong></span> 
     </span>
     <span class='ocr_line' id='line_1_33' title="bbox 531 3212 2571 3287; baseline 0 -14"><span class='ocrx_word' id='word_1_259' title='bbox 531 3224 624 3273; x_wconf 85' lang='lat' dir='ltr'><strong>est</strong></span> <span class='ocrx_word' id='word_1_260' title='bbox 681 3234 915 3274; x_wconf 82' lang='lat' dir='ltr'><strong>sensus:</strong></span> <span class='ocrx_word' id='word_1_261' title='bbox 977 3215 1111 3274; x_wconf 88' lang='lat' dir='ltr'><strong>Cum</strong></span> <span class='ocrx_word' id='word_1_262' title='bbox 1172 3228 1232 3277; x_wconf 85' lang='lat' dir='ltr'><strong>tu</strong></span> <span class='ocrx_word' id='word_1_263' title='bbox 1289 3226 1480 3276; x_wconf 85' lang='lat' dir='ltr'><strong>aetate</strong></span> <span class='ocrx_word' id='word_1_264' title='bbox 1527 3234 1615 3274; x_wconf 89' lang='lat' dir='ltr'><strong>mc</strong></span> <span class='ocrx_word' id='word_1_265' title='bbox 1661 3212 1968 3274; x_wconf 85' lang='lat' dir='ltr'><strong>antecedas</strong></span> <span class='ocrx_word' id='word_1_266' title='bbox 1990 3259 2007 3287; x_wconf 95' lang='lat'><strong>,</strong></span> <span class='ocrx_word' id='word_1_267' title='bbox 2050 3235 2153 3274; x_wconf 89' lang='lat' dir='ltr'><strong>cur</strong></span> <span class='ocrx_word' id='word_1_268' title='bbox 2197 3212 2571 3274; x_wconf 85' lang='lat' dir='ltr'><strong>hereditatem</strong></span> 
     </span>
     <span class='ocr_line' id='line_1_34' title="bbox 532 3299 1550 3379; baseline 0.003 -21"><span class='ocrx_word' id='word_1_269' title='bbox 532 3318 710 3359; x_wconf 86' lang='lat' dir='ltr'><strong>meam</strong></span> <span class='ocrx_word' id='word_1_270' title='bbox 741 3299 887 3359; x_wconf 81' lang='lat' dir='ltr'><strong>tradi</strong></span> <span class='ocrx_word' id='word_1_271' title='bbox 918 3301 1018 3361; x_wconf 88' lang='lat' dir='ltr'><strong>tibi</strong></span> <span class='ocrx_word' id='word_1_272' title='bbox 1050 3321 1084 3360; x_wconf 80' lang='lat' dir='ltr'><strong>a</strong></span> <span class='ocrx_word' id='word_1_273' title='bbox 1115 3322 1201 3361; x_wconf 91' lang='lat' dir='ltr'><strong>me</strong></span> <span class='ocrx_word' id='word_1_274' title='bbox 1236 3305 1550 3379; x_wconf 73' lang='lat' dir='ltr'><strong>expectas?</strong></span> 
     </span>
    </p>

    <p class='ocr_par' dir='ltr' id='par_1_8' title="bbox 529 3382 2574 3637">
     <span class='ocr_line' id='line_1_35' title="bbox 706 3382 2571 3459; baseline -0.003 -10"><span class='ocrx_word' id='word_1_275' title='bbox 706 3390 807 3449; x_wconf 83' lang='lat'><strong>62.</strong></span> <span class='ocrx_word' id='word_1_276' title='bbox 851 3388 991 3445; x_wconf 80' lang='lat' dir='ltr'><strong>Sum</strong></span> <span class='ocrx_word' id='word_1_277' title='bbox 1027 3388 1138 3445; x_wconf 78' lang='lat' dir='ltr'><strong>tibi</strong></span> <span class='ocrx_word' id='word_1_278' title='bbox 1160 3389 1500 3447; x_wconf 81' lang='lat' dir='ltr'><strong>Mercurius</strong></span> <span class='ocrx_word' id='word_1_279' title='bbox 1515 3431 1538 3459; x_wconf 85' lang='lat'><strong>,</strong></span> <span class='ocrx_word' id='word_1_280' title='bbox 1571 3387 1772 3459; x_wconf 76' lang='lat' dir='ltr'><strong>vem&#39;o3</strong></span> <span class='ocrx_word' id='word_1_281' title='bbox 1816 3382 1871 3445; x_wconf 90' lang='lat' dir='ltr'><strong>id</strong></span> <span class='ocrx_word' id='word_1_282' title='bbox 1903 3395 2026 3456; x_wconf 85' lang='lat' dir='ltr'><strong>est,</strong></span> <span class='ocrx_word' id='word_1_283' title='bbox 2057 3404 2180 3444; x_wconf 91' lang='lat' dir='ltr'><strong>cum</strong></span> <span class='ocrx_word' id='word_1_284' title='bbox 2211 3384 2370 3443; x_wconf 89' lang='lat' dir='ltr'><strong>lucro</strong></span> <span class='ocrx_word' id='word_1_285' title='bbox 2400 3387 2571 3444; x_wconf 86' lang='lat' dir='ltr'><strong>venio</strong></span> 
     </span>
     <span class='ocr_line' id='line_1_36' title="bbox 535 3467 2574 3550; baseline -0 -19"><span class='ocrx_word' id='word_1_286' title='bbox 535 3467 606 3531; x_wconf 85' lang='lat' dir='ltr'><strong>ad</strong></span> <span class='ocrx_word' id='word_1_287' title='bbox 637 3481 720 3531; x_wconf 90' lang='lat' dir='ltr'><strong>te.</strong></span> <span class='ocrx_word' id='word_1_288' title='bbox 783 3470 1128 3531; x_wconf 84' lang='lat' dir='ltr'><strong>Mercurium</strong></span> <span class='ocrx_word' id='word_1_289' title='bbox 1169 3474 1315 3532; x_wconf 91' lang='lat' dir='ltr'><strong>enim</strong></span> <span class='ocrx_word' id='word_1_290' title='bbox 1364 3471 1529 3531; x_wconf 89' lang='lat' dir='ltr'><strong>deum</strong></span> <span class='ocrx_word' id='word_1_291' title='bbox 1560 3473 1699 3531; x_wconf 90' lang='lat' dir='ltr'><strong>lucri</strong></span> <span class='ocrx_word' id='word_1_292' title='bbox 1744 3470 2025 3530; x_wconf 86' lang='lat' dir='ltr'><strong>dicebant.</strong></span> <span class='ocrx_word' id='word_1_293' title='bbox 2124 3474 2127 3481; x_wconf 84' lang='lat'><em>&#39;</em></span> <span class='ocrx_word' id='word_1_294' title='bbox 2206 3470 2414 3529; x_wconf 72' lang='lat' dir='ltr'><strong>[stille</strong></span> <span class='ocrx_word' id='word_1_295' title='bbox 2433 3473 2574 3550; x_wconf 80' lang='lat' dir='ltr'><strong>pin-</strong></span> 
     </span>
     <span class='ocr_line' id='line_1_37' title="bbox 529 3554 2355 3637; baseline -0.002 -21"><span class='ocrx_word' id='word_1_296' title='bbox 529 3567 738 3635; x_wconf 68' lang='lat' dir='ltr'><strong>gatur,</strong></span> <span class='ocrx_word' id='word_1_297' title='bbox 773 3558 901 3636; x_wconf 86' lang='lat' dir='ltr'><strong>qnia</strong></span> <span class='ocrx_word' id='word_1_298' title='bbox 933 3577 1059 3617; x_wconf 92' lang='lat' dir='ltr'><strong>enm</strong></span> <span class='ocrx_word' id='word_1_299' title='bbox 1090 3578 1213 3616; x_wconf 90' lang='lat' dir='ltr'><strong>cnm</strong></span> <span class='ocrx_word' id='word_1_300' title='bbox 1246 3559 1494 3617; x_wconf 81' lang='lat' dir='ltr'><strong>saccello</strong></span> <span class='ocrx_word' id='word_1_301' title='bbox 1525 3557 1693 3637; x_wconf 86' lang='lat' dir='ltr'><strong>pleno</strong></span> <span class='ocrx_word' id='word_1_302' title='bbox 1724 3558 1998 3635; x_wconf 83' lang='lat' dir='ltr'><strong>pecuniae</strong></span> <span class='ocrx_word' id='word_1_303' title='bbox 2033 3554 2355 3635; x_wconf 81' lang='lat' dir='ltr'><strong>pingebant.</strong></span> 
     </span>
    </p>

    <p class='ocr_par' dir='ltr' id='par_1_9' title="bbox 536 3641 2582 3894">
     <span class='ocr_line' id='line_1_38' title="bbox 711 3641 2578 3722; baseline -0.003 -18"><span class='ocrx_word' id='word_1_304' title='bbox 711 3645 811 3705; x_wconf 84' lang='lat'><strong>63.</strong></span> <span class='ocrx_word' id='word_1_305' title='bbox 855 3645 957 3702; x_wconf 84' lang='lat' dir='ltr'><strong>An</strong></span> <span class='ocrx_word' id='word_1_306' title='bbox 989 3645 1235 3702; x_wconf 81' lang='lat' dir='ltr'><strong>renuis?</strong></span> <span class='ocrx_word' id='word_1_307' title='bbox 1290 3643 1380 3702; x_wconf 87' lang='lat' dir='ltr'><strong>An</strong></span> <span class='ocrx_word' id='word_1_308' title='bbox 1415 3644 1563 3703; x_wconf 81' lang='lat' dir='ltr'><strong>forte</strong></span> <span class='ocrx_word' id='word_1_309' title='bbox 1594 3663 1697 3713; x_wconf 84' lang='lat' dir='ltr'><strong>ea,</strong></span> <span class='ocrx_word' id='word_1_310' title='bbox 1743 3662 1887 3722; x_wconf 88' lang='lat' dir='ltr'><strong>quae</strong></span> <span class='ocrx_word' id='word_1_311' title='bbox 1920 3642 2019 3700; x_wconf 89' lang='lat' dir='ltr'><strong>tibi</strong></span> <span class='ocrx_word' id='word_1_312' title='bbox 2050 3641 2226 3700; x_wconf 81' lang='lat' dir='ltr'><strong>offero</strong></span> <span class='ocrx_word' id='word_1_313' title='bbox 2246 3684 2264 3712; x_wconf 96' lang='lat'><strong>,</strong></span> <span class='ocrx_word' id='word_1_314' title='bbox 2307 3641 2578 3719; x_wconf 72' lang='lat' dir='ltr'><strong>spernis?</strong></span> 
     </span>
     <span class='ocr_line' id='line_1_39' title="bbox 543 3726 2582 3807; baseline -0.001 -21"><span class='ocrx_word' id='word_1_315' title='bbox 543 3730 604 3786; x_wconf 85' lang='lat' dir='ltr'><em>V</em></span> <span class='ocrx_word' id='word_1_316' title='bbox 598 3726 677 3785; x_wconf 65' lang='grc' dir='ltr'><strong>ἐπ’</strong></span> <span class='ocrx_word' id='word_1_317' title='bbox 730 3738 792 3786; x_wconf 83' lang='lat' dir='ltr'><strong>tu</strong></span> <span class='ocrx_word' id='word_1_318' title='bbox 830 3730 1099 3806; x_wconf 81' lang='lat' dir='ltr'><strong>gaudere</strong></span> <span class='ocrx_word' id='word_1_319' title='bbox 1143 3730 1413 3789; x_wconf 62' lang='lat' dir='ltr'><strong>relictis?</strong></span> <span class='ocrx_word' id='word_1_320' title='bbox 1480 3729 1584 3788; x_wconf 91' lang='lat' dir='ltr'><strong>Vis</strong></span> <span class='ocrx_word' id='word_1_321' title='bbox 1631 3729 1799 3787; x_wconf 89' lang='lat' dir='ltr'><strong>etiam</strong></span> <span class='ocrx_word' id='word_1_322' title='bbox 1841 3738 1900 3787; x_wconf 91' lang='lat' dir='ltr'><strong>tn</strong></span> <span class='ocrx_word' id='word_1_323' title='bbox 1945 3729 2124 3807; x_wconf 82' lang='lat' dir='ltr'><strong>gratis</strong></span> <span class='ocrx_word' id='word_1_324' title='bbox 2169 3728 2471 3804; x_wconf 88' lang='lat' dir='ltr'><strong>accipere,</strong></span> <span class='ocrx_word' id='word_1_325' title='bbox 2521 3736 2582 3786; x_wconf 89' lang='lat' dir='ltr'><strong>et</strong></span> 
     </span>
     <span class='ocr_line' id='line_1_40' title="bbox 536 3809 1618 3894; baseline 0.002 -24"><span class='ocrx_word' id='word_1_326' title='bbox 536 3809 788 3891; x_wconf 83' lang='lat' dir='ltr'><strong>gaudere</strong></span> <span class='ocrx_word' id='word_1_327' title='bbox 819 3812 891 3871; x_wconf 89' lang='lat' dir='ltr'><strong>ad</strong></span> <span class='ocrx_word' id='word_1_328' title='bbox 921 3833 1026 3886; x_wconf 87' lang='lat' dir='ltr'><strong>ea,</strong></span> <span class='ocrx_word' id='word_1_329' title='bbox 1057 3834 1200 3894; x_wconf 85' lang='lat' dir='ltr'><strong>quae</strong></span> <span class='ocrx_word' id='word_1_330' title='bbox 1232 3814 1330 3872; x_wconf 90' lang='lat' dir='ltr'><strong>tibi</strong></span> <span class='ocrx_word' id='word_1_331' title='bbox 1361 3812 1618 3873; x_wconf 80' lang='lat' dir='ltr'><strong>dimitto?</strong></span> 
     </span>
    </p>
   </div>
   <div class='ocr_carea' id='block_1_3' title="bbox 543 3929 2584 4068">
    <p class='ocr_par' dir='ltr' id='par_1_10' title="bbox 543 3929 2584 4068">
     <span class='ocr_line' id='line_1_41' title="bbox 543 3929 2584 3998; baseline -0.001 -15"><span class='ocrx_word' id='word_1_332' title='bbox 543 3931 568 3983; x_wconf 80' lang='lat'><em>1</em></span> <span class='ocrx_word' id='word_1_333' title='bbox 609 3929 685 3981; x_wconf 70' lang='lat' dir='ltr'><strong>lta</strong></span> <span class='ocrx_word' id='word_1_334' title='bbox 721 3931 853 3998; x_wconf 73' lang='lat' dir='ltr'><strong>apud</strong></span> <span class='ocrx_word' id='word_1_335' title='bbox 888 3930 1034 3982; x_wconf 82' lang='lat' dir='ltr'><strong>Fest.</strong></span> <span class='ocrx_word' id='word_1_336' title='bbox 1074 3947 1118 3982; x_wconf 85' lang='lat' dir='ltr'><strong>s.</strong></span> <span class='ocrx_word' id='word_1_337' title='bbox 1158 3948 1210 3983; x_wconf 84' lang='lat' dir='ltr'><strong>v.</strong></span> <span class='ocrx_word' id='word_1_338' title='bbox 1264 3931 1484 3983; x_wconf 73' lang='lat' dir='ltr'><strong>Manius</strong></span> <span class='ocrx_word' id='word_1_339' title='bbox 1533 3931 1744 3982; x_wconf 86' lang='lat' dir='ltr'><strong>Sinnius</strong></span> <span class='ocrx_word' id='word_1_340' title='bbox 1793 3930 2006 3998; x_wconf 77' lang='lat' dir='ltr'><strong>Capito,</strong></span> <span class='ocrx_word' id='word_1_341' title='bbox 2059 3930 2145 3996; x_wconf 86' lang='lat' dir='ltr'><strong>qni</strong></span> <span class='ocrx_word' id='word_1_342' title='bbox 2193 3931 2271 3981; x_wconf 77' lang='lat' dir='ltr'><strong>ait</strong></span> <span class='ocrx_word' id='word_1_343' title='bbox 2307 3936 2489 3997; x_wconf 80' lang='lat' dir='ltr'><strong>turpes</strong></span> <span class='ocrx_word' id='word_1_344' title='bbox 2527 3938 2584 3981; x_wconf 85' lang='lat' dir='ltr'><strong>et</strong></span> 
     </span>
     <span class='ocr_line' id='line_1_42' title="bbox 610 3998 2581 4068; baseline 0.002 -20"><span class='ocrx_word' id='word_1_345' title='bbox 610 3998 862 4051; x_wconf 74' lang='lat' dir='ltr'><strong>deformes</strong></span> <span class='ocrx_word' id='word_1_346' title='bbox 910 4004 1118 4063; x_wconf 77' lang='lat' dir='ltr'><strong>vocari,</strong></span> <span class='ocrx_word' id='word_1_347' title='bbox 1170 4001 1256 4068; x_wconf 84' lang='lat' dir='ltr'><strong>qui</strong></span> <span class='ocrx_word' id='word_1_348' title='bbox 1307 4003 1508 4052; x_wconf 74' lang='lat' dir='ltr'><strong>maniae</strong></span> <span class='ocrx_word' id='word_1_349' title='bbox 1558 4002 1804 4052; x_wconf 87' lang='lat' dir='ltr'><strong>dicuntur</strong></span> <span class='ocrx_word' id='word_1_350' title='bbox 1852 3999 2103 4051; x_wconf 77' lang='lat' dir='ltr'><strong>deformes</strong></span> <span class='ocrx_word' id='word_1_351' title='bbox 2151 4015 2414 4068; x_wconf 77' lang='lat' dir='ltr'><strong>personae.</strong></span> <span class='ocrx_word' id='word_1_352' title='bbox 2493 3999 2581 4052; x_wconf 79' lang='lat' dir='ltr'><strong>cf.</strong></span> 
     </span>
    </p>
   </div>
   <div class='ocr_carea' id='block_1_4' title="bbox 539 4066 2147 4206">
    <p class='ocr_par' dir='ltr' id='par_1_11' title="bbox 539 4066 2147 4206">
     <span class='ocr_line' id='line_1_43' title="bbox 608 4066 2147 4136; baseline 0.001 -19"><span class='ocrx_word' id='word_1_353' title='bbox 608 4066 752 4120; x_wconf 81' lang='lat' dir='ltr'><strong>Fest.</strong></span> <span class='ocrx_word' id='word_1_354' title='bbox 793 4084 838 4120; x_wconf 84' lang='lat' dir='ltr'><strong>s.</strong></span> <span class='ocrx_word' id='word_1_355' title='bbox 878 4084 931 4119; x_wconf 74' lang='lat' dir='ltr'><strong>v.</strong></span> <span class='ocrx_word' id='word_1_356' title='bbox 971 4071 1204 4131; x_wconf 82' lang='lat' dir='ltr'><strong>maniae,</strong></span> <span class='ocrx_word' id='word_1_357' title='bbox 1240 4069 1450 4136; x_wconf 65' lang='lat' dir='ltr'><strong>Mulier,</strong></span> <span class='ocrx_word' id='word_1_358' title='bbox 1487 4069 1704 4122; x_wconf 82' lang='lat' dir='ltr'><strong>Etrusk.</strong></span> <span class='ocrx_word' id='word_1_359' title='bbox 1746 4069 1789 4121; x_wconf 88' lang='lat'><strong>11</strong></span> <span class='ocrx_word' id='word_1_360' title='bbox 1827 4085 1875 4135; x_wconf 89' lang='lat' dir='ltr'><strong>p.</strong></span> <span class='ocrx_word' id='word_1_361' title='bbox 1917 4069 2011 4122; x_wconf 85' lang='lat'><strong>101</strong></span> <span class='ocrx_word' id='word_1_362' title='bbox 2036 4084 2147 4135; x_wconf 86' lang='lat' dir='ltr'><strong>sqq.</strong></span> 
     </span>
     <span class='ocr_line' id='line_1_44' title="bbox 539 4137 999 4206; baseline -0.015 -12"><span class='ocrx_word' id='word_1_363' title='bbox 539 4139 577 4194; x_wconf 76' lang='lat'>2</span> <span class='ocrx_word' id='word_1_364' title='bbox 611 4137 822 4206; x_wconf 63' lang='grc' dir='ltr'><strong>ἰητρῶν.</strong></span> <span class='ocrx_word' id='word_1_365' title='bbox 861 4137 999 4190; x_wconf 85' lang='lat' dir='ltr'><strong>Pitb.</strong></span> 
     </span>
    </p>
   </div>
  </div>
 </body>
</html>
