2764 4738
513 410 647 481 35⁰
992 414 1255 478 SCHOL.
1300 415 1407 476 AD
1454 412 1617 477 SAT.
1653 415 1755 491 vl,
1794 420 2095 482 76—80.

519 585 681 648 derio
725 587 942 647 atterit.
1006 585 1122 648 Aut
1161 597 1355 648 certe:
1404 587 1681 648 Periculis
1723 586 1907 647 obiice
1951 597 2008 647 te
2054 587 2195 648 lucri
2236 607 2411 647 causa
2427 631 2445 661 ,
2501 600 2567 649 nt

518 671 865 753 gladiatores
924 674 1170 743 faciunt,
1229 675 1324 753 qui
1379 671 1567 733 studio
1625 671 1880 732 lucrandi
1940 674 2155 733 animas
2211 693 2344 733 suas
2391 677 2563 734 morti

519 769 824 838 opponunt.
995 759 1274 818 Mer-care
1291 802 1308 829 ,
1357 770 1539 839 atque
1568 768 1781 817 excute
1806 759 2041 818 sollers.
2095 758 2308 818 Mercis
2338 771 2563 819 mutan·

517 844 626 905 dae
655 846 842 923 gratia
857 887 874 916 ,
904 862 974 902 ac
1004 845 1278 923 pecuniae
1311 842 1734 923 complicandae
1749 885 1768 915 ,
1813 845 2111 904 universos
2141 843 2327 904 mundi
2357 865 2561 905 reces-

518 951 616 990 sos
645 947 951 1010 percurre:
985 948 1056 989 ue
1088 930 1162 988 sit
1192 940 1248 989 te
1279 941 1656 991 mercatorum
1686 930 1810 1008 quis
1842 927 2030 989 ditior.

690 1020 793 1077 77.
872 1015 1259 1093 Cappadocas
1357 1017 1559 1095 rigida
1638 1017 1916 1094 pingues.
2016 1014 2043 1042 ⁴¹
2063 1014 2109 1073 G
2128 1015 2144 1074 l
2161 1013 2239 1074 ad
2253 1018 2270 1074 i
2286 1035 2320 1074 a
2337 1026 2361 1074 t
2376 1036 2411 1074 o
2426 1035 2459 1075 r
2473 1036 2509 1076 e
2526 1037 2558 1076 s

519 1101 942 1180 significat.
1010 1098 1180 1158 Nam
1243 1100 1434 1179 apud
1490 1102 1644 1159 anti
1666 1120 1841 1180 quos
1898 1096 2380 1178 gladiatores
2435 1121 2556 1161 ve·-

518 1187 739 1246 uales
794 1187 863 1244 in
926 1191 1223 1245 catasta
1280 1185 1789 1264 ponebantur,
1849 1187 2033 1244 utin
2079 1187 2189 1247 eis
2232 1198 2560 1265 possent

518 1273 753 1331 omnia
807 1269 1120 1330 memhra
1176 1273 1551 1349 conspici.
1631 1269 1770 1330 Vel
1832 1270 1999 1350 quia
2057 1269 2557 1352 Cappadoces

519 1355 969 1417 dicerentur
1036 1355 1315 1415 habere
1389 1354 1699 1415 studium
1773 1356 2124 1416 naturale
2203 1354 2292 1416 ad
2364 1357 2557 1417 falsa
2648 1409 2665 1426 ,

517 1443 954 1504 testimonia
996 1438 1486 1519 proferenda,
1545 1443 1656 1521 qni
1701 1442 1972 1500 nutriti
2018 1462 2054 1501 a
2095 1443 2436 1521 pueritia
2482 1444 2557 1502 in

516 1527 919 1588 tormentis
978 1527 1369 1606 equuleum
1424 1525 1572 1587 silai
1628 1527 1888 1586 facere
1945 1524 2322 1599 dicuntur,
2366 1538 2442 1586 ut
2484 1530 2555 1587 in

518 1632 605 1673 eo
647 1613 1090 1672 seinvicem
1133 1622 1614 1691 torquerent,
1670 1621 1745 1670 et
1800 1630 1953 1671 cum
1997 1612 2067 1670 in
2113 1632 2355 1690 poena
2393 1633 2555 1692 per-

517 1694 920 1769 durarent,
992 1695 1075 1756 ad
1142 1697 1341 1755 falsa
1413 1697 1852 1757 testimonia
1907 1716 1987 1756 se
2039 1697 2228 1759 bene
2288 1718 2555 1758 venun-

516 1781 787 1843 darent
821 1789 862 1841 ¹.
934 1781 1256 1860 Legitur
1313 1793 1388 1842 et
1432 1783 1879 1863 plausisse,
1943 1784 2283 1862 quoniam
2336 1803 2554 1844 vena·-

515 1869 630 1929 les
691 1880 1087 1949 antequam
1159 1868 1226 1927 iu
1290 1878 1594 1928 catasta
1659 1868 2168 1946 imponantur,
2242 1879 2552 1929 cantant

515 1956 851 2014 universi
895 1954 1193 2031 pariter
1235 1974 1432 2013 more
1477 1954 1726 2031 gentis
1772 1952 2015 2013 snam*

684 2044 786 2102 78.
832 2040 989 2098 Feci.
1047 2040 1176 2098 Iam
1224 2040 1468 2118 triplex.
1538 2037 1711 2110 Feci,
1757 2048 1818 2098 et
1860 2058 1981 2098 rem
2026 2058 2205 2099 meam
2249 2037 2550 2119 duplicavi,

513 2126 622 2185 iam
666 2125 720 2182 in
766 2124 966 2202 triplo,
1009 2125 1120 2183 iam
1160 2125 1217 2183 in
1260 2123 1594 2205 quadruplo.
1664 2122 1821 2183 Ecce
1866 2126 1975 2183 iam
2018 2122 2226 2205 duplex
2272 2127 2407 2185 mihi
2451 2146 2549 2186 res

513 2209 807 2270 familiaris
838 2210 994 2268 facta
1027 2220 1137 2268 est.

683 2298 787 2358 79.
830 2296 901 2353 In
954 2313 1166 2373 rugam
1219 2289 1627 2379 ἀλληγορικῶς
1672 2292 1810 2353 dixit
1852 2312 1887 2354 a
1930 2294 2217 2368 vcstilms,
2275 2293 2422 2376 quod
2474 2293 2549 2355 ad

510 2400 706 2460 rugam
747 2381 1049 2460 plicentur.
1099 2442 1112 2454 ,
1223 2383 1532 2459 Depz'ngc,
1584 2381 1957 2454 abise'stam3
2009 2380 2068 2440 id
2097 2391 2216 2441 est:
2247 2401 2396 2461 pone
2427 2401 2550 2441 mo·

512 2465 642 2527 dum
688 2469 744 2525 in
785 2477 1074 2527 cremento
1120 2464 1503 2539 substantiae,
1558 2477 1619 2526 et
1660 2462 1785 2539 dic,
1841 2485 2132 2548 quousque
2177 2468 2548 2528 substantiam

510 2572 581 2613 au
626 2571 771 2612 eam.

584 2572 625 2631 g
681 2641 783 2700 80.
828 2638 1110 2697 Inventus
1167 2638 1521 2715 Chrysippe.
1600 2631 2147 2717 *Chrysippus,
2206 2638 2547 2718 philoso-

509 2723 690 2803 phus
763 2721 1121 2794 Stoicus,
1194 2723 1714 2802 syllogismum
1792 2720 2169 2805 σωρίτην*
2226 2727 2415 2804 posuit
2486 2735 2548 2784 et

508 2809 879 2878 *vocavit,
923 2827 1121 2889 quem
1164 2826 1300 2885 per
1345 2807 1849 2869 adiectionem
1890 2817 1962 2867 et
2005 2806 2545 2869 detractionem

508 2915 598 2955 ex
674 2894 938 2954 acervi
1012 2893 1489 2952 frumentarii
1561 2890 2070 2953 similitudine
2134 2893 2547 2953 ostendit*

505 2979 661 3059 Ergo
691 2990 861 3059 poeta
891 2979 999 3038 hoc
1030 2975 1194 3037 dicit:
1227 2977 1729 3057 Quantumcunque
1757 2996 1931 3035 avaro
1962 2977 2301 3038 abundantia
2332 2978 2546 3039 crescit

506 3065 891 3136 substantiae,
934 3083 1046 3122 non
1085 3065 1359 3135 satiatur,
1406 3073 1466 3123 et
1504 3064 1586 3123 sic
1630 3065 1687 3121 in
1727 3063 1996 3121 inlinitum
2037 3062 2357 3144 cupiditatis
2389 3063 2544 3124 desi-

505 3150 721 3212 derium
768 3146 1054 3221 extendit,
1100 3159 1193 3221 ut,
1235 3151 1327 3229 qui
1359 3150 1417 3209 ei
1457 3149 1729 3207 avaritiae
1760 3148 1923 3207 finem
1953 3149 2199 3209 voluerit
2227 3152 2542 3231 imponere,

506 3237 677 3297 facile
706 3234 969 3296 videatur
998 3235 1168 3295 etiam
1200 3235 1570 3315 syllogismon
1602 3232 1906 3316 Chrysippi
1935 3231 2201 3294 diffinire.

505 3423 531 3477 1
572 3419 712 3473 Haec
747 3418 1056 3488 explicatio,
1091 3434 1243 3487 qnam
1279 3418 1549 3486 adoptavit
1581 3416 1654 3470 lo.
1693 3418 1846 3472 Voss.
1885 3421 1949 3471 ad
1988 3419 2183 3472 Catull-
2221 3435 2273 3487 p.
2301 3419 2388 3483 34,
2426 3426 2544 3472 orta

570 3497 653 3542 est
700 3504 766 3540 ex
811 3504 971 3556 prava
1019 3488 1449 3557 interpretatione
1493 3503 1548 3538 v.
1598 3492 1850 3551 catasta,
1908 3489 2039 3555 quod
2087 3490 2331 3541 tormenti
2378 3504 2543 3554 genus

570 3559 886 3623 significavit
933 3559 1220 3610 acrioribus
1265 3557 1615 3625 temporibus,
1664 3573 1729 3608 ex
1772 3566 1908 3609 mart
1946 3573 2055 3609 rum
2088 3558 2305 3610 historia
2343 3567 2537 3610 notun.

571 3627 655 3680 Cl.
694 3626 943 3679 Prudent.
983 3627 1266 3694 Peristepb.
1307 3625 1347 3690 l,
1389 3628 1473 3680 56.
1512 3625 1577 3688 u,
1616 3626 1737 3679 39⁹.
1776 3624 1865 3687 Vl,
1939 3628 1989 3678 3.
2028 3625 2104 3690 X,
2142 3628 2265 3679 ⁴67.
2320 3625 2391 3677 Pa
2428 3628 2539 3678 iasa

571 3696 886 3758 „Catasta‚
932 3711 1094 3761 genus
1129 3696 1406 3757 tormenti,
1457 3693 1674 3762 equuleo
1709 3695 1956 3758 simile;“
1999 3711 2131 3762 quae
2168 3697 2360 3761 repetit
2419 3713 2469 3747 o.
2509 3711 2541 3748 a

567 3764 745 3817 lanua.
821 3764 1166 3832 Cappadoces
1213 3772 1385 3815 antem
1432 3764 1614 3815 famosi
1651 3769 1833 3824 erant,
1888 3764 1951 3815 ob
1987 3765 2172 3816 malam
2207 3765 2357 3816 fldem
2391 3780 2545 3832 prae-

568 3836 750 3886 sertim
797 3834 890 3899 (ef.
927 3836 1086 3886 Antb.
1125 3833 1237 3885 Pal.
1275 3832 1372 3894 xl,
1412 3832 1535 3889 2³7.
1572 3832 1729 3897 238),
1775 3848 1832 3885 v.
1879 3833 2061 3886 Inveu.
2097 3832 2211 3900 Vll,
2252 3834 2338 3896 15,
2389 3849 2541 3901 quem

566 3917 650 3954 vs.
654 3918 751 4024 ¹1ex
787 3903 881 3953 hoc
913 3902 1110 3956 scholio
1143 3902 1412 3956 confictum
1445 3908 1696 3968 putarunt
1731 3901 1973 3969 Pinzger.
1997 3903 2061 3955 de
2084 3918 2192 3954 vss.
2219 3918 2360 3970 spur.
2391 3919 2444 3971 p.
2473 3902 2542 3957 to

567 3977 623 4024 et
703 3971 1009 4025 einrichins.
