2764 4738
493 421 621 490 318
952 420 1218 483 Senot..
1260 421 1368 483 An
1417 421 1585 486 SAT.
1631 423 1732 499 lv,
1760 425 2069 488 49—52.

663 596 767 658 49.
809 594 1029 653 Puteal
1053 594 1212 653 vicus
1243 604 1335 653 cst
1362 589 1511 671 apud
1542 591 1773 665 urbem,
1816 593 1908 654 nbi
1942 596 2341 655 foeneratores
2372 592 2539 657 debi-

493 680 710 741 toribus
754 681 1049 757 pecuniam
1094 677 1428 738 credebant.
1485 679 1705 736 Puteal
1743 692 1930 739 autem
1973 680 2178 740 dictum
2211 692 2334 753 est,
2382 680 2540 762 quod

490 769 565 826 ibi
597 764 822 825 debitor
850 764 1120 824 creditori
1164 762 1303 822 dans
1334 765 1484 823 bona
1515 783 1652 834 sua,
1698 776 1955 845 tanquam
1988 768 2041 824 in
2074 776 2300 845 puteum
2332 770 2541 827 mittat.

495 856 556 913 V
551 853 728 911 ibices
758 849 898 909 dixit
926 851 1227 909 cicatrices
1258 844 1701 930 ἀλληγορικῶς,
1749 850 1896 931 quod
1942 851 2342 911 foeneratores
2373 852 2541 912 debi-
2542 911 2551 918 ,

492 938 707 997 toribus
741 937 858 994 suis
910 954 1112 994 usuras
1157 937 1491 992 innovantes
1539 944 1797 1013 tanquam
1843 936 2133 996 vulnerum
2177 939 2232 995 in
2264 939 2349 997 eis
2379 939 2540 997 cica-

493 1025 668 1083 trices
712 1023 988 1099 aperiant.
1158 1020 1471 1096 Flagellas
1512 1016 1683 1091 dixit,
1724 1019 1783 1078 id
1823 1033 1915 1081 est
1956 1020 2028 1079 ad
2059 1021 2395 1100 exigendum
2430 1043 2539 1082 eos

493 1126 837 1168 commoves.
897 1107 1052 1165 Haec
1082 1107 1265 1163 omnia
1297 1106 1554 1174 faciens,
1601 1106 1813 1166 frustra
1845 1109 2091 1186 opinioni
2121 1109 2212 1166 vel
2244 1109 2541 1168 existima-

490 1195 629 1254 tioni
677 1192 882 1272 popelli
927 1189 1188 1251 credulas
1235 1209 1406 1248 aures
1451 1190 1866 1250 accommodas.
1927 1192 2073 1266 Quid
2120 1195 2264 1253 enim
2311 1192 2382 1253 ad
2414 1213 2540 1254 rem

491 1282 772 1359 pertinet,
821 1278 867 1335 si
911 1276 1134 1335 vitiosis
1179 1275 1430 1334 moribus
1475 1295 1661 1334 sumus
1707 1287 1768 1335 et
1810 1280 1933 1336 sine
1981 1280 2200 1338 ratione
2253 1297 2321 1338 ac
2369 1278 2542 1339 modo

493 1366 768 1425 vivimus?
839 1362 998 1421 Tunc
1044 1361 1247 1420 bonum
1293 1372 1385 1430 te,
1430 1362 1638 1439 inquit,
1693 1364 1850 1422 cives
1897 1361 2253 1435 iudicabunt,
2301 1365 2350 1423 si
2395 1385 2542 1424 con-

492 1462 714 1510 temnes
746 1449 1074 1526 pecuniam,
1121 1447 1448 1524 incorrupte
1489 1446 1721 1506 vixeris.
1780 1445 2391 1509 ⁸'F'oeneratores
2453 1448 2544 1509 ad

493 1534 750 1615 puteal
811 1532 1204 1593 Scribonii
1273 1530 1583 1590 Libonis
1626 1538 1680 1604 ¹,
1728 1532 1918 1613 quod
1960 1536 2184 1593 estin
2229 1537 2542 1613 porticu

491 1622 686 1681 Iulia
746 1616 831 1678 ad
889 1618 1277 1678 Fabianum
1339 1635 1584 1675 arcum
1635 1621 2065 1679 consistere
2109 1620 2544 1679 solebant.⁴¹

492 1706 710 1766 Puteal
747 1715 933 1763 autem
978 1701 1184 1762 dictum
1231 1714 1350 1773 est,
1394 1702 1447 1760 in
1494 1722 1601 1782 quo
1643 1703 2042 1763 foeneratores
2075 1702 2540 1768 deambulabant.

492 1792 601 1852 Est
629 1790 965 1869 hypallage,
1009 1787 1064 1847 id
1111 1798 1203 1847 est
1254 1807 1459 1846 sensus
1491 1791 1811 1848 conversio.
1872 1788 2000 1848 Non
2032 1791 2222 1868 puteal
2254 1792 2542 1869 flagellas,

494 1875 599 1936 sed
645 1873 970 1946 debitores,
1017 1874 1108 1954 qui
1154 1873 1251 1931 illo
1298 1874 1655 1932 conveniunt.
1828 1876 2026 1934 Multa
2057 1877 2282 1948 vibice,
2334 1875 2390 1934 id
2448 1889 2545 1938 est

494 1963 665 2022 multa
696 1972 756 2019 et
784 1961 942 2039 gravi
975 1978 1167 2018 usura.
1228 1956 1515 2036 Siquidem
1546 1969 1608 2016 ut
1636 1957 1885 2031 vibices,
1940 1960 2048 2019 boc
2095 1972 2188 2019 est
2238 1963 2543 2040 plagarum

493 2047 828 2116 cicatrices,
873 2041 1086 2104 faciunt
1116 2043 1367 2102 homines
1401 2042 1725 2115 recordari,
1768 2048 1846 2103 ita
1878 2065 2108 2116 usurae,
2140 2044 2397 2106 damnum
2436 2069 2541 2126 pa-

491 2132 736 2192 trimonii
795 2132 1111 2200 facientes,
1168 2139 1381 2207 cogunt
1441 2127 1767 2189 mendicare
1826 2127 2134 2190 debitores.
2329 2134 2543 2192 Vibice

477 2217 812 2301 flagellas,
846 2235 1078 2294 asperas
1110 2233 1312 2273 usuras
1345 2215 1641 2291 pecuniae.
1817 2216 2049 2274 V1⁸⁸baeces
2081 2227 2210 2275 sunt
2239 2217 2541 2296 plagarum

493 2317 741 2362 tumores
773 2321 840 2360 ac
873 2302 1064 2360 livoris
1093 2301 1356 2378 vestigia.
1422 2298 1534 2358 Vel
1565 2299 1805 2359 vi'btcem
1831 2299 2065 2361 dicimus
2096 2322 2277 2382 genus
2310 2303 2544 2363 arboris

493 2391 715 2459 lentae,
748 2387 894 2468 quod
924 2387 1122 2465 vulgus
1155 2386 1451 2445 bi'dumum
1482 2396 1670 2444 vocat.

665 2478 766 2536 51.
805 2475 1032 2553 Res-pue
1076 2474 1234 2551 quod
1266 2491 1380 2530 non
1426 2490 1524 2544 es,·
1580 2469 1636 2529 id
1678 2481 1798 2531 est.
1841 2491 2051 2551 respue
2097 2471 2351 2532 laudibus
2382 2476 2544 2554 capi,

493 2580 632 2640 quas
678 2560 733 2618 in
779 2570 835 2617 te
882 2579 989 2617 non
1035 2557 1213 2616 habes
1258 2576 1365 2615 nec
1410 2557 1699 2633 agnoscis.
1881 2559 2075 2617 Tollat
2132 2578 2244 2617 sua
2287 2578 2543 2619 munera

493 2647 703 2716 cerdo,
754 2643 1110 2703 adulationis.
1182 2641 1468 2701 Barbarus
1513 2642 1642 2713 ille,
1700 2643 1991 2721 imperitus
2041 2645 2237 2702 nescio
2282 2646 2407 2725 quis
2467 2667 2545 2705 ex

490 2731 730 2811 populo,
763 2730 868 2788 sibi
900 2729 1140 2799 babeat,
1174 2747 1283 2807 quo
1319 2737 1375 2785 te
1408 2706 1634 2797 laudat·
1680 2739 1778 2785 aut
1806 2747 1948 2787 unus
1981 2749 2056 2788 ex
2084 2730 2318 2800 vicinis,
2365 2751 2542 2810 quem

490 2817 823 2897 alloquitur,
868 2814 1040 2873 habet
1069 2814 1272 2872 salsum
1304 2813 1702 2870 testimonium.
1777 2812 1890 2871 Per
1920 2816 2224 2873 cerdonem
2254 2815 2541 2894 plebeiam

490 2902 708 2960 turbam
741 2901 1040 2978 significat.
1085 2896 1219 2958 Ideo
1251 2899 1427 2955 cerdo
1459 2898 1694 2976 populus
1726 2896 1908 2957 dictus
1956 2894 2074 2958 ἀπὸ
2096 2901 2206 2959 τοῦ
2250 2898 2536 2981 κέρδους.

489 2986 634 3046 Nam
670 2984 884 3065 κέρδος
916 2987 1143 3044 lucrum
1173 2981 1381 3041 dicitur
1403 2987 1447 3041 ².

664 3076 764 3133 52.
818 3073 1024 3129 Tecum
1064 3069 1304 3142 leub2⁸ta3
1349 3066 1406 3125 id
1452 3077 1575 3138 est,
1618 3065 1764 3146 qnod
1808 3088 1974 3127 nemo
2006 3072 2218 3147 magis,
2265 3067 2395 3149 quid
2432 3072 2539 3141 sis,

490 3158 639 3216 scire
671 3166 891 3233 potest,
923 3175 1084 3235 quam
1117 3164 1208 3223 ιιι,
1242 3155 1333 3232 qui
1365 3154 1626 3211 conscius
1659 3173 1722 3212 es
1756 3156 1856 3212 tui.
2020 3157 2096 3214 Ul
2124 3157 2322 3225 nortis,
2359 3176 2539 3233 quam

488 3244 575 3302 stt
614 3243 727 3301 u‘ln
764 3251 938 3301 curta
979 3241 1291 3319 supelleae3
1344 3238 1452 3297 boc
1498 3248 1624 3309 est,
1671 3259 1832 3318 quam
1877 3240 2045 3299 multa
2076 3241 2173 3299 tibi
2205 3239 2426 3312 desint,
2475 3253 2541 3300 ιιι

491 3330 569 3386 sis
599 3329 686 3386 vir
715 3329 1006 3407 egregius.
1066 3325 1389 3385 Translatio
1421 3323 1491 3383 ab
1523 3335 1765 3402 angusta
1794 3343 1859 3383 re
1892 3325 2151 3385 familiari
2184 3324 2302 3384 ad’
2286 3329 2537 3406 inopiam

488 3415 773 3473 virtutum.

492 3598 514 3650 1
559 3595 807 3647 Scn'ibon
794 3556 1057 3646 ⁸⁸Liei‘mae‘
1073 3594 1215 3659 vulg.
1244 3593 1459 3646 Emend.
1488 3593 1659 3647 Erem.
1697 3593 1843 3647 Reiz.
1872 3594 2141 3648 weichcrt
2165 3596 2227 3647 de
2252 3595 2314 3661 Q.
2344 3595 2530 3648 Horat.

488 3736 523 3789 2
557 3681 668 3785 Eli?
680 3666 864 3786 81:0¹¹ae
896 3733 1007 3785 luv.
1045 3729 1135 3797 lv,
1179 3733 1311 3786 153:
