2764 4738
762 400 767 408 ’
852 435 1571 500 PROLEGOMENA.
2109 461 2232 502 m

171 606 327 689 agit,
364 606 487 670 ullo
516 605 700 670 modo
730 607 1060 672 coniuncta
1091 627 1230 673 esse
1264 604 1529 672 videtur.
1583 604 1665 670 Et
1694 609 1937 672 omnino
1967 610 2028 672 in
2065 609 2230 675 hisce

171 708 375 773 trihus
419 708 663 787 satiris,
722 711 879 792 quod
924 710 996 774 ad
1044 709 1293 773 amicum
1337 707 1508 772 initio
1554 709 1853 793 loquitur,
1901 712 1958 776 id
2007 714 2230 779 nullam

171 811 297 874 vim
359 821 618 875 exercet
676 811 739 875 in
796 813 1095 877 rationem
1152 810 1548 895 modumque,
1622 832 1739 895 quo
1811 826 2230 896 argumentum

172 923 447 986 tractat,
493 914 602 978 sed
647 924 929 998 tanquam
970 915 1261 998 quaedam
1309 898 1607 999 praelatio
1651 915 2034 1000 disputationi
2065 918 2128 980 in
2160 937 2229 983 se

169 1014 498 1080 absolutae
527 1017 935 1099 praemittitur
971 1025 1017 1079 ¹.
1088 1015 1303 1087 Tertia
1335 1037 1570 1100 quoque
1601 1018 1784 1081 satira
1809 1061 1828 1095 ,
1877 1040 2230 1102 quamquam

170 1117 296 1180 tale
347 1129 770 1200 argumentum
826 1119 1050 1197 hahet,
1112 1118 1267 1202 quod
1325 1119 1505 1184 latius
1564 1121 1625 1182 in
1690 1121 1966 1186 diversas
2024 1133 2230 1205 partes

171 1219 434 1304 evagari
477 1218 640 1283 sinat
680 1231 914 1304 poetam
960 1231 1025 1286 et
1061 1226 1325 1299 :saturae
1382 1220 1646 1304 speciem
1710 1222 2040 1302 exhibeat,
2088 1245 2226 1309 pro-

172 1321 343 1385 lecto
373 1332 574 1385 tamen
607 1341 781 1405 quam
815 1322 1074 1387 maxime
1108 1334 1202 1387 est
1232 1344 1315 1386 ox
1361 1321 1692 1389 stoicorum
1739 1324 2047 1409 disciplina
2068 1370 2087 1404 ,
2135 1327 2228 1389 in·

171 1423 375 1506 deque
420 1422 723 1487 hominum
765 1424 1054 1489 desidiam
1097 1435 1308 1501 taxat,
1357 1446 1511 1507 qua,
1561 1445 1692 1490 cum
1737 1446 1848 1490 sua
1893 1427 2037 1491 vitia
2070 1426 2230 1492 haud

172 1527 504 1609 ignorent,
552 1526 883 1610 meliusque
928 1528 1223 1610 quoddam
1273 1527 1646 1608 sequendum
1694 1547 1830 1593 esse
1861 1529 2226 1613 intelligant,

174 1637 384 1690 tamen
432 1627 733 1692 deteriora
781 1630 1220 1714 amplectantur
1261 1630 1659 1715 propriosque
1706 1631 1978 1695 defectus
2024 1626 2229 1695 emen·

177 1729 327 1793 dare
360 1730 698 1814 negligant.
748 1732 947 1813 Atque
977 1729 1129 1796 haec
1158 1742 1513 1815 argumenta
1545 1729 1832 1807 Persius„
1872 1753 2227 1816 quamquam

178 1851 251 1895 ea
284 1852 354 1896 re
383 1832 695 1895 satiricum
726 1851 794 1896 se
824 1834 1134 1916 professus
1166 1843 1296 1913 est,
1329 1835 1487 1916 quod
1520 1832 1663 1898 vitia
1694 1834 1892 1916 potius
1923 1835 2229 1898 hominum

176 1944 241 1997 et
270 1934 737 2018 perversitatem
768 1933 1213 2012 insectaretur,
1263 1956 1437 2019 quam
1467 1935 1820 2020 simpliciter
1850 1956 2059 2000 verum
2092 1936 2230 2020 quid

176 2035 261 2099 sit
298 2036 587 2115 doceret,
632 2035 714 2099 ita
759 2036 1083 2115 tractavit,
1129 2048 1197 2101 ut
1239 2036 1387 2103 talia
1435 2033 1628 2102 Stoici
1658 2038 1722 2100 in
1753 2036 1977 2101 scholis
2008 2047 2228 2102 tracta-

180 2137 327 2203 bant
359 2146 405 2199 2.
481 2136 567 2203 Hi
612 2137 771 2203 enim
827 2138 901 2202 ad
945 2139 1197 2204 ethicam
1239 2138 1501 2204 maxime
1544 2138 1953 2225 philosophiae
1998 2148 2228 2224 partem

187 2327 206 2379 l
250 2327 486 2380 Praeivit
537 2326 672 2378 hunc
720 2328 914 2380 amicos
962 2327 1253 2394 alloquendi
1303 2342 1492 2380 morem
1545 2327 1700 2379 etium
1748 2325 2017 2386 Lucilius,
2078 2337 2228 2391 quem

252 2405 460 2464 praeter
506 2397 826 2448 Albinum
876 2396 1032 2449 ctiam
1092 2397 1351 2448 Aelium
1409 2397 1742 2448 Stilonem
1792 2403 1845 2447 et
1904 2393 2227 2446 Fundium

249 2466 531 2517 allocutum
589 2481 701 2516 esse
761 2473 965 2516 constat
1019 2466 1094 2528 (v.
1151 2465 1439 2517 Heusde·l.
1490 2465 1527 2517 l.
1583 2482 1633 2533 p.
1685 2463 1829 2527 255).
1907 2462 1982 2515 De
2017 2463 2229 2515 Horatio

250 2550 335 2585 res
388 2543 531 2585 nota.
595 2533 853 2601 Epistolas
890 2536 1042 2585 hasce
1088 2534 1251 2586 Persii
1303 2536 1495 2585 satiras
1544 2535 1713 2600 potius
1764 2532 2011 2584 nominari
2061 2531 2231 2582 voluit

252 2603 626 2667 casaubonus,
698 2605 865 2654 vetuit
910 2602 1350 2667 Morgenstcrnius
1398 2603 1483 2668 (de
1542 2609 1644 2655 sut.
1695 2608 1852 2669 atque
1897 2602 2050 2670 epist.
2103 2600 2227 2652 Hor.

252 2672 414 2723 diser.
451 2688 504 2740 p.
546 2673 611 2726 52
636 2672 758 2738 sq.)‚

181 2757 218 2810 2
252 2756 385 2823 Quid
422 2757 555 2824 quod
593 2758 773 2808 stoicis
811 2757 1030 2808 ethicam
1065 2755 1349 2812 doctrinam
1375 2756 1614 2809 versibus
1646 2754 2070 2823 comprehendere
2094 2754 2229 2805 haud

252 2827 518 2878 insolitum
554 2826 688 2890 suit3
740 2843 792 2878 v.
830 2842 959 2894 quae
994 2826 1278 2893 composuit
1310 2825 1601 2878 Meinckius
1638 2825 1785 2890 (hist.
1839 2840 1914 2876 cr.
1963 2839 2093 2874 com.
2146 2838 2227 2886 gr.

253 2894 419 2963 praef.
460 2913 513 2962 p.
552 2894 629 2947 lx
653 2897 814 2962 sqq.).
877 2894 1028 2946 Talia
1079 2896 1200 2961 quin
1251 2894 1303 2944 in
1341 2894 1573 2947 Persium
1609 2896 1711 2944 vim
1747 2893 2002 2959 quandam
2038 2889 2231 2943 hahue-

252 2967 395 3023 riut.
445 2964 539 3014 vix
588 2965 778 3031 poterit
811 2963 1075 3026 dubitari,
1126 2979 1431 3030 quamquam
1478 2965 1577 3014 iam
1626 2963 1924 3013 accuratius
1976 2961 2039 3012 de
2074 2975 2133 3011 ea
2174 2976 2230 3011 re

255 3034 387 3084 nihil
436 3033 563 3085 lieet
606 3033 839 3084 delinire.
899 3033 1035 3084 Illud
1069 3048 1197 3083 vero
1231 3033 1674 3084 animadversione
1717 3031 1956 3095 dignum,
2009 3030 2141 3097 quod
2179 3031 2231 3080 hi

252 3118 450 3170 quoquc
488 3102 678 3166 dialogi
714 3101 878 3153 forma
915 3102 1119 3169 saepius
1157 3101 1239 3151 usi
1272 3108 1410 3153 suut.
1477 3101 1710 3152 Pertinet
1744 3100 1877 3150 enim
1915 3101 2007 3150 hoc
2041 3099 2105 3150 ad
2144 3113 2233 3148 ex·

252 3172 541 3238 plicandam
587 3171 820 3223 Persiani
866 3171 1057 3235 dialogi
1093 3171 1376 3232 rationem,
1433 3170 1495 3219 de
1532 3184 1632 3237 qua
1666 3167 1915 3219 Passovio
1951 3174 2231 3234 praeeunte

252 3242 429 3307 paucis
464 3241 752 3292 monuimus
789 3239 877 3306 (ad
915 3240 957 3303 1,
994 3241 1063 3293 44
1096 3255 1148 3306 p.
1175 3239 1284 3302 89).
1343 3238 1534 3304 Quodsi
1574 3240 1647 3288 ita
1684 3238 1941 3300 dialogum
1978 3237 2226 3294 instituit,

256 3318 313 3359 ut
347 3310 706 3360 adversarium
742 3311 841 3361 sihi
877 3310 1039 3373 lingat
1084 3324 1182 3359 aon
1228 3323 1375 3367 eum,
1433 3309 1517 3374 qui
1554 3314 1744 3358 certam
1793 3321 2057 3371 personam
2111 3312 2229 3368 agat

254 3378 610 3444 hominemque
635 3379 886 3443 quendam
914 3383 1302 3444 repraesentet,
1340 3376 1427 3427 sed
1454 3377 1540 3443 qui
1569 3376 1733 3426 omnia
1760 3390 1821 3425 ea
1841 3410 1856 3437 ‚
1893 3389 2230 3440 quaecunque

254 3447 550 3512 impugnat,
601 3447 1027 3512 comprehendat,
1077 3446 1246 3497 simile
1293 3446 1414 3511 quid
1464 3448 1515 3495 iu
1564 3446 1707 3495 hisce
1753 3444 1974 3507 dialogis
2008 3443 2229 3508 philoso-

254 3517 417 3582 phicis
445 3516 613 3566 locum
650 3516 893 3568 hahuisse
930 3516 1155 3566 videtur.
1199 3513 1374 3579 Neque
1401 3520 1570 3564 tamen
1595 3512 1948 3578 negligendum
1975 3518 2084 3574 est,
2121 3509 2231 3560 dia-

254 3584 470 3648 logieam
508 3583 723 3636 sormam
761 3584 1013 3652 propriam
1048 3598 1164 3635 esse
1198 3584 1398 3634 satirae
1432 3581 1688 3633 Romanae
1711 3618 1726 3644 ,
1776 3587 1830 3631 et
1880 3580 2015 3630 sicut
2065 3580 2230 3630 omnis

252 3652 361 3704 sere
398 3654 533 3720 apud
572 3668 661 3704 eos
698 3653 958 3721 popularis
992 3653 1160 3720 poesis
1195 3653 1399 3703 alterna
1435 3651 1641 3702 amabat
1683 3649 1776 3714 (οἳ.
1805 3648 2009 3711 Mueck,
2035 3649 2098 3700 dc
2125 3648 2228 3716 rat».

252 3722 409 3773 Atell.
445 3726 550 3788 μί
577 3725 701 3789 sq.)‚
743 3723 815 3773 ita
854 3737 975 3789 prae
1012 3722 1198 3773 ceteris
1232 3721 1432 3783 satira,
1473 3721 1602 3785 quod
1642 3719 1693 3768 in
1730 3718 1964 3770 omnihus
2002 3717 2231 3769 satiricis

255 3792 420 3857 poetis
456 3791 583 3841 licet
616 3791 915 3843 ohservare.
956 3790 1218 3843 Ennius
1256 3790 1398 3839 inter
1431 3788 1534 3839 alia
1573 3785 1806 3839 Mortis
1841 3795 1998 3853 atquc
2033 3785 2230 3839 Vitae

254 3858 566 3927 colloquium
601 3861 784 3912 satiris
820 3862 1042 3911 inseruit
1076 3857 1279 3924 (Quint.
1317 3856 1414 3919 lX,
1441 3857 1644 3922 2‚36),
1683 3856 1816 3921 quod
1851 3858 2089 3919 congruit
2117 3870 2228 3904 cum

258 3929 348 3979 illo
395 3928 763 3980 Cleanthis
811 3926 998 3994 Θυμοῦ
1048 3936 1101 3978 et
1150 3924 1438 3995 Λογισμοῦ
1487 3927 1688 3988 dialogo
1741 3924 1897 3992 (apud
1948 3923 2130 3975 Galen.
2168 3925 2231 3972 dc

259 3996 389 4048 Plat.
444 4003 499 4047 et
535 3997 687 4065 Hipp.
726 3997 746 4049 1
783 4015 832 4065 p.
875 3998 973 4050 1⁴⁰
1000 3997 1057 4047 B.
1116 3995 1341 4048 Meinek.
1380 3995 1420 4045 l.
1461 3995 1498 4046 l.
1539 4011 1586 4061 p.
1627 3992 1767 4056 xil).
1823 3993 2076 4045 Lucilium
2132 4007 2226 4042 non

256 4065 574 4117 abstinuisse
636 4067 840 4132 dialogo
889 4067 1134 4117 videntur
1180 4065 1470 4129 fragmenta
1534 4064 1923 4123 demonstrare;
1986 4061 2232 4112 Horatius

259 4142 309 4185 et
357 4133 621 4187 luvenalis
668 4142 863 4203 quauta
898 4149 1009 4186 eum
1057 4136 1300 4187 libertate
1350 4134 1447 4184 hac
1496 4132 1655 4184 forma
1714 4134 1794 4183 usi
1850 4134 1992 4193 sint,
2053 4137 2228 4197 patet;

317 4224 557 4267 msm.
1781 4219 1816 4259 Θ
