2764 4738
444 439 509 481 xv
1114 414 1834 480 PnoLEGoMENA.

444 587 547 672 qui
605 607 732 651 non
789 586 940 652 satis
1016 586 1191 653 firma
1256 588 1607 653 valetudine
1671 597 1969 665 utuntur,
2045 583 2514 651 saluberrimam

442 689 802 775 temperiem
841 696 889 750 ¹.
933 686 1158 774 Neque
1189 700 1287 755 est
1315 711 1428 758 eur
1469 710 1829 775 spernamus
1874 686 2034 772 quod
2077 690 2266 754 tradit
2304 690 2510 755 schol.

448 791 562 874 (ad
606 792 652 855 l.
703 791 821 871 1.),
884 788 1091 857 Persii
1148 802 1409 857 matrem
1472 802 1615 879 post
1668 793 2000 856 seeundum
2058 791 2519 856 matrimonium

445 895 571 960 illie
615 893 946 959 habitasse.
992 888 1342 959 volaterris
1384 894 1575 959 fuisse
1603 891 1859 961 Persios
1893 893 2117 958 docent
2164 893 2518 978 inscriptio-

447 1016 561 1061 nes
601 995 685 1060 ibi
731 1006 1015 1081 repertae
1036 1041 1056 1075 ,
1105 996 1262 1081 apud
1294 993 1553 1062 Gorinm
1581 995 1848 1083 (Inscrr.
1879 991 2023 1058 Etr.
2056 992 2122 1057 11
2150 1017 2209 1081 p.
2246 993 2406 1081 164)
2428 1020 2447 1058 ε

933 1113 971 1178 1
1872 1112 1945 1179 2.

706 1223 787 1283 Α.
818 1212 1140 1283 PERSIV
1147 1214 1195 1281 S
1754 1213 1839 1279 D.
1973 1211 2071 1278 M.

624 1322 710 1386 A.
746 1319 826 1384 F.
862 1315 1267 1385 SEVERVS
1676 1312 2160 1383 VERGINIAE

798 1421 886 1487 V.
925 1418 1122 1486 ANN
1674 1415 2258 1484 SATVRNINAE

709 1519 890 1588 vm.
921 1520 1017 1587 M.
1053 1517 1146 1585 III
1673 1520 1758 1585 A.
1791 1516 2190 1588 PERSIVS.
2233 1518 2342 1587 SE

796 1623 883 1688 D.
915 1620 1083 1687 XIX
1676 1621 1994 1688 VERVS.
2027 1620 2317 1689 vxom

1757 1721 2158 1791 ΟΡἹῚΜΑΕ

456 1846 729 1932 Quarum
776 1845 944 1931 prior
986 1843 1204 1909 dudum
1250 1844 1416 1910 edita
1459 1841 1672 1931 (Grut.
1715 1840 1871 1926 700,
1904 1843 1970 1908 4.
2004 1842 2157 1924 920,
2193 1841 2300 1908 10.
2364 1842 2520 1911 Rie-

456 1949 696 2015 eobaldi
740 1948 840 2014 del
880 1945 1053 2013 Bava
1098 1947 1248 2013 diss.
1306 1947 1861 2013 istudne-etrusca
1904 1970 1965 2033 p.
2013 1945 2209 2033 162),
2254 1947 2523 2020 ridiculo

455 2072 672 2117 errore
720 2049 795 2116 de
841 2059 1052 2115 nostro
1095 2047 1313 2114 Persio
1357 2049 1673 2115 intellecta
1715 2050 2088 2117 sententiam
2137 2051 2517 2135 procreavit,

455 2177 598 2220 eum
654 2152 731 2217 ob
788 2153 1114 2219 satirarum
1174 2153 1538 2237 gravitatem
1597 2150 1900 2219 Severum
1967 2162 2252 2219 vocatum
2324 2153 2525 2217 fuisse

455 2254 568 2343 (C.
602 2254 819 2321 Barth.
853 2253 1124 2320 Advers.
1158 2251 1275 2332 VI,
1312 2252 1423 2339 1)3
1484 2276 1658 2339 quam
1703 2256 1922 2320 merito
1969 2254 2237 2341 explosit
2280 2250 2526 2320 Casan-

452 2358 654 2425 bonus
715 2360 805 2445 (p.
853 2353 1008 2421 LIII
1051 2356 1146 2423 ed.
1191 2354 1477 2442 Diibn.)=
1549 2378 1632 2423 ex
1686 2359 1883 2424 altera
1944 2357 2103 2423 futili
2161 2356 2527 2422 coniectura

458 2461 691 2527 Gorius
752 2461 987 2539 effecit,
1062 2458 1425 2545 Verginiam
1483 2457 1916 2542 Saturninum,
1998 2456 2282 2546 Verginii
2339 2458 2524 2525 Flavi

455 2565 759 2643 rhetoris,
830 2585 869 2628 a
927 2555 1057 2646 quo'
1102 2558 1359 2627 Persius
1410 2563 1724 2628 institutus
1783 2575 1917 2643 est,
1987 2563 2167 2627 filiam
2190 2610 2209 2641 ‚
2270 2573 2522 2647 nuptam

456 2667 649 2731 fuisse
692 2662 895 2730 Persii
940 2663 1135 2727 nostri
1178 2664 1358 2728 fratri
1404 2661 1666 2730 Severo.
1717 2663 2012 2731 Ceterum
2058 2687 2141 2730 ex
2181 2662 2520 2749 Ugolini

458 2764 748 2834 Verini
794 2764 1119 2842 Carneade,
1169 2766 1328 2851 quod
1361 2787 1607 2830 carmen
1653 2769 1862 2833 seculo
1905 2765 2055 2832 xlv
2099 2766 2391 2850 scriptum
2425 2777 2528 2830 est

460 2870 577 2954 (of.
643 2866 834 2933 Voss.
901 2868 976 2933 de
1033 2867 1179 2933 hist.
1223 2870 1358 2934 latt.
1408 2864 1526 2948 111,
1572 2868 1679 2953 8),
1754 2871 1913 2934 hune
1967 2890 2214 2934 versum
2269 2870 2529 2952 protulit

458 2969 723 3037 Bandini
766 2970 921 3056 (eat.
971 2970 1118 3035 bibl.
1162 2969 1360 3036 Laur.
1408 2969 1581 3036 Lau.
1615 2969 1678 3035 11
1707 2994 1768 3057 p.
1803 2970 1997 3056 328)=
2053 2970 2281 3036 'Duxit
2320 2979 2385 3033 et
2424 2973 2526 3033 in-

458 3076 687 3139 victum
732 3073 807 3137 V
801 3073 1099 3137 elatem-is
1139 3074 1403 3138 Persius
1451 3095 1722 3160 agmen3
1784 3086 1849 3140 et
1892 3073 2205 3160 Hippol.
2237 3071 2528 3137 Laudi-

463 3176 661 3240 nelli
689 3175 956 3261 (origine
975 3176 1049 3241 de
1066 3173 1304 3241 Lunie.
1327 3172 1464 3257 11),
1487 3196 1662 3259 quem
1694 3178 1873 3242 affert
1900 3174 2237 3241 Passovius
2267 3175 2358 3260 (p.
2377 3170 2523 3256 87),

461 3298 589 3341 non
631 3279 826 3342 solum
871 3275 1220 3343 Volaterris
1264 3278 1495 3342 vidisse
1556 3298 1625 3342 se
1681 3276 1886 3344 Persii
1941 3280 2179 3344 domum
2241 3278 2521 3352 affirmat,

462 3380 573 3444 sed
634 3379 900 3445 nobilem
956 3378 1681 3446 Falconeiniorum
1761 3382 2048 3446 familiam
2114 3379 2259 3443 inde
2319 3375 2528 3443 Persii

462 3502 686 3545 nomen
751 3484 1144 3565 frequentare
1205 3481 1389 3562 dicit,
1450 3483 1827 3549 assentiente
1889 3480 2319 3548 Stellatio.
2418 3481 2528 3544 Ad

463 3583 734 3649 Tuseam
778 3583 984 3649 Persii
1029 3585 1328 3669 originem
1370 3584 1761 3649 referendum
1817 3586 1963 3650 mihi
2016 3585 2299 3662 videtur,
2361 3583 2529 3665 quod

459 3686 527 3750 in
570 3684 875 3771 plerisque
917 3687 1081 3751 vitae
1113 3687 1290 3752 codd.
1324 3698 1588 3752 vocatur
1616 3684 1861 3764 Aules,
1908 3708 2033 3751 non
2061 3685 2282 3751 Aulus
2294 3733 2319 3765 ,
2365 3685 2530 3768 qnod

460 3784 528 3851 in
573 3787 690 3851 hoe
740 3792 1046 3853 ‘consensu
1091 3811 1217 3853 non
1264 3791 1506 3856 videtur
1565 3789 1777 3856 calami
1841 3789 2040 3856 errori
2086 3787 2270 3853 tribui
2314 3807 2523 3872 posse.

459 3888 713 3956 Etrusci
741 3900 944 3956 autem
973 3890 1147 3956 Auli
1169 3913 1394 3958 nomen
1424 3893 1684 3959 sonabat
1710 3889 1889 3957 Aule
1933 3894 2048 3974 (ef.
2079 3888 2284 3954 Lanzi
2310 3889 2530 3976 saggio

461 4097 488 4150 1
528 4097 607 4151 lta
640 4098 778 4166 opud
814 4097 1040 4150 Statium
1077 4095 1234 4165 (Silv.
1263 4097 1353 4163 IV,
1380 4100 1435 4163 ⁴,
1460 4098 1551 4165 23)
1579 4098 1766 4153 Gallus
1799 4096 1977 4150 Lunae
2013 4110 2273 4151 aceessum
2297 4096 2527 4164 quaerit.

2732 616 2754 679 Ξ
