2764 4738
866 412 1603 484 PROLEGOMENA.
1677 420 1683 425 ”
2098 432 2253 486 cxix

186 590 377 655 liusta
406 589 540 656 cod.
571 586 951 670 Rex-nensis,
984 590 1284 674 talemque
1313 590 1514 676 reperi
1536 636 1555 669 ,
1603 589 1836 673 qualem
1870 593 2252 677 exspectavi,

187 694 350 757 satis
392 694 664 758 ieiunum
720 703 785 757 et
837 703 1193 771 recentem,
1267 690 1618 778 prolixitate
1660 693 1816 757 haud
1867 713 2054 778 parva
2109 695 2256 759 trita

189 806 259 860 et
318 815 510 880 saepe
567 795 779 881 inepta
836 794 1265 874 exhibentem,
1326 813 1479 879 qnae
1535 794 1685 860 satis
1743 794 2255 874 demonstrarent,

189 918 339 961 eum
378 896 561 962 bonis
607 908 671 962 et
711 896 974 981 antiquis
1017 895 1283 960 fontibus
1324 917 1450 960 nou
1499 916 1636 961 esse
1694 918 1904 978 usum,
1962 898 2257 984 planeque

192 1001 514 1066 diversum
561 1021 599 1063 a
642 998 888 1064 scholiis
931 995 1290 1062 Pithoeanis
1332 1009 1397 1062 et
1453 996 1974 1083 Sangallensibus.
2048 996 2259 1084 Itaque

191 1105 373 1168 nolui
403 1101 815 1168 describendo
847 1111 1079 1184 tempus
1111 1101 1366 1183 perdere
1387 1146 1407 1180 ,
1439 1101 1703 1184 satisque
1734 1101 1951 1178 habui,
2001 1122 2073 1166 ea
2104 1122 2257 1186 quae

195 1226 234 1271 e
268 1206 410 1271 cod.
448 1202 759 1269 Beruensi
790 1203 1220 1266 adnotaveram
1243 1248 1260 1280 ,
1311 1224 1445 1267 cum
1496 1200 1909 1266 Laurentiano
1950 1198 2261 1288 compara-

196 1329 311 1386 re,
359 1327 720 1392 quamquam
765 1307 882 1370 iam
928 1305 1142 1383 doleo,
1191 1324 1285 1367 me
1328 1305 1405 1369 ad
1436 1305 1554 1368 alia
1585 1307 1874 1397 quaedam
1910 1326 2031 1368 non
2063 1316 2261 1369 atten-

200 1410 405 1486 disse,
456 1428 614 1492 quae
659 1409 723 1471 iu
769 1409 881 1473 hac
922 1406 1280 1492 quaestione
1326 1407 1581 1472 alicuius
1626 1407 1912 1471 momenti
1958 1427 2094 1473 esse
2138 1418 2261 1471 tum

198 1512 476 1575 nondum
506 1511 814 1576 intellexi.
870 1507 957 1575 Ut
985 1530 1172 1587 vero,
1209 1508 1541 1573 cuiusmodi
1572 1509 1652 1573 sit
1680 1510 1775 1575 hic
1808 1506 2070 1574 Cornuti
2099 1530 2261 1573 com-

198 1615 545 1678 mentarius
572 1612 829 1696 intelligi
858 1612 1074 1695 possit,
1121 1609 1428 1677 exhibebo
1460 1611 1597 1675 cod.
1631 1609 1965 1677 Beruensis
1995 1611 2251 1689 scholia,

200 1714 287 1780 ita
329 1726 400 1780 ut
443 1715 623 1779 nucis
676 1714 979 1778 includam
1023 1733 1178 1797 quae
1238 1714 1457 1779 desunt
1495 1712 1558 1776 in
1603 1713 1740 1778 cod.
1786 1710 2134 1794 Laurent.,
2195 1720 2260 1778 et

204 1818 423 1882 addam
442 1861 463 1893 ,
515 1816 568 1881 si
604 1835 756 1900 quae
786 1816 1056 1880 notanda
1083 1815 1219 1880 visa
1247 1825 1417 1881 sunt.

273 1937 337 1999 ΙΙ,
379 1937 508 1991 166.
544 1935 901 1988 Cornutus
946 1951 1073 1987 vero
1119 1935 1321 2001 inquit,
1375 1950 1521 1988 erma
1564 1920 1800 1988 tribuunt
1834 1935 2073 2001 gentibus
2108 1941 2163 1986 et
2197 1936 2262 1986 ab

545 2021 629 2073 his
662 2037 849 2088 inagna
883 2020 1104 2072 vulnera
1142 2021 1433 2087 accipiunt,
1469 2027 1526 2073 et
1560 2023 1653 2073 hoc
1680 2028 1830 2072 vocat
1863 2024 2262 2084 commercium,

542 2107 631 2159 vel
683 2114 833 2159 vocat
881 2106 1275 2170 commercium,
1328 2107 1459 2172 quod
1506 2105 1571 2158 ab
1619 2105 1877 2158 Armeniis
1910 2106 2121 2158 Zelates
2154 2106 2265 2157 loco

542 2193 686 2261 pacis
727 2190 971 2244 Romanis
1007 2191 1180 2243 ruerat
1214 2191 1362 2243 obses
1402 2193 1552 2244 datus
1598 2197 1653 2243 et
1698 2192 1807 2260 ipse
1842 2193 2008 2244 omnia
2046 2193 2263 2259 turpitu-

542 2278 680 2329 dinis
716 2278 846 2329 vitia
884 2277 1182 2342 didicerat,
1220 2278 1271 2328 in
1309 2278 1528 2346 patriam
1564 2278 1851 2329 delaturus.

271 2364 426 2435 Apud
462 2361 837 2417 Cornutum
873 2364 1000 2416 haec
1033 2362 1309 2429 leguntur-z
1353 2364 1730 2431 „Commerct'a
1771 2363 2016 2415 dicuntur
2048 2377 2264 2417 commu-

274 2453 568 2505 nicationes
602 2451 808 2502 mercis.
862 2448 1109 2514 Romani,
1148 2450 1347 2519 inquit,
1387 2467 1529 2502 arma
1566 2450 1803 2515 gentibus
1839 2449 2077 2524 tribuunt
2111 2458 2165 2501 et
2201 2450 2265 2499 ab

276 2540 364 2591 his
409 2537 647 2588 vicissim
683 2537 815 2589 vitia
850 2537 1109 2604 recipiunt
1144 2537 1381 2602 illorum,
1432 2537 1520 2589 vel
1554 2535 1858 2588 commercia
1903 2543 2091 2600 vocat,
2146 2537 2267 2603 qnia

279 2625 564 2678 Armenius
598 2622 815 2674 Zalaces
848 2620 1091 2673 Romanis
1128 2622 1240 2674 loco
1275 2624 1416 2691 pacis
1451 2623 1621 2675 suerat
1645 2623 1800 2674 datus
1820 2660 1835 2688 ‚
1872 2623 1964 2674 sed
1988 2621 2080 2674 ille
2103 2622 2270 2673 omnia

206 2739 215 2746 ·
279 2709 629 2780 turpitudinis
663 2709 796 2760 vitia
828 2724 860 2758 a
894 2705 1137 2759 Romanis
1174 2708 1425 2760 didicit.“

283 2797 349 2862 ΙΙ,
390 2795 511 2850 169.
548 2793 863 2848 Mittuntur.
904 2792 1068 2844 Corn
1084 2800 1232 2845 utus
1255 2795 1416 2846 aliter
1439 2794 1650 2863 exponit
1673 2794 1846 2846 dicens
1864 2831 1878 2845 .
1901 2829 1917 2846 .
1937 2830 1951 2845 .
1970 2830 1985 2845 .
2004 2792 2267 2861 (lacuna),

553 2895 668 2932 esse
703 2880 960 2931 affer-esim
996 2880 1218 2945 factam,
1254 2884 1560 2933 mittuntur
1594 2882 1632 2932 i.
1673 2880 2025 2933 dimittuntur.

284 2968 436 3036 Apud
474 2964 842 3018 Cornutum
877 2971 987 3017 esta
1029 2964 1233 3029 „Omne
1271 2965 1611 3032 belligerandi
1647 2968 1876 3019 studium
1911 2962 2221 3017 amittunt.“

284 3053 374 3119 ΙΙΙ,
413 3053 468 3107 3.
503 3052 756 3104 Destinet
788 3051 826 3103 i.
866 3052 1132 3118 disponat,
1175 3067 1290 3105 nant
1327 3060 1387 3103 ut
1421 3052 1762 3106 Cornutus
1801 3052 1962 3118 dicit,
1999 3051 2272 3102 destinare

555 3143 638 3190 est
671 3137 865 3203 aliquid
901 3137 1205 3204 proponere.

286 3226 442 3294 Apud
474 3223 843 3276 Cornutum
877 3229 986 3273 est:
1029 3223 1271 3291 „aliquid
1306 3226 1372 3276 ad
1409 3225 1561 3276 linem
1595 3225 1941 3292 proponerc.“

286 3328 380 3397 ΙΙΙ,
420 3328 507 3383 14.
560 3325 907 3378 Cornutus
955 3324 1117 3392 dicit,
1180 3342 1245 3378 ne
1303 3334 1605 3395 putrescant
1653 3343 1836 3379 carnes
1885 3327 1938 3378 iu
1991 3339 2272 3394 parasceue

555 3419 763 3478 coctae,
826 3413 940 3464 ideo
989 3411 1053 3463 ab
1110 3413 1175 3464 iis
1224 3414 1570 3465 servabantur
1621 3414 1673 3464 in
1721 3411 1935 3481 cophino
1987 3417 2041 3463 et
2104 3410 2270 3462 foeno.

557 3500 860 3551 Parascene
898 3498 1093 3549 dicitnr
1128 3514 1177 3565 q.
1216 3501 1542 3567 praeparatio
1566 3515 1735 3551 scene.
1774 3496 2078 3567 Despeetive
2102 3503 2273 3548 autem

552 3584 687 3637 dixit
721 3585 990 3652 cophinum
1026 3591 1082 3635 et
1118 3584 1319 3637 foenum
1354 3587 1710 3654 suppellectile
1746 3601 1939 3638 eorum.

286 3688 377 3756 m,
412 3688 503 3748 2⁰.
543 3686 613 3741 Ut
645 3688 774 3738 dicit
810 3686 1168 3740 Cornutus
1205 3689 1399 3755 tophus
1449 3696 1532 3740 est
1578 3690 1714 3756 lupis
1749 3690 1897 3754 niger
1930 3695 1981 3740 et
2020 3687 2185 3739 durus
2222 3694 2271 3737 et

552 3774 712 3838 vilis,
751 3773 839 3824 ubi
876 3774 1070 3827 serrum
1104 3775 1343 3839 acuitur,
1380 3782 1464 3825 est
1497 3776 1632 3826 enim
1670 3776 2000 3843 asperrimus.

289 3877 379 3948 m,
415 3878 510 3934 st.
544 3876 910 3929 Cornutus
947 3893 1035 3930 eos
1069 3878 1353 3930 conducere
1390 3878 1599 3929 flumina
1637 3876 1798 3942 dicit,
1852 3877 1888 3929 i.
1928 3878 2023 3945 ipsi
2059 3861 2280 3958 wudu—c]

558 3964 733 4033 precio
770 3979 859 4032 pro
895 3966 1043 4032 aquis
1067 3965 1128 4016 de
1155 3965 1362 4016 flumine
1400 3964 1701 4016 hauriendis
1722 4002 1738 4031 ,
1775 3964 1910 4016 sicut
1933 3979 2028 4014 non
2058 3963 2276 4014 conduct

490 4053 771 4120 ‘²portns,
806 4049 895 4101 sed
933 4051 1029 4118 ipsi
1064 4066 1155 4119 pro
1191 4050 1536 4102 conducendis
1571 4048 1822 4118 portubus
1858 4050 2228 4101 conducuntur.

294 4133 653 4191 Cornutus
692 4135 881 4189 habet:
923 4136 1030 4204 „ad
1066 4137 1430 4189 custodiendos
1464 4143 1646 4203 portus
1672 4135 1865 4187 cond.“
