2764 4738
893 437 1634 505 PnoLEGoMENA.
2166 463 2274 507 eu

211 617 397 691 atque
441 605 781 674 auotoritas
826 628 904 672 ea
945 619 1078 687 est,
1126 628 1299 692 quam
1328 609 1394 673 in
1424 609 1538 675 hae
1568 610 1643 675 de
1677 608 1801 675 vita
1827 606 2028 677 Persii
2058 609 2276 675 notitia

214 710 606 787 invenimus,
664 710 729 773 in
773 731 891 794 qua
932 731 1006 775 ea
1046 709 1265 775 tradita
1321 731 1461 777 esse
1515 710 1894 797 monuimus,
1942 731 2095 797 quae
2154 732 2277 777 uon

218 812 340 876 nisi
381 823 591 877 aetate
638 814 951 897 proximus
998 823 1060 877 et
1105 812 1341 879 subacti
1381 814 1587 881 iudicii
1630 814 1728 880 vir
1754 814 2030 880 scribere
2058 815 2274 899 potnit.

222 912 437 998 Quare
469 914 695 980 nnllam
727 936 973 981 eausam
1001 914 1217 993 video,
1262 935 1372 979 eur
1402 937 1527 981 non
1557 916 1634 979 ad
1664 913 1979 983 Valerium
2009 912 2280 981 Probum

218 1014 542 1102 Berytinm
575 1017 903 1082 reseratur.
951 1014 1132 1101 Quod
1161 1028 1360 1084 autem
1395 1017 1545 1084 haeo
1575 1018 1702 1082 vita
1734 1019 1809 1085 do
1842 1017 2279 1085 nommentario

220 1118 353 1182 eins
382 1118 627 1183 sublata
657 1118 910 1198 dieitur,
960 1129 1160 1205 potest
1187 1120 1248 1184 id
1292 1120 1465 1184 vario
1509 1121 1686 1184 modo
1737 1120 2056 1206 explicari.
2130 1117 2282 1183 Non

223 1240 365 1285 ease
396 1221 486 1284 ita
515 1240 553 1284 a
584 1217 789 1284 Probo
819 1222 1140 1307 scriptam,
1185 1231 1256 1284 ut
1297 1242 1455 1286 nuno
1498 1232 1740 1299 exstat,
1787 1231 1985 1307 patet,
2035 1231 2100 1285 et
2138 1220 2292 1285 mihi

223 1323 470 1409 quidem
501 1323 716 1407 partim
749 1343 856 1402 ea,
906 1345 1057 1408 quae
1090 1324 1161 1387 de
1195 1322 1307 1389 hae
1338 1345 1408 1389 re
1441 1332 1896 1411 composuerat,
1944 1323 2005 1387 in
2039 1322 2283 1388 brevius

226 1434 554 1490 eontracta
596 1444 774 1504 esse,
822 1427 1071 1511 partim,
1120 1446 1272 1512 quae
1317 1426 1571 1508 singulis
1614 1425 1763 1490 loeis
1804 1426 1867 1490 in
1914 1434 2284 1491 commenta-

225 1527 336 1592 riis
392 1537 718 1613 posuerat,
772 1528 1005 1595 selecta
1046 1540 1109 1592 et
1153 1539 1450 1614 congesta
1502 1547 1641 1592 esse
1685 1527 1994 1594 videntur.
2076 1527 2282 1613 Atque

225 1631 463 1695 sentiet
503 1630 841 1713 quicunque
884 1630 1071 1694 vitam
1115 1629 1480 1713 perlegerit,
1532 1649 1671 1693 esse
1714 1628 1871 1696 hane
1914 1631 2284 1714 farraginem

230 1733 558 1796 multarum
615 1750 941 1816 earumque
997 1731 1355 1815 optimarum
1410 1727 1900 1796 observationum
1925 1775 1942 1805 ‚
2001 1731 2111 1797 sed
2173 1750 2290 1795 nee

232 1835 358 1898 nlla
416 1844 553 1897 arta
612 1833 1115 1918 compositarum,
1192 1854 1309 1898 nee
1379 1843 1521 1917 apto
1581 1833 1797 1897 ordine
1855 1832 2287 1907 exhibitarum,

234 1936 408 2002 euius
448 1933 715 2019 vestigia
760 1933 1144 2012 videremus,
1206 1932 1259 1998 si
1300 1935 1428 1999 vita
1470 1933 1588 1997 rite
1642 1935 1988 2022 conscripta
2041 1932 2115 1996 ab
2170 1931 2289 1997 alio

233 2046 561 2103 eontracta
603 2047 793 2101 esset.
868 2033 1107 2100 Contra
1152 2035 1326 2100 huius
1369 2036 1536 2101 vitae
1578 2036 1735 2102 ratio
1772 2034 2035 2119 intelligi
2065 2043 2288 2119 potest,

234 2142 288 2206 si
317 2140 386 2205 in
418 2160 555 2205 eam
583 2159 671 2203 ex
699 2138 955 2202 diversis
986 2137 1482 2205 annotationibus
1516 2138 1754 2223 singula
1784 2149 2081 2227 congesta
2108 2137 2292 2205 sumi·

234 2256 409 2321 nus,
456 2261 598 2305 nam
628 2241 712 2305 ita
743 2240 1034 2325 explieari
1066 2249 1265 2325 potest
1292 2240 1451 2324 quod
1482 2261 1598 2307 nee
1625 2241 1867 2328 singula
1894 2242 2062 2306 inter
2088 2260 2158 2305 so
2191 2260 2293 2305 eo·-

236 2344 504 2410 haerent
532 2364 649 2409 nee
678 2342 871 2408 iustus
903 2342 1055 2405 ordo
1085 2352 1369 2408 servatus
1402 2352 1519 2408 est.
1576 2340 1860 2411 Pertinet
1902 2344 2055 2410 haee
2087 2341 2295 2407 ohser-

237 2446 407 2513 vatio
437 2445 517 2511 ad
550 2466 627 2511 ea
655 2445 1010 2529 praesertim
1030 2490 1050 2521 ,
1084 2463 1237 2527 quae
1267 2444 1478 2509 ultimo
1507 2446 1644 2509 loeo
1676 2457 2003 2513 narrantur
2029 2443 2119 2530 (p.
2137 2441 2296 2526 238)

240 2550 317 2614 de
363 2548 705 2612 imitatione
748 2544 973 2611 Lucilii
1017 2555 1081 2609 et
1123 2545 1389 2611 lectione
1435 2544 1714 2614 Cornuto
1758 2558 2008 2614 auctore
2040 2557 2292 2610 mutata.

241 2650 426 2735 Quae
470 2671 605 2716 eum
652 2660 790 2734 post
819 2657 1077 2714 mortem
1104 2642 1306 2713 Persii
1335 2647 1452 2712 iam
1484 2660 1793 2715 narratam
1831 2649 2188 2726 tradantur,
2236 2659 2302 2712 et

240 2754 331 2818 ita
358 2763 430 2818 nt
458 2751 653 2816 verba
672 2776 691 2815 ι
739 2749 874 2817 Sed
896 2770 1046 2814 mox
1071 2757 1148 2814 ue
1187 2770 1230 2814 a
1266 2748 1484 2816 schola
1523 2751 1973 2838 magistrisque
2016 2747 2295 2824 divertit,

245 2855 416 2921 nullo
445 2853 629 2922 modo
660 2875 796 2918 eum
837 2853 953 2930 iis,
999 2871 1153 2937 quae
1195 2851 1605 2937 praecedunt,
1650 2851 1820 2936 iungi
1861 2849 2132 2936 possint,
2182 2868 2303 2912 non

242 2958 612 3034 defuerunt,
646 2954 746 3040 qui
776 2975 849 3018 ea
879 2956 999 3019 alio
1030 2955 1165 3018 loeo
1196 2954 1528 3018 inserenda
1558 2974 1697 3019 esse
1728 2961 2030 3040 putarent.
2069 2946 2303 3017 Verum

248 3082 368 3126 nee
397 3060 451 3125 ia
482 3058 635 3124 satis
666 3057 1015 3123 commodus
1043 3066 1174 3135 est,
1222 3065 1287 3119 et
1313 3056 1713 3122 inveniuntur
1755 3055 1905 3121 haeo
1934 3054 1998 3118 in
2029 3051 2305 3118 omnibus

249 3162 430 3228 eodd.
463 3160 675 3225 ultimo
706 3159 869 3224 loeo.
938 3156 1147 3242 Quare
1178 3158 1320 3236 alii,
1368 3159 1468 3243 qui
1499 3168 1686 3222 totam
1717 3154 2127 3222 narrationem
2158 3154 2306 3217 fieti-

251 3266 400 3330 tiam
432 3272 845 3339 censuerunt,
893 3272 956 3325 et
987 3259 1099 3325 hoe
1130 3269 1491 3345 argumento
1521 3260 1618 3325 usi
1658 3269 1839 3338 sunt,
1885 3268 1954 3324 ut
1979 3256 2082 3322 vel
2111 3255 2307 3321 looum

251 3369 528 3452 ineptum
557 3384 595 3428 a
624 3360 816 3428 sciolo
848 3362 1110 3426 additam
1142 3382 1282 3426 esse
1325 3361 1484 3426 hano
1529 3360 1843 3426 historiam
1891 3358 2310 3423 demonstrare

256 3470 561 3536 dinen-ent.
625 3461 779 3529 Cum
811 3464 955 3531 alibi
983 3463 1098 3528 iam
1131 3465 1473 3548 expositum
1504 3463 1586 3527 sit
1607 3509 1627 3538 ,
1673 3471 1890 3530 cetera,
1927 3467 2312 3542 argumenta,

259 3570 479 3656 quibus
511 3566 882 3632 narrationis
924 3564 1099 3631 huius
1140 3566 1372 3634 veritas
1414 3564 1760 3651 impugnata
1804 3572 1938 3639 est,
1999 3581 2122 3624 nou
2166 3560 2316 3623 satis

259 3673 434 3740 firma
466 3690 643 3749 esse,
678 3678 804 3734 tum
834 3687 949 3733 nee
978 3666 1094 3734 hoe
1123 3669 1370 3734 multum
1403 3668 1589 3731 valet.
1635 3663 1799 3731 Nam
1833 3674 1960 3728 tota
1992 3661 2141 3728 haee
2174 3671 2318 3726 nota

260 3784 502 3864 spectat
528 3771 601 3836 ad
633 3771 884 3856 primam
915 3768 1189 3849 satiram,
1234 3781 1295 3835 et
1324 3769 1462 3835 olim
1493 3768 1557 3831 in
1589 3765 2024 3833 commentario
2057 3764 2130 3827 ad
2161 3762 2316 3828 hanc.

260 3878 456 3964 ipsam
495 3872 849 3959 legebatur,
897 3871 1059 3935 unde
1105 3872 1180 3938 ab
1231 3893 1307 3937 eo
1351 3869 1590 3936 sublata
1635 3878 1769 3946 est,
1815 3866 1918 3952 qui
1959 3866 2179 3949 selegit
2219 3885 2319 3942 ea,

262 4000 419 4066 qnae
462 3978 540 4041 ad
584 3975 771 4040 vitam
821 3984 886 4039 et
925 3972 1001 4036 ad
1054 3973 1341 4040 iudicium
1401 3972 1475 4036 de
1536 3969 1740 4036 Persii
1796 3980 1928 4034 arte
1987 3979 2051 4032 et
2106 3967 2323 4033 studiis

266 4081 666 4169 spectabant,
733 4096 982 4161 eamque
1027 4087 1170 4140 ante
1214 4075 1347 4140 eius
1390 4074 1615 4139 satirae
1664 4072 1897 4138 initium
1956 4069 2190 4156 posuit,
2251 4068 2324 4133 ad
