2764 4738
400 382 528 449 322
861 383 1127 445 sefloL.
1169 383 1277 445 AD
1324 380 1494 444 SAT.
1538 383 1614 456 V,
1661 386 1957 445 14-20.

402 577 467 618 re
514 563 556 630 ¹3
627 555 720 617 vel
776 555 926 616 bona
969 554 1376 636 compositione
1432 563 1682 626 tantum,
1751 550 1810 611 id
1853 561 1948 612 est
2005 550 2452 620 versificatione,

403 640 709 702 discedens
740 663 773 700 a
803 642 993 719 vulgo.

582 733 684 790 15.
741 729 859 786 Ore
887 729 1030 785 teris
1061 727 1318 796 modico,
1352 722 1408 782 id
1439 736 1530 783 est
1560 725 1640 784 ita
1671 725 1912 782 formato
1943 742 2079 795 ore,
2132 731 2193 779 ut
2221 730 2450 798 compte

404 814 758 892 loquentibus
804 814 1101 889 ligur-etur.
1289 812 1490 880 reris,
1536 809 1588 868 id
1635 821 1727 869 est
1768 808 2009 887 expolis.
2185 808 2449 876 Modica,

402 898 459 958 id
491 910 582 957 est
629 899 786 957 brevi
832 916 1120 958 sermone.
1309 897 1611 955 Pallentes
1668 897 1886 955 radere
1945 911 2174 962 mores,
2235 897 2453 968 peritus

404 1004 600 1044 mores
640 985 966 1042 obtrectare
1012 984 1249 1041 vitiosos
1292 979 1595 1040 scribendo
1641 982 1903 1049 satiram,
1951 989 2011 1037 et
2039 977 2452 1054 obiurgationis

405 1067 893 1128 animadversione
937 1070 1265 1145 corrigere,
1316 1077 1376 1124 ut
1417 1065 1620 1125 medici
1667 1064 1874 1124 radere
1919 1062 2178 1122 dicuntur
2219 1081 2451 1120 carnem

406 1153 478 1213 de
519 1154 840 1214 vulneribus
885 1163 1140 1231 putrem,
1185 1151 1310 1210 dum
1356 1149 1429 1210 ad
1459 1152 1642 1211 vivum
1676 1150 2040 1228 perveniant,
2085 1167 2194 1227 quo
2226 1147 2451 1205 facilius

407 1249 628 1299 curent.
799 1241 1096 1297 Pallentes
1144 1247 1328 1296 autem
1376 1238 1763 1307 conscicntia,
1809 1245 1908 1296 aut
1936 1235 2174 1293 vitiosos
2203 1251 2452 1311 genera-

409 1326 579 1396 liter,
611 1333 709 1382 aut
738 1344 969 1401 aegros.

586 1413 684 1471 16.
726 1411 1031 1487 Ingenuo,
1065 1405 1122 1465 id
1151 1417 1244 1468 est
1274 1405 1492 1465 liberali
1525 1403 1686 1476 lud03
1732 1404 1993 1485 defigere
2007 1449 2030 1477 ,
2063 1403 2118 1463 id
2149 1415 2243 1464 est
2269 1405 2452 1465 ferire

408 1495 666 1573 culpam,
709 1495 801 1555 vel
846 1495 1106 1572 ingenuis
1151 1491 1293 1552 iocis
1337 1502 1574 1560 notare,
1620 1490 1855 1551 subaudi
1899 1501 2130 1551 cantus,
2197 1490 2304 1549 Vel
2351 1492 2455 1547 de-

390 1581 601 1658 figere
640 1579 780 1638 dixit
808 1591 1026 1638 notare.
1087 1577 1194 1638 Vel
1241 1579 1556 1655 ingenuum
1604 1577 1803 1636 ludum
1848 1575 1989 1636 dixit
2017 1579 2278 1649 satiram,
2311 1596 2455 1655 quo-

408 1668 557 1725 niam
588 1666 696 1724 nisi
726 1667 1003 1742 ingenuus
1035 1674 1094 1724 et
1124 1664 1268 1722 liber
1297 1684 1332 1721 a
1362 1662 1685 1721 criminibus
1715 1684 1824 1721 non
1856 1664 2098 1722 iocatur.

587 1756 686 1811 17.
729 1751 882 1808 Hinc
928 1750 1099 1808 trahe
1144 1767 1296 1827 quae
1344 1749 1531 1807 dicus.
1592 1747 1650 1806 Id
1697 1758 1823 1808 est:
1874 1759 1973 1807 aut
2002 1767 2077 1806 ex
2106 1745 2455 1824 simplicibus

409 1834 636 1905 verbis,
682 1845 780 1892 aut
825 1855 899 1893 ex
945 1834 1105 1905 ludo;
1165 1832 1220 1892 id
1265 1845 1388 1893 est:
1435 1833 1682 1892 moribus
1725 1832 2082 1911 corrigendis
2123 1832 2346 1902 scribe,
2393 1841 2458 1889 et

411 1918 742 1999 tragoedias
774 1921 1186 1998 praetermitte.
2236 1979 2241 1985 ,

588 2009 687 2066 18.
739 2007 881 2063 Cum
913 2006 1105 2083 capite
1162 2014 1226 2063 et
1258 2004 1511 2083 pedibus
1557 2001 1697 2063 dixit
1737 2000 1807 2064 ad
1839 2004 2192 2082 superiorem
2224 2021 2456 2062 sensum

413 2091 709 2161 referens,
759 2090 853 2148 ubi
895 2089 1134 2149 Atreum
1178 2089 1447 2169 Thyestis
1493 2089 1638 2149 filios
1684 2091 1913 2149 coxisse
1972 2089 2453 2148 commemoravit.

411 2172 633 2236 Deinde
665 2195 789 2234 cum
821 2176 914 2234 ille
946 2176 1163 2246 minus,
1208 2171 1357 2253 quod
1389 2173 1723 2234 comedebat
1752 2186 2133 2253 agnosceret,
2178 2175 2363 2251 capite
2397 2182 2459 2230 et

411 2259 649 2340 pedibus
723 2260 961 2320 filiorum
1021 2260 1225 2319 oblatis
1298 2260 1578 2318 intellexit
1644 2259 1916 2339 Thyestis
1980 2260 2124 2318 filios
2194 2259 2459 2338 proprios

413 2343 754 2405 comedisse.
927 2346 1279 2424 Plebeiaque
1328 2347 1596 2425 prandia
1653 2347 1837 2405 πονεῖς.
1914 2344 2165 2405 Securos
2226 2355 2287 2403 et
2329 2346 2457 2403 sine

415 2432 733 2492 sceleribus
776 2430 1033 2511 plebeios
1079 2433 1275 2504 cibos,
1334 2430 1394 2490 id
1433 2442 1527 2490 est
1566 2433 1829 2504 satiram3
1883 2442 1981 2492 aut
2024 2426 2457 2511 ἀλληγορικῶς,

416 2516 863 2577 mediocritatem
896 2527 1144 2577 sectare.

591 2606 689 2664 19.
733 2603 868 2662 Non
912 2603 1175 2681 equidem
1218 2602 1326 2660 ltoe
1361 2602 1595 2660 studeo.
1670 2598 1797 2660 Nec
1841 2598 2082 2659 studium
2131 2619 2315 2659 meum
2363 2610 2462 2658 est

419 2687 565 2759 tale,
608 2699 668 2746 ut
696 2708 854 2747 more
898 2688 1243 2747 Graecorum
1284 2686 1592 2765 culpatus2
1633 2685 1963 2763 tragoedias
2006 2686 2285 2756 scribam,
2353 2684 2461 2743 sed

418 2784 716 2833 contentus
748 2794 867 2832 sum
900 2774 1108 2832 satiras
1140 2772 1417 2832 scribere.
1588 2773 1862 2830 Pullatas
1900 2782 2085 2831 autem
2117 2791 2309 2848 nugas
2340 2781 2463 2828 tra-

417 2856 746 2938 goediarum
789 2860 900 2929 ait,
942 2868 1176 2938 propter
1218 2858 1415 2917 tristes
1462 2857 1720 2927 fabulas,
1763 2867 1823 2917 et
1861 2855 2008 2936 quod
2040 2858 2277 2915 maxime
2310 2855 2462 2934 pulla

422 2955 624 3015 veste,
667 2942 724 3002 id
753 2955 843 3003 est
874 2944 1114 3022 lugubri,
1145 2942 1404 3021 tragoedi
1437 2944 1759 3003 utebantur.
1808 2941 2049 3021 Legitur
2091 2951 2154 3000 et
2183 2941 2460 3009 bullatis,

421 3027 478 3087 id
509 3038 600 3087 est
642 3031 876 3088 ornatis.
930 3029 1050 3088 Hoc
1093 3050 1202 3087 non
1247 3040 1340 3087 est
1382 3029 1652 3107 propositi
1685 3027 1817 3086 mihi
1846 3047 2065 3106 geum,
2110 3038 2172 3085 ut
2200 3024 2461 3087 studeam

420 3113 646 3172 bullatis
702 3117 868 3191 nugis
924 3117 1215 3194 quicquam
1264 3115 1555 3185 scribere,
1617 3110 1672 3171 id
1716 3123 1809 3171 est
1855 3112 2160 3191 puerilibus
2206 3114 2345 3170 iocis
2389 3132 2461 3170 ac

421 3199 651 3271 verbis3
716 3198 820 3259 sed
865 3219 967 3258 nos
1014 3200 1287 3278 loquimur
1329 3197 1500 3276 digna
1544 3198 1809 3277 gravibus
1852 3198 2079 3270 verbis,
2120 3218 2157 3256 o
2188 3197 2462 3256 Cornute.

423 3283 533 3345 Vel
558 3285 811 3362 pullatis
852 3286 891 3347 i.
927 3304 980 3344 e.
1022 3285 1268 3363 palliatis
1298 3284 1392 3343 vel
1425 3281 1683 3343 Graecis.

593 3374 696 3432 20.
741 3372 909 3428 Dare
939 3372 1174 3447 pondus
1205 3371 1414 3427 idonea
1429 3368 1641 3449 sumo,
1691 3388 1836 3449 quae
1882 3365 2052 3447 digna
2096 3377 2227 3427 sunt
2265 3370 2465 3427 incen-

424 3450 555 3524 dio,
601 3455 910 3532 allegorice
953 3453 1173 3535 quidem
1221 3455 1436 3525 fumus,
1494 3473 1591 3514 res
1632 3474 1808 3514 vanas
1854 3465 1913 3513 et
1958 3455 2114 3513 leves
2160 3454 2465 3525 extollere,

423 3550 485 3598 et
527 3540 825 3599 vilissimas
866 3560 964 3600 res
1007 3561 1112 3619 pro
1155 3537 1650 3619 ponderosissimis
1708 3538 2126 3599 commendare.
2294 3541 2465 3599 Dare

415 3626 651 3704 pondus
694 3626 904 3685 idonea
934 3626 1128 3705 sumo.
1186 3624 1306 3685 Hoc
1362 3622 1533 3684 dicitz·
1575 3623 1690 3684 Sed
1723 3635 1811 3685 est
1839 3626 1923 3697 is,
1975 3627 2066 3704 qui
2098 3624 2234 3683 velit
2261 3645 2463 3683 vanam

423 3730 543 3769 rem
576 3721 636 3770 et
666 3711 878 3781 levem,
911 3724 1009 3770 aut
1036 3711 1199 3771 vilem
1231 3712 1523 3770 materiam
1552 3711 1830 3770 nobilibus
1877 3711 2066 3770 verbis
2108 3708 2465 3780 describere,

424 3806 484 3854 et
529 3793 599 3854 ad
647 3816 743 3855 res
788 3817 1034 3874 nugosas
1075 3807 1294 3857 centum
1338 3815 1515 3856 voces
1557 3796 1650 3855 vel
1693 3795 1866 3855 multa
1895 3806 2133 3875 pectora
2162 3806 2466 3875 exoptare,

425 3880 704 3960 quomodo
737 3882 786 3939 si
815 3884 952 3942 velit
981 3883 1133 3941 sumo
1164 3880 1420 3962 pondera
1449 3880 1689 3941 serenda
1718 3884 2029 3960 imponere.

427 4067 451 4118 1
492 4065 618 4132 Les.
638 4067 876 4135 fricare.
1423 4070 1458 4133 ².
1493 4066 1621 4134 Less.
1656 4066 1944 4135 eulposas,
1978 4072 2071 4119 aut
2095 4064 2369 4133 pullatas.
