2764 4738
446 430 577 502 328
923 432 1192 498 Senot..
1236 435 1343 497 AD
1390 434 1558 498 sAT.
1600 436 1676 511 V,
1717 439 2014 503 58-67..

447 626 659 669 remos.
712 605 826 668 Vel
855 605 986 687 quis
1015 603 1277 668 dicuntur
1304 606 1638 686 chiragricis
1669 603 1884 687 lapides
1913 606 2065 667 inter
2092 617 2282 678 artus,
2313 601 2369 664 id
2400 616 2499 668 est

448 694 600 753 iuter
641 690 856 764 nodos,
902 693 1087 754 exire.
1153 692 1332 753 Artus
1388 695 1537 753 euim
1567 694 1816 753 membra
1865 703 1997 752 sunt
2039 694 2286 763 maiore,
2339 690 2494 752 unde

450 779 703 839 articuli
725 775 893 850 dicti;
953 779 1048 858 qui
1075 777 1302 838 morbus
1333 798 1459 838 eum
1490 798 1685 837 manus
1726 779 2005 849 tenuerit,
2051 780 2174 837 eins
2204 777 2406 837 humor
2433 779 2496 837 iu

450 861 667 942 lapides
710 865 1096 935 convertitur,
1140 874 1200 923 et
1242 861 1451 941 digitos
1497 864 1710 942 frangit
1752 883 1821 923 uc
1868 873 2159 923 tortuosos
2207 864 2379 936 facit,
2431 875 2497 923 ιιι

451 951 565 1009 siut
594 948 807 1008 similes
839 949 1005 1007 tortis
1036 968 1104 1007 ac
1135 949 1424 1008 veteribus
1473 951 1642 1009 ramis
1674 949 1827 1028 =fugi.

627 1038 729 1097 60.
784 1034 944 1093 Tune
971 1052 1203 1092 crassos
1238 1036 1526 1094 transisse
1556 1036 1705 1094 dies.
1771 1033 1886 1094 Per
1914 1033 2399 1113 intemperantiam
2431 1042 2495 1092 et

451 1116 733 1180 libidinem
781 1116 917 1178 dicit
959 1119 1213 1178 homines
1261 1116 1478 1179 debiles
1523 1120 1646 1179 fieri
1692 1131 1753 1179 et
1800 1139 1934 1179 sero
1977 1121 2232 1179 vitiorum
2263 1138 2494 1177 suorum

451 1204 854 1285 poeniteutiam
897 1204 1043 1263 velle
1088 1223 1299 1283 agere:
1372 1225 1519 1285 quae
1578 1205 1715 1264 vitis
1759 1203 2063 1264 emendare
2107 1205 2361 1263 volentes
2406 1204 2496 1262 in·

452 1299 717 1370 gemunt,
769 1285 917 1369 quod
963 1290 1071 1347 iam
1113 1300 1401 1350 transacta
1446 1287 1666 1350 meliori
1719 1291 1834 1349 vita
1894 1289 2139 1349 fraudati
2194 1291 2323 1347 siut.

461 1377 711 1435 Crassos
757 1376 881 1433 dies
923 1372 1090 1446 dicit,
1141 1375 1199 1434 iu
1230 1375 1430 1454 quibus
1462 1375 1663 1435 obtuse
1696 1387 1757 1435 et
1786 1376 1908 1436 sine
1940 1376 2055 1434 ullu
2085 1376 2302 1434 ratione
2331 1373 2496 1433 vixe-

453 1470 602 1521 runt.
771 1461 1100 1538 lacemque
1134 1461 1511 1539 palustrem,
1552 1461 1887 1532 obscuram,
1931 1472 2167 1539 propter
2208 1459 2492 1532 nebulam,

454 1565 599 1627 quae
630 1541 703 1604 de
733 1543 1032 1629 paludibus
1063 1547 1346 1619 nascitur,
1368 1544 1472 1608 sed
1504 1545 1611 1606 hoe
1640 1545 1713 1606 sd
1741 1547 1908 1606 enimi
1938 1547 2271 1606 caecitatem
2304 1552 2498 1605 trans-

454 1632 663 1692 fertur.
2147 1651 2154 1663 ·

628 1718 729 1779 61.
769 1716 858 1774 Et
890 1715 1015 1774 si‘bt
1051 1734 1168 1775 nant
1211 1719 1372 1787 seri,
1428 1734 1500 1776 eo
1543 1714 1692 1797 quod
1732 1718 1849 1776 vita
1879 1735 1982 1776 eos
2012 1714 2284 1795 reliquit
2267 1735 2324 1774 ιιι
2352 1714 2496 1773 vitio

454 1801 707 1882 positos·
763 1799 856 1859 vel
902 1819 1014 1859 uon
1073 1801 1394 1861 sufficiente
1438 1799 1511 1860 ud
1565 1804 1979 1862 correctionem
2033 1812 2324 1879 tempore,
2377 1800 2498 1859 vita

455 1886 690 1956 relicta,
736 1894 997 1963 tauquam
1038 1905 1146 1944 non
1187 1887 1411 1957 vivant,
1454 1889 1549 1967 qui
1578 1888 1727 1946 vitiis
1757 1905 1984 1965 semper
2011 1884 2322 1964 indulgent.

453 1972 807 2047 Ingemuere
848 1978 1035 2028 autem
1076 1968 1225 2029 bene
1267 1972 1586 2049 expressit,
1636 1972 1768 2053 quis
1797 1972 1942 2031 tales
1973 1979 2245 2030 senectus
2275 1965 2498 2027 debiles

456 2055 691 2132 excipit.

629 2142 731 2201 62.
774 2140 868 2198 Ae
895 2147 952 2198 te
980 2141 1303 2199 nocturnis.
1348 2138 1564 2200 Verum
1593 2139 1729 2211 tibi,
1758 2159 1794 2198 o
1825 2139 2111 2211 Cor-ute,
2142 2137 2354 2197 libitum
2384 2148 2500 2210 est,

457 2220 738 2283 studendo
769 2220 842 2283 de
870 2223 1080 2302 vigiliis
1110 2223 1384 2302 pallorem
1419 2224 1787 2285 contrahere.

630 2310 731 2373 63.
783 2309 998 2369 Cultor
1039 2311 1189 2369 enim
1233 2311 1523 2369 iuvenum.
1591 2312 1803 2371 Cultor
1826 2310 1941 2384 ait,
1986 2329 2099 2369 nou
2129 2309 2345 2381 cliens,
2390 2305 2499 2368 sed

457 2392 789 2456 emendator
826 2395 918 2454 vel
967 2393 1222 2455 eruditor
1279 2394 1748 2456 adolescentium.
1936 2398 2241 2474 Pur-galas
2282 2396 2498 2455 inseris·

456 2500 655 2540 aures.
715 2480 981 2540 Tractum
1012 2490 1103 2540 est
1130 2479 1201 2539 nh
1233 2482 1501 2558 agricolis
1520 2523 1539 2553 ,
1584 2483 1677 2562 qui
1707 2481 1946 2541 arbores
1976 2481 2395 2552 infructuosas,
2434 2490 2501 2539 ut

456 2567 571 2625 siut
601 2566 855 2636 fertiles,
901 2576 1142 2645 purgant
1170 2576 1232 2627 et
1260 2567 1539 2626 inserunt.
1598 2566 1680 2627 Its
1712 2578 1771 2626 et
1802 2578 1859 2628 ιιι
1890 2566 2353 2646 persuasionibus
2385 2566 2498 2624 tuis

457 2670 629 2711 sures
688 2652 946 2712 iuvenum
1003 2670 1037 2710 s
1079 2652 1230 2712 vitiis
1273 2649 1601 2711 emundatas
1659 2652 1809 2713 bono
1875 2653 2029 2713 cultu
2073 2650 2366 2712 doctrinae
2411 2651 2502 2710 in-

458 2737 668 2796 stituis.

630 2825 738 2884 64.
785 2823 987 2899 Fruge
1023 2822 1391 2893 Cleanthea,
1429 2823 1615 2882 fructu
1645 2822 2037 2903 philosophiae
2068 2822 2161 2882 vel
2190 2822 2500 2883 stoicorum

455 2908 821 2988 praeceptis,
864 2909 1025 2966 cuius
1057 2917 1255 2967 sectae
1287 2907 1595 2967 Cleanthes
1625 2909 1987 2989 philosophus
2020 2910 2144 2969 fuit.
2312 2909 2502 2967 Petvte

460 2993 597 3051 hinc
636 3011 894 3051 tavenes.
952 2992 1204 3063 Discite,
1234 3011 1270 3051 o
1300 3010 1475 3052 senes
1521 3003 1583 3053 et
1623 2997 1825 3075 pueri,
1885 3013 1996 3075 quo
2039 2992 2253 3054 debeat
2280 2994 2499 3053 animus

458 3075 734 3148 tendere,
766 3076 822 3136 id
852 3088 972 3149 est,
1014 3075 1084 3136 ad
1109 3077 1545 3157 philosophiam.

631 3165 732 3224 65.
777 3162 853 3221 Ει
896 3163 1178 3222 senectuti
1224 3174 1455 3223 vestrae
1495 3161 1698 3224 discite
1743 3165 1999 3236 vt‘att'ca,
2042 3164 2152 3224 hoc
2198 3174 2292 3224 est
2325 3182 2500 3245 prue-

458 3245 603 3308 sidia
645 3247 737 3306 vel
769 3247 974 3306 solatia
1003 3250 1331 3308 senectutis.

631 3336 736 3396 66.
786 3334 941 3392 Cras
967 3333 1227 3410 laocfiet.
1282 3333 1478 3393 Verba
1508 3331 1817 3394 studiorum
1847 3331 2062 3395 desidis
2093 3331 2163 3393 ud
2193 3341 2440 3413 poetam.

456 3418 620 3478 Idem
665 3437 803 3478 cras
825 3418 987 3495 fiet,
1038 3418 1286 3478 Persius.

632 3492 733 3569 fib.
784 3504 938 3580 Qued
995 3522 1165 3581 quast
1218 3523 1494 3583 magnum
1548 3524 1751 3583 nempe
1810 3506 1960 3563 dtem
2005 3506 2207 3563 donas.
2281 3502 2359 3562 Et
2400 3502 2497 3562 ille

460 3585 773 3648 studiorum
816 3586 1024 3648 deses·
1081 3589 1257 3662 Quasi
1305 3587 1514 3671 aliquid
1560 3611 1819 3668 magnum
1875 3587 2182 3660 concedis,
2241 3590 2292 3647 si
2334 3589 2498 3648 unius

460 3673 573 3735 diei
618 3675 802 3754 spatio
845 3675 1061 3733 otiosus
1107 3676 1230 3732 sim.
1404 3677 1529 3734 Sed
1567 3696 1694 3734 cum
1738 3678 1848 3734 lux
1890 3675 2082 3735 altera
2125 3675 2320 3745 venit,
2379 3693 2497 3732 tam

458 3779 616 3819 cras.
672 3758 748 3818 Et
779 3758 1044 3818 Persius:
1090 3759 1259 3819 Nulla
1305 3758 1499 3821 dilatio
1546 3771 1637 3819 est
1680 3757 2092 3838 interponenda
2122 3757 2341 3818 studiis.
2404 3757 2499 3818 Si-

460 3841 683 3925 quidem
727 3846 768 3904 ii
808 3842 1191 3922 decipiuntur,
1237 3846 1331 3925 qui
1371 3846 1747 3906 tolerabiliter
1789 3847 2112 3905 existimant
2153 3864 2318 3903 unam
2349 3841 2496 3903 diem

458 3927 754 4008 indulgere
799 3930 1113 4001 vacationi,
1171 3950 1281 4010 qun
1322 3942 1612 3991 transacta
1653 3930 1960 3992 delectabit
1999 3949 2206 3990 vacare
2254 3930 2310 3988 iu
2357 3930 2494 3991 alin.

462 4013 560 4074 Sic
592 4013 716 4073 dum
748 4014 876 4074 leve
906 4014 1131 4074 videtur
1159 4036 1267 4075 una
1297 4013 1388 4076 die
1418 4019 1658 4078 otiosum
1688 4036 1852 4090 esse,
1904 4036 2081 4077 annus
2109 4035 2217 4096 per
2243 4015 2496 4095 singulos

460 4098 584 4160 dies
616 4101 672 4159 iu
704 4102 818 4160 otio
849 4103 1216 4161 eonsumitur.
