2764 4738
519 393 653 463 246
1082 395 1347 461 scum„
1389 395 1500 461 An
1544 395 1763 463 PROL.
1804 403 2025 465 5—8.

691 573 754 635 5.
795 569 1132 644 Lamban,
1207 568 1267 631 id
1322 580 1418 631 est
1465 578 1669 650 tegunt
1708 569 1803 633 vel
1844 566 2227 643 circadam,
2288 579 2355 633 et
2406 571 2583 653 quasi

521 655 713 735 lingua
741 665 990 737 tergunt.
1034 655 1308 735 Virgilius
1346 662 1401 715 12

1108 752 1173 801 et
1205 743 1411 801 sidera
1454 740 1685 803 lambit.

692 828 753 890 6.
795 828 1069 886 Hederae
1106 846 1407 905 sequaces.
1480 826 1711 887 Hedera
1740 843 1971 907 semper
1995 823 2192 885 viridis
2219 835 2318 886 est
2343 836 2410 887 et
2437 822 2577 887 ideo

521 908 737 972 hedera
779 911 1198 972 coronabantur
1239 922 1484 992 poetae,
1529 913 1661 993 qnia
1703 930 1907 971 nomen
1947 930 2144 971 eorum
2185 929 2422 990 semper
2449 932 2577 971 na-

519 1007 654 1072 net3
700 1016 1019 1076 sequaces,
1066 994 1216 1078 quod
1244 1007 1558 1078 sequantur
1585 1008 1647 1058 et
1680 999 1806 1057 siue
1837 996 1948 1057 line
1979 1007 2200 1075 repant.
2374 999 2574 1056 Sem-

512 1101 828 1161 paganus‚
862 1084 1195 1163 semipoeta.
1260 1081 1337 1142 Et
1366 1082 1475 1142 hnc
1504 1081 1683 1143 verbo
1714 1082 1905 1142 humili
1946 1082 2199 1160 satyrico
2227 1079 2398 1141 modo
2428 1101 2572 1142 usus

520 1180 631 1228 est.
685 1169 928 1270 Pagam
963 1166 1226 1228 dicuntur
1264 1168 1503 1239 rustici,
1549 1169 1643 1249 qni
1685 1187 1797 1227 non
1841 1176 2122 1226 noverunt
2162 1166 2398 1238 urbem,
2445 1162 2571 1228 ἀπὸ

516 1253 629 1313 τοῦ
672 1249 870 1331 πάγου
885 1297 909 1326 ,
954 1272 990 1314 a
1029 1253 1180 1313 villa.
1255 1267 1265 1277 “
1349 1252 1561 1315 Aliter.
1626 1254 2100 1331 Semipaganns,
2155 1253 2570 1325 esmivilla-us,

517 1339 555 1398 i.
587 1356 642 1398 e.
686 1357 798 1397 uon
842 1339 1068 1417 integre
1115 1336 1338 1397 doctus.
1398 1337 1528 1416 Ego
1570 1349 1758 1397 autem
1802 1341 1951 1397 iuter
1993 1347 2194 1416 poetas
2224 1347 2285 1396 et
2314 1339 2569 1397 rusticos

517 1442 639 1482 sum
669 1421 1059 1483 medioximus.
1114 1427 1312 1502 Pagos
1341 1425 1489 1482 enim
1518 1424 1686 1495 villa,
1728 1424 1893 1494 fons,
1933 1421 2083 1483 uude
2123 1424 2335 1502 pagani
2366 1421 2571 1483 dicuu-

516 1520 612 1569 tur
637 1509 861 1579 villani,
907 1510 1067 1590 quasi
1097 1527 1174 1569 ex
1203 1528 1315 1567 uuo
1346 1509 1508 1568 fonte
1535 1518 1802 1588 potantes
1837 1513 1881 1567 ².

688 1598 750 1656 7.
791 1594 900 1652 Ad
919 1611 1101 1653 sacra
1131 1602 1332 1652 vatum
1351 1635 1369 1664 ‚
1405 1590 1477 1651 ad
1506 1612 1798 1653 numerum
1827 1602 2140 1672 poetarum.

686 1680 748 1739 8.
799 1678 943 1753 Quis
1000 1679 1308 1756 expedfflit
1344 1677 1607 1756 psittaco
1667 1696 1839 1738 suunt
1887 1678 2105 1737 chaere
2120 1679 2153 1735 ἲ
2238 1674 2365 1736 Boc
2406 1673 2567 1749 dicit,

515 1756 664 1839 quod
708 1780 819 1820 non
861 1780 1058 1822 omues
1099 1760 1450 1821 solummodo
1477 1773 1680 1821 natura
1709 1781 1812 1822 sua
1841 1772 1972 1821 sunt
1999 1771 2241 1840 poetae,
2286 1760 2393 1821 sed
2423 1780 2570 1821 vea-

516 1846 620 1904 tris
664 1855 727 1906 et
772 1848 1047 1924 egestatis
1099 1847 1450 1908 necessitate
1501 1857 1813 1926 coguntur,
1873 1844 2005 1907 dum
2056 1855 2242 1906 semet
2283 1843 2568 1906 studendo

513 1931 721 2008 vigiliis
765 1932 1053 1991 cruciant:
1097 1932 1306 2011 alioqui
1348 1951 1546 1992 omnes
1590 1942 1787 1992 esseut
1829 1934 1954 1991 siue
1985 1929 2179 1991 labore
2212 1942 2461 2011 poetae,
2505 1941 2570 1992 et

513 2014 624 2075 hoc
668 2014 738 2076 de
782 2015 979 2076 avibus
1021 2017 1241 2096 probat.
1297 2015 1443 2076 Nam
1487 2014 1767 2098 hodieque
1810 2015 2067 2076 videmus
2109 2017 2386 2094 psittacos
2430 2036 2568 2077 esu·

512 2101 729 2160 rientes
759 2101 942 2162 vocali
971 2122 1116 2162 sono
1146 2112 1409 2181 strepere
1452 2112 1515 2163 et
1538 2100 1715 2186 χαῖρε
1742 2100 1962 2163 dicere.
2058 2103 2365 2162 Psittacus
2383 2106 2413 2143 ³
2441 2104 2565 2162 avis

515 2229 542 2281 1
581 2226 769 2293 virgil.
809 2229 940 2282 Aen.
979 2228 1070 2293 ΙΙΙ,
1109 2229 1229 2282 574.

511 2298 548 2353 2
582 2297 663 2349 Cf.
705 2297 855 2349 Serv.
899 2298 963 2349 ad
989 2298 1136 2363 virg.
1164 2297 1353 2363 Georg.
1384 2296 1450 2357 11.
1477 2297 1600 2352 38².
1637 2323 1705 2336 —
1741 2296 1797 2349 ln
1832 2295 1947 2347 eod.
1984 2294 2215 2347 Darmst.
2253 2295 2356 2347 hoe
2388 2303 2568 2348 exstat

485 2431 490 2436 ι
580 2366 785 2420 scheba
838 2367 1188 2435 „Antiquitas
1223 2383 1378 2419 senes
1413 2368 1465 2419 Ιιι
1502 2366 1693 2433 apricis
1728 2366 1855 2418 loeis
1889 2364 2132 2417 sedentes
2167 2364 2312 2418 soliti
2352 2365 2569 2418 fuerunt

581 2451 769 2487 avaros
818 2437 1067 2504 probare,
1135 2438 1398 2504 parvulam
1443 2436 1756 2488 sarcinulam
1805 2436 1859 2487 in
1914 2435 2308 2487 similitudinem
2359 2435 2564 2486 denarii

580 2511 846 2556 nectentes
896 2507 946 2556 in
994 2506 1161 2558 lutum
1207 2506 1570 2572 proiecerunt,
1609 2514 1705 2570 ut,
1762 2505 1807 2554 si
1844 2504 1959 2570 quis
1993 2505 2442 2571 praetereuntium
2478 2505 2567 2555 de-

582 2574 781 2624 narium
830 2573 1163 2635 sustulisset,
1215 2573 1280 2625 ab
1332 2573 1567 2625 omnibus
1621 2573 1964 2624 derideretur.
2029 2571 2095 2622 Et
2131 2574 2225 2623 hoo
2261 2574 2415 2623 node
2449 2588 2564 2625 eum

579 2641 740 2705 dicit,
778 2658 924 2694 avem
961 2643 1093 2694 fame
1127 2642 1359 2711 compelli
1395 2642 1460 2694 ad
1497 2642 1639 2694 vocis
1675 2642 1928 2693 hnmanae
1963 2641 2223 2705 studium,
2276 2642 2561 2706 siguificat,

579 2724 767 2762 avaros
811 2727 1010 2779 qnoque
1056 2712 1432 2778 pollicitatione
1483 2710 1571 2761 vel
1612 2727 1704 2777 spe
1752 2710 1964 2778 praemii
2013 2711 2078 2761 ad
2115 2710 2345 2762 studium
2384 2719 2563 2778 poetae

579 2779 637 2841 (1.
668 2781 920 2847 poeticae)
968 2780 1221 2848 conpelli.
1297 2779 1353 2831 Si
1404 2779 1599 2840 alicui,
1648 2780 1810 2840 dicit,
1859 2780 2155 2848 cupidoium
2193 2779 2566 2831 ostenderetur

578 2849 846 2913 denarius,
883 2849 1051 2911 illum,
1089 2850 1173 2899 cui
1201 2865 1293 2917 per
1315 2856 1552 2899 untnram
1587 2849 1923 2916 prohibitum,
1961 2849 2264 2899 aestimares
2292 2852 2562 2914 poet-nf‘

511 2917 542 2970 3
581 2916 718 2968 Haeo
753 2933 818 2968 ex
853 2916 1047 2969 isidoro
1072 2919 1257 2983 (origg.
1288 2915 1404 2980 xn,
1433 2917 1485 2982 7)
1509 2917 1739 2969 desumta
1764 2916 2005 2969 snut.1n
2032 2915 2408 2967 eod.1)armst.
2438 2917 2563 2968 liaeo

575 2985 911 3050 legunturz,
920 2986 1144 3050 ,Sitacns
1179 2987 1351 3038 avidis
1393 2987 1444 3037 in
1484 2987 1712 3038 numidia
1747 2986 1886 3052 (avis
1915 2984 2302 3050 mutuamina
2353 2986 2406 3036 in
2447 2986 2564 3037 lito-

577 3055 725 3106 ribus
760 3023 992 3120 gigni'ssur
1025 3057 1197 3107 colore
1232 3055 1427 3114 viridi,
1462 3062 1642 3122 torque
1680 3057 1922 3122 punicea
1959 3054 2141 3117 gro-dt
2171 3054 2354 3119 lingua
2390 3061 2447 3106 et
2480 3070 2564 3106 ee-

576 3125 708 3174 teris
741 3124 926 3176 avibus
962 3124 1186 3186 latiore,
1226 3124 1361 3175 unde
1397 3131 1453 3175 et
1486 3124 1770 3176 articulata
1805 3122 1967 3175 verba
2002 3123 2276 3189 exprimit,
2319 3126 2393 3174 ita
2426 3131 2489 3174 ut
2514 3124 2561 3175 si

576 3207 688 3244 eam
728 3194 1052 3259 perspexeris
1087 3193 1214 3258 (leg.
1242 3209 1346 3244 non
1369 3207 1475 3259 pro
1547 3192 1585 3258 .)
1609 3200 1757 3260 putes
1788 3192 2036 3242 nominem
2064 3191 2223 3258 loqui.
2260 3190 2343 3242 Ex
2372 3200 2562 3243 natura

577 3269 752 3312 autem
800 3262 998 3313 salutat
1047 3261 1220 3312 dicens
1270 3276 1368 3312 ave
1406 3209 1636 3313 etTev-e.
1700 3258 1844 3327 Quod
1881 3261 2145 3324 ingenium
2185 3262 2257 3311 ita
2294 3258 2561 3312 Romanae

577 3330 798 3382 deliciae
833 3331 1051 3382 miratae
1087 3339 1242 3391 sunt,
1281 3330 1417 3380 unde
1451 3329 1559 3395 (ut)
1586 3258 1836 3381 barlgros
1861 3330 2151 3393 (barbaris)
2176 3329 2403 3396 psitaeos
2428 3346 2562 3381 mer·

576 3414 687 3450 cem
734 3398 971 3450 fecerunt
1016 3399 1321 3466 (fecerint).
1381 3398 1544 3450 Cuius
1579 3406 1803 3450 rostrum
1841 3405 2018 3450 tantse
2054 3397 2280 3448 duritiae
2329 3406 2446 3458 est,
2501 3405 2561 3449 ut

576 3483 691 3519 cum
722 3484 751 3518 e
786 3467 995 3520 sublimi
1031 3485 1088 3520 se
1123 3467 1432 3535 praecipitat
1465 3483 1624 3530 saxo,
1664 3467 1778 3518 uisu
1816 3482 1873 3518 se
1909 3467 2025 3517 eins
2060 3468 2284 3534 excipiat
2321 3473 2379 3517 et
2410 3468 2559 3533 quasi

576 3537 793 3603 quodam
847 3535 1104 3604 praesidio
1152 3539 1333 3588 utatur
1382 3537 1832 3588 extraordinariae
1881 3536 2165 3587 firmitatis.
2225 3535 2398 3602 Caput
2445 3536 2560 3587 eius

577 3612 680 3657 tam
721 3605 920 3666 valens,
962 3613 1018 3656 nt
1053 3607 1096 3655 si
1126 3606 1325 3671 qnando
1360 3606 1425 3657 nd
1465 3606 1760 3656 discendum
1799 3605 1964 3672 plagis
1999 3605 2071 3655 sit
2104 3605 2355 3667 monitus,
2387 3603 2557 3656 ferrea

577 3675 833 3726 clavicula
880 3677 952 3726 sit
989 3675 1361 3726 verberandus.
1436 3673 1564 3726 Dum
1602 3674 1773 3740 pullus
1809 3681 1890 3725 est
1924 3690 2021 3724 non
2062 3673 2213 3738 (πίει)
2247 3673 2390 3725 intra
2428 3674 2561 3725 alte-

579 3759 690 3794 rum
726 3745 917 3795 aetatis
953 3759 1175 3807 annum,
1227 3758 1289 3795 ca
1336 3756 1468 3809 quae
1505 3749 1787 3795 monstrata
1834 3750 1955 3794 sunt
1999 3741 2155 3793 eitius
2196 3742 2356 3792 discit
2391 3749 2444 3793 et
2480 3749 2558 3793 te·

581 3811 758 3863 uncins
793 3814 1020 3872 retinet,
1060 3813 1223 3863 maior
1257 3813 1409 3879 paulo
1437 3813 1652 3877 segnior
1686 3819 1768 3862 est
1802 3818 1858 3862 et
1891 3809 2178 3862 obliviosus
2213 3810 2552 3861 etiudoeilis.

579 3879 717 3932 inter
752 3881 950 3932 nobiles
998 3888 1055 3932 et
1098 3881 1325 3946 plebeios
1376 3881 1742 3931 discretionem
1797 3879 1923 3931 facit
1961 3894 2202 3930 numerus
2238 3880 2554 3944 digitorum

576 3949 664 4017 qui
703 3956 970 4017 praestant
1002 3950 1188 4032 quinos
1226 3950 1419 4000 habent
1458 3949 1668 4014 digitos
1705 3949 1865 4000 ceteri
1903 3949 2121 3999 ternosf
2180 3974 2242 3987 -
2273 3947 2414 4000 Hace
2436 3964 2550 4000 ver·

579 4021 658 4068 his
704 4017 930 4084 anllnm
980 4020 1193 4070 mutatis
1240 4034 1270 4069 e
1321 4019 1496 4069 Solinn
1536 4035 1583 4068 e.
1630 4020 1699 4069 52
1736 4019 1849 4079 (55)
1890 4018 2236 4084 transscripta
2268 4025 2430 4080 sunt,
2480 4015 2547 4069 cf.

577 4086 709 4138 ΡΙΙιι.
743 4085 815 4153 Χ,
846 4089 931 4152 42,
957 4087 1045 4140 58.
1082 4087 1236 4154 Apul.
1267 4086 1406 4138 Flor.
1443 4103 1491 4155 p·
1520 4088 1724 4153 348811.
1751 4087 1887 4139 Elui.

92 4205 660 4630 ‘N
