2764 4738
890 439 1061 503 SAT.
1097 440 1167 513 11,
1202 445 1281 505 14
1311 473 1397 489 —·
1433 444 1530 505 19.
2125 434 2249 502 123

245 614 350 673 vius
378 609 465 687 (ad
495 612 656 690 Virg.
689 610 902 691 Georg.
935 612 1034 684 IV,
1065 615 1216 681 256)
1248 611 1411 685 dicit,
1466 613 1680 671 ducere
1719 611 1946 691 proprie
1992 610 2249 670 funerum

245 717 377 768 esse,
402 696 699 757 notandum
745 699 932 777 potins
979 708 1105 767 est,
1151 699 1365 756 ducere
1408 695 1479 756 de
1522 716 1724 776 pompa
1769 695 2062 767 adhiberi,
2106 714 2252 775 quae

246 785 374 841 sieut
398 785 450 841 in
481 784 704 852 funere,
737 785 815 842 ita
846 785 899 842 in
933 784 1138 860 nuptiis
1170 785 1518 861 potissimam
1573 781 2001 842 cerimoniarum
2035 792 2251 860 partem

246 867 526 938 efficiebat,
557 867 709 927 unde
741 866 814 928 de
859 880 1100 947 utraque
1151 888 1214 927 re
1252 889 1306 927 v.
1340 870 1557 927 ducere
1580 869 1636 925 in
1667 887 1772 926 usu
1803 877 1910 927 est.
1968 866 2114 926 Nam
2146 864 2249 925 dn·

244 972 361 1012 cere
389 973 618 1013 uxorem
650 951 859 1013 dictum
890 965 1012 1023 est,
1054 955 1181 1032 quia
1215 954 1449 1012 solemni
1482 952 1701 1011 domum
1743 949 2078 1011 deductione
2109 970 2254 1010 uxor

243 1038 312 1107 fit,
337 1040 410 1098 cf.
459 1038 683 1098 Hotom.
732 1038 802 1099 de
848 1050 959 1098 vet.
1006 1040 1100 1098 rit.
1150 1050 1302 1117 nupt.
1343 1057 1395 1097 c.
1435 1042 1535 1101 19.
1595 1040 1803 1110 Haec,
1842 1036 1975 1096 talia
2005 1047 2160 1108 vota,
2191 1046 2254 1095 ut

243 1143 423 1200 poscas
448 1135 690 1195 sancte,
746 1126 821 1183 ita
883 1135 942 1182 ut
967 1121 1199 1183 deorum
1245 1123 1427 1182 cultus
1473 1125 1754 1201 postulat,
1798 1122 1989 1181 Tiberi
2023 1122 2250 1182 lavaris.

244 1207 366 1266 Nam
396 1212 484 1289 qni
516 1208 588 1268 ad
619 1229 790 1268 saera
821 1207 1163 1280 accedebat,
1209 1228 1354 1288 aqua
1387 1227 1451 1267 se
1481 1210 1635 1287 prins
1668 1209 1941 1267 lustrabat
1975 1206 2251 1279 (Macrob.

246 1292 350 1352 Sat.
380 1295 420 1363 1,
450 1300 534 1367 3),
565 1296 904 1374 Praesertim
937 1295 1123 1353 antem
1154 1295 1425 1353 matutino
1457 1305 1710 1372 tempore
1744 1293 2074 1352 lavabantur
2106 1292 2248 1366 (luv.

243 1378 327 1448 Vl,
355 1384 470 1442 522
500 1385 637 1459 sq.,)
668 1399 792 1440 cnm
837 1400 949 1438 nox
978 1400 1087 1438 non
1121 1380 1297 1438 solum
1346 1380 1645 1439 concubitu
1692 1379 1836 1453 (Cic.
1852 1399 1923 1479 p.
1957 1379 2114 1437 Cael.
2152 1381 2252 1442 14,

240 1467 330 1526 34.
379 1464 534 1524 Ovid.
579 1463 707 1523 Am.
755 1465 951 1536 111‚7‚
1000 1470 1082 1527 82
1128 1486 1216 1544 sq.
1224 1472 1283 1536 ),
1329 1463 1430 1523 sed
1479 1467 1644 1523 etiam
1690 1467 1919 1523 somniis
1953 1463 2148 1537 (Serv.
2183 1461 2254 1522 ad

238 1548 387 1627 Virg.
419 1551 564 1609 Aen.
597 1550 748 1620 VIII,
782 1554 882 1613 69.
915 1549 1216 1650 Prop.1V,
1259 1553 1297 1612 9
1330 1550 2020 1642 [111‚1o]‚13)ponuere
2050 1545 2254 1609 crede·
2310 1583 2317 1588 ·

235 1646 399 1693 retur.
456 1637 571 1693 Ter
599 1635 706 1693 hoc
739 1636 908 1706 facit,
952 1637 1081 1713 quia
1112 1636 1391 1693 ternarius
1424 1653 1687 1693 numerus
1729 1645 1958 1694 sanctus
1990 1636 2044 1691 in
2078 1633 2254 1691 omni·-

233 1720 326 1777 bus
371 1720 489 1780 fere
536 1721 861 1778 cerimoniis
906 1719 1312 1791 adhibebatur,
1344 1720 1420 1777 cf.
1453 1720 1626 1778 Voss.
1654 1718 1725 1778 ad
1754 1720 1916 1797 Virg.
1948 1719 2073 1778 Eel.
2105 1717 2253 1788 VIII,

232 1807 329 1865 73.
362 1803 659 1874 Seebode,
715 1803 908 1864 Schol.
944 1825 997 1863 z.
1034 1804 1167 1863 Hor.
1198 1804 1284 1863 Fi.
1318 1824 1371 1883 p.
1410 1808 1486 1866 12
1519 1824 1608 1884 sq.
1683 1807 1787 1863 Bis
1822 1815 2028 1882 terque
2068 1813 2255 1863 antem

233 1887 454 1960 indicat,
516 1890 794 1948 minimum
841 1900 932 1948 ter
960 1887 1017 1947 id
1062 1890 1182 1949 fieri
1203 1931 1221 1961 ,
1278 1910 1335 1948 v.
1371 1888 1555 1949 BentI.
1590 1887 1661 1948 ad
1692 1889 1828 1950 Hor.
1860 1887 2026 1968 epod.
2060 1893 2119 1959 5,
2151 1891 2252 1951 33.

383 2080 438 2119 v.
477 2062 748 2122 17-30.
819 2058 1173 2138 Interrumpit
1221 2059 1365 2119 hanc
1411 2057 1847 2139 descriptionem
1895 2059 2157 2130 Persius,
2198 2069 2258 2119 et

231 2164 380 2225 quem
408 2143 577 2205 modo
608 2156 936 2223 precantem
968 2144 1127 2215 fecit,
1159 2156 1519 2223 praesentem
1547 2146 1704 2222 fingit
1733 2156 1793 2203 et
1822 2165 1946 2204 cum
1978 2164 2048 2204 eo
2078 2144 2255 2203 dialo-

230 2249 349 2308 gum
382 2231 598 2290 babere
631 2232 846 2308 incipit,
877 2241 937 2288 nt
968 2229 1249 2299 ostendat,
1282 2250 1442 2309 qnam
1478 2231 1647 2290 stulte
1678 2231 1811 2289 talia
1856 2249 1890 2288 a
1921 2230 2026 2289 diis
2057 2240 2257 2309 petan-

229 2325 326 2386 tur,
357 2335 505 2398 quae
548 2316 620 2375 ab
668 2316 889 2374 bomine
936 2333 1098 2375 nemo
1146 2315 1352 2376 audeat
1397 2325 1616 2395 petere.
1690 2318 1864 2376 Scire
1909 2317 2149 2386 laboro,
2197 2325 2256 2374 ut

228 2401 358 2480 apnd
394 2402 591 2460 Horat.
623 2421 754 2481 epp.
785 2401 828 2472 1,
860 2405 921 2473 3,
952 2405 1012 2463 2.
1059 2413 1118 2461 et
1147 2421 1314 2460 nosse
1344 2402 1549 2460 laboro
1579 2401 1774 2461 Horat.
1810 2400 1930 2460 Sat.
1963 2402 2033 2473 11,
2063 2406 2124 2471 8,
2160 2404 2253 2462 19.

229 2489 374 2564 Quid
398 2488 583 2546 sentis
614 2488 651 2545 i.
684 2507 737 2545 e.
771 2506 1013 2557 censes,
1057 2485 1272 2546 indicas
1322 2488 1468 2560 (Cic.
1506 2485 1576 2546 de
1608 2488 1761 2565 legg.
1794 2488 1864 2558 Π,
1913 2493 2010 2557 13,
2045 2491 2150 2549 32.
2186 2483 2256 2543 ad

224 2572 360 2631 divv.
393 2572 477 2632 1v
478 2614 496 2641 ,
533 2576 632 2643 13,
665 2576 727 2644 5)
778 2573 848 2630 de
891 2573 1050 2642 Iove,
1084 2592 1250 2650 quem
1281 2573 1418 2631 talia
1460 2574 1755 2654 precaris?
1797 2572 1858 2631 In
1891 2571 2257 2651 sequentibus

226 2658 361 2718 bene
392 2659 571 2717 utitur
599 2668 766 2717 cauta
795 2655 1031 2736 quadam
1079 2659 1238 2737 quasi
1285 2677 1389 2736 per
1432 2657 1701 2735 ambages
1746 2657 2133 2734 interrogandi
2163 2676 2259 2715 ra·

222 2746 391 2815 tione,
421 2761 570 2822 qnae
601 2744 835 2802 ironiam
867 2745 1040 2800 totins
1071 2743 1202 2813 loci,
1234 2762 1378 2822 qnae
1410 2744 1464 2801 in
1498 2743 1606 2801 inis
1637 2743 1927 2801 minimum
1959 2752 2070 2811 est,
2105 2742 2262 2821 quod

222 2830 372 2888 seire
431 2828 637 2888 laboro
691 2829 798 2886 iam
854 2827 1235 2906 significatur,
1325 2830 1507 2906 magis
1567 2829 1735 2887 etiam
1808 2824 2012 2906 prodit.
2121 2824 2258 2887 Inde

220 2912 348 2974 iilud
380 2922 544 2972 estne
570 2923 659 2984 ut,
699 2914 778 2971 cf.
810 2912 1043 2972 Terent.
1078 2911 1221 2973 Hec.
1258 2913 1355 2985 IV,
1392 2919 1449 2985 1,
1480 2917 1582 2975 43.
1615 2912 1838 2972 Phorm.
1870 2912 1944 2984 V,
1976 2918 2037 2983 7,
2069 2916 2170 2983 32,
2202 2921 2263 2970 et

216 3017 588 3078 praeponere
619 3017 827 3069 cureS,
874 3000 964 3057 cui
1008 2998 1260 3058 conferri
1301 3008 1525 3077 potest,
1568 3018 1897 3077 quamquam
1942 2998 2146 3056 fortius
2176 2993 2263 3053 di-

222 3095 386 3157 ctum,
416 3083 513 3155 111,
544 3088 659 3145 ⁷8:
689 3102 840 3154 „non
872 3102 982 3162 ego
1013 3102 1150 3142 curo
1180 3102 1333 3154 esse,
1364 3081 1512 3163 quod
1541 3084 1900 3144 Arcesilas.“
1933 3081 2264 3160 Interpellat

224 3189 344 3229 enm
375 3169 552 3247 igitur
580 3166 961 3239 adversarius,
993 3167 1398 3247 interrogando
1428 3171 1704 3228 cuinam?
1730 3168 1989 3247 Denique
2019 3168 2264 3225 nominat

224 3256 488 3325 Staium,
533 3273 644 3332 quo
685 3254 907 3313 nomine
941 3253 1195 3325 Persium
1240 3252 1312 3313 de
1345 3253 1612 3326 Staieno,
1643 3256 1736 3334 qui
1767 3256 1821 3311 in
1851 3252 2058 3312 iudicio
2092 3251 2262 3330 Oppi—

230 3341 392 3399 anico
423 3337 599 3399 index
628 3350 927 3418 corruptus
959 3339 1234 3399 famosum
1265 3358 1331 3399 se
1363 3340 1608 3411 fecerat,
1638 3341 1927 3418 cogitasse
1946 3381 1963 3411 ,
2006 3349 2065 3396 ut
2095 3334 2265 3395 tradit

225 3425 432 3496 scbol„
479 3426 575 3485 vix
614 3443 842 3502 possum
884 3424 1016 3483 mihi
1060 3422 1432 3502 persuadere.
1492 3424 1695 3505 Neque
1741 3426 1964 3482 omnino
2011 3422 2261 3481 Persium

226 3510 313 3571 bie
343 3511 583 3570 bominis
635 3509 889 3570 vilissimi
935 3510 1251 3589 exemplum
1293 3510 1501 3569 afferre
1542 3511 1826 3579 voluisse,
1880 3527 2063 3589 neque
2115 3508 2263 3566 bunc

228 3616 312 3656 vs.
348 3600 432 3658 20
463 3615 691 3655 sensum
724 3615 857 3655 esse
902 3593 1098 3656 eredo.
1162 3593 1458 3655 Sententia
1488 3595 1631 3654 haec
1664 3605 1784 3663 est,
1817 3595 2003 3655 Iovem
2034 3595 2264 3654 cuicun-

227 3701 331 3762 que
364 3681 572 3739 bomini
603 3700 957 3759 praeponere
989 3701 1155 3741 nemo
1185 3679 1493 3752 dubitabit,
1525 3700 1716 3739 verum
1748 3698 2133 3760 quemcunque
2163 3679 2266 3737 ho-

227 3768 428 3826 minem
459 3768 584 3845 quis
609 3766 805 3844 eligat,
836 3777 896 3824 ut
926 3777 1056 3825 vota
1088 3786 1191 3825 sua
1222 3769 1277 3827 ei
1308 3764 1681 3836 commendet,
1715 3786 2007 3845 numquam
2039 3766 2172 3823 talia
2211 3765 2264 3823 ei

225 3854 557 3923 committet,
589 3851 775 3930 qualia
806 3849 874 3909 ad
905 3852 1094 3911 Iovem
1139 3862 1428 3930 precatur.
1505 3851 1631 3910 Non
1674 3871 1815 3929 ergo
1859 3853 2159 3929 pessimum
2208 3861 2269 3909 et

226 3948 549 4017 corruptum
595 3937 871 3996 hominem
917 3940 1209 3997 nominare
1253 3935 1520 4009 debebat,
1557 3958 1681 3995 nam
1715 3938 1811 3995 tati
1846 3956 1951 3995 nec
1982 3936 2130 3994 bona
2161 3955 2266 3995 neu

228 4023 371 4083 maia
417 4034 550 4081 vota
602 4022 771 4081 facile
818 4024 939 4102 quis
983 4021 1370 4094 commendet,
1418 4022 1521 4084 sed
1565 4018 1698 4081 b'oni
1760 4024 2012 4102 rectique
2056 4018 2268 4089 indicii,

224 4109 421 4188 quales
465 4108 668 4168 multos
715 4108 993 4169 invenias.
1080 4107 1215 4168 Cum
1264 4107 1479 4169 Staium
1538 4110 1915 4179 nominasset,
1960 4103 2148 4178 addit,
2193 4125 2264 4164 ne
