2764 4738
786 412 954 474 SAT.
988 413 1082 488 111,
1118 418 1199 477 10
1228 446 1312 464 --
1343 418 1447 477 21.
2039 407 2163 475 147

153 581 285 642 eibos
313 581 643 644 manducant
671 586 940 646 infantes.
970 585 1229 645 Mamma
1260 595 1318 643 et
1346 587 1471 663 ipsa
1503 604 1615 643 vox
1644 583 1897 663 puerilis,
1929 595 1989 641 ut
2016 582 2163 662 apud

152 666 373 728 Graecos
402 665 615 747 μάμμη
648 672 751 744 (cf.
783 670 968 730 Piers.
1000 669 1070 729 ad
1099 671 1282 730 Moer.
1313 691 1373 750 p.
1396 675 1521 732 258
1551 690 1636 749 sq.
1667 669 1813 728 Lob.
1845 667 1916 727 ad
1948 667 2159 748 Pbryn.

147 773 192 832 p.
223 758 328 816 133
358 761 506 834 sqq.)
527 798 545 827 ‚
590 768 858 830 matrem,
905 757 1084 816 aviam
1117 766 1177 814 et
1205 758 1481 815 nutricem
1512 754 1793 834 significat
1822 754 1943 829 (οἳ.
1977 755 2162 832 gloss.

151 851 242 898 vet.
270 839 409 918 apud
444 840 662 919 Scalig.
716 861 849 920 epp.
884 842 981 913 tv,
1015 846 1139 904 327
1171 861 1225 918 p.
1275 845 1432 904 639:
1491 836 1529 914 ἡ
1560 834 1824 918 τροφός·
1860 843 2156 912 mamma).

148 922 409 1003 Frequens
438 946 803 985 mammarum
835 929 1044 987 mentio
1075 929 1129 985 iu
1161 927 1336 986 titulis
1368 936 1491 996 est,
1522 925 1615 984 ubi
1645 944 1929 1003 persaepe
1962 922 2161 983 dubius

148 1008 394 1080 haereas,
438 1032 684 1090 quonam
726 1012 1091 1072 referendum
1138 1014 1212 1072 sit
1242 1011 1605 1082 vocabulum,
1635 1031 1690 1070 v.
1721 1010 1982 1089 exempla
2012 1008 2160 1087 apud

149 1092 281 1153 Grut-
324 1100 467 1168 662,
515 1101 579 1168 9,
644 1101 741 1159 10.
789 1097 933 1161 663.
1007 1098 1275 1157 Nutrices
1308 1108 1496 1157 autem
1541 1097 1804 1175 inquietis
1851 1096 2159 1155 infantibus

147 1182 409 1240 cantilenis
454 1184 734 1242 somnium
779 1183 1188 1253 conciliabant,
1237 1181 1384 1263 quod
1432 1181 1669 1242 Graecis
1710 1180 2021 1258 βαυκαλᾶν
2048 1191 2159 1251 est,

147 1266 211 1325 ef.
238 1267 437 1325 Atbeu.
487 1268 631 1328 XIV
672 1289 727 1348 p.
762 1272 884 1332 619
915 1269 983 1327 E.
1033 1267 1313 1327 Valcken.
1347 1270 1518 1327 anim.
1569 1265 1640 1325 ad
1683 1264 1942 1325 Ammon.
1987 1266 2032 1336 l,
2079 1269 2159 1328 10

143 1355 305 1427 pte.
348 1352 533 1431 Iutpp.
579 1353 765 1413 Moer.
810 1375 866 1432 p.
914 1357 1035 1416 102
1080 1374 1164 1432 sq.
1240 1353 1363 1413 Hoc
1408 1352 1639 1412 Persius
1670 1361 1839 1410 vocat
1877 1369 2161 1409 mammae

148 1436 354 1508 lallare,
388 1458 639 1518 eumque
684 1441 931 1506 imitatus
978 1440 1356 1518 Hieronymus
1403 1458 1494 1519 ep.
1540 1438 1595 1496 V
1627 1436 1697 1511 (Ι)
1729 1446 1774 1496 t.
1824 1436 1922 1508 lv,
1954 1440 1994 1499 2
2024 1457 2082 1514 p.
2115 1442 2155 1498 7

145 1519 293 1579 Rem:
335 1523 648 1594 „Forsitan
691 1536 750 1584 et
789 1526 934 1584 laxis
966 1523 1198 1583 uberum
1241 1524 1481 1604 pellibus
1533 1534 1748 1594 mater,
1792 1533 1955 1580 arata
1999 1523 2155 1599 rugis

147 1606 322 1678 fronte,
351 1611 638 1690 antiquum
670 1611 934 1670 referens
967 1629 1235 1669 mammae
1270 1609 1466 1668 lallare
1497 1609 1918 1687 congeminet.“
1951 1605 2162 1672 Simili-7

144 1700 217 1749 ter
236 1693 514 1754 Ausonius
547 1716 678 1774 epp.
709 1695 866 1767 XVI,
899 1699 980 1758 90
1010 1716 1130 1775 sq.:
1178 1695 1474 1768 „Nutricis
1504 1697 1656 1754 inter
1684 1694 1965 1762 lemmata,
1981 1693 2160 1752 Lalli-

148 1781 577 1854 quesomuiferos
595 1779 856 1840 modos.“
888 1782 980 1839 Cf.
1017 1779 1087 1841 de
1119 1781 1226 1840 boc
1257 1803 1317 1841 v.
1336 1781 1585 1840 Turneb.
1617 1776 1801 1837 Advv.
1828 1776 2154 1849 xvl11‚34.

147 1860 274 1933 XIX,
301 1869 401 1926 21.
471 1864 742 1945 Scaliger
785 1868 943 1926 lectt.
975 1867 1193 1926 Auson.
1240 1867 1307 1937 11,
1344 1872 1446 1928 11.
1483 1864 1707 1924 Dnukel
1737 1861 1808 1921 de
1837 1884 1891 1922 v.
1937 1865 2156 1923 lallare

147 1943 438 2026 disceptatt.
475 1954 635 2012 critt.
671 1953 725 2011 in
759 1953 1003 2031 Opuscc.
1036 1972 1161 2012 soc.
1198 1952 1302 2010 litt.
1334 1950 1533 2010 Duisb.
1569 1950 1715 2008 fasc.
1764 1948 1791 2007 1
1821 1969 1879 2027 p.
1917 1951 1997 2009 65
2028 1969 2151 2028 sqq.

148 2029 293 2092 Vides
321 2037 624 2115 imaginem
668 2039 897 2096 infantis
943 2039 1090 2107 irati,
1122 2039 1238 2117 qui,
1273 2035 1399 2096 dum
1432 2037 1621 2095 nutrix
1651 2031 1931 2093 cantando
1962 2037 2153 2114 sopire

148 2116 323 2190 studet,
336 2121 594 2182 clamore
618 2143 828 2202 paparo
860 2120 1060 2200 poscit.
1092 2123 1195 2184 Ille
1227 2122 1438 2181 acerba
1469 2122 1574 2180 hac
1605 2118 1985 2179 admonitione
2017 2118 2156 2178 nihil

149 2215 297 2262 notus
325 2215 511 2267 tamen
544 2212 766 2289 pergit:
810 2211 913 2269 An
944 2210 1061 2268 tali
1081 2210 1345 2267 studeam
1371 2210 1595 2267 calamo
1614 2211 1645 2266 ἲ
1700 2215 1761 2264 ut
1792 2203 1939 2282 apud
1972 2203 2155 2263 Hora-

147 2288 252 2346 tium
279 2297 405 2364 (sat.
424 2291 494 2365 11,
529 2297 592 2364 3,
625 2299 688 2366 7)
720 2294 1059 2374 „culpantur
1088 2294 1351 2353 calami.“
1404 2294 1522 2351 Cui
1546 2293 1726 2351 verba
1756 2310 1839 2349 sc.
1872 2289 1995 2361 das,
2027 2292 2153 2369 quis

149 2384 235 2445 est,
259 2396 412 2455 quem
446 2380 655 2439 fallere
686 2383 864 2459 cupiS,
895 2380 993 2451 IV,
1025 2385 1128 2442 45.
1162 2380 1339 2438 Plaut.
1374 2377 1538 2458 Epid.
1556 2379 1600 2449 1,
1631 2383 1688 2448 1,
1708 2381 1809 2438 88.
1840 2375 1940 2447 lv,
1971 2381 2152 2448 2,85.

148 2455 256 2518 flor.
284 2473 387 2522 sat.
419 2465 465 2535 1,
497 2470 561 2535 3,
593 2470 694 2527 22.
728 2465 868 2526 Seu.
907 2485 1033 2545 epp.
1066 2464 1306 2533 XXXII,
1341 2469 1395 2526 1.
1429 2464 1599 2523 Mart.
1630 2464 1699 2535 11,
1717 2468 1756 2524 7
1761 2466 1818 2524 6.
1849 2462 2154 2539 Ambages

147 2541 203 2600 ad
226 2546 514 2609 fallendum
550 2550 704 2621 (Liv.
739 2551 839 2623 lx,
879 2557 976 2622 11,
1012 2556 1137 2622 12),
1166 2551 1494 2621 succinere,
1529 2568 1640 2607 nou
1670 2548 1827 2607 clara
1855 2566 2022 2619 voce,
2048 2545 2153 2606 sed

146 2625 375 2706 demissa,
407 2638 709 2715 quasiipse
726 2637 1237 2709 sibisitconscius3
1273 2654 1400 2693 nam
1422 2634 1721 2693 succinere
1741 2635 1788 2691 is
1803 2631 2023 2703 dicitur,
2056 2634 2152 2712 qui

144 2712 347 2777 alterum
388 2722 818 2798 praecinentem
862 2723 1199 2793 comitatur,
1245 2722 1321 2780 cf.
1369 2720 1600 2779 Petron.
1644 2723 1745 2781 69.
1779 2718 1948 2776 Varr.
1981 2716 2049 2775 R.
2084 2717 2150 2776 R.

146 2796 181 2867 1,
204 2804 267 2861 2:
334 2806 745 2884 „Agricultura
792 2809 1033 2866 succinit
1060 2806 1334 2883 pastorali
1377 2807 1560 2876 vitae,
1592 2801 1740 2884 quod
1772 2813 1861 2862 est
1891 2803 2152 2875 inferior,

146 2893 193 2940 ut
214 2886 335 2947 tibia
364 2893 598 2951 sinistra
630 2890 934 2953 dextrae.“
998 2893 1133 2951 Tibi
1157 2893 1413 2962 luditur,
1454 2902 1553 2949 ,tua
1584 2909 1681 2948 res
1712 2898 1820 2959 est,
1852 2907 1998 2967 quae
2029 2889 2153 2966 agi-

146 2978 362 3039 t'maon
406 2978 616 3037 aliena.
687 2976 910 3059 Efflm's
958 2977 1321 3037 referendum
1366 2974 1436 3034 ad
1484 2976 1818 3054 sequeutia,
1862 2975 1917 3032 iu
1949 2973 2149 3053 quibus

143 3050 277 3115 bomo
303 3080 423 3121 cum
452 3062 690 3122 vasculo
707 3064 862 3122 fictili
890 3074 1268 3141 comparatur,
1300 3059 1448 3141 quod
1480 3059 1719 3119 nondum
1751 3059 1896 3118 bene
1928 3070 2152 3118 coctum

144 3151 232 3212 est,
257 3143 437 3224 itaque
482 3148 679 3207 inutile
710 3158 801 3207 est
844 3168 951 3207 nec
999 3149 1271 3228 liquorem
1317 3148 1610 3205 continere
1651 3155 1861 3225 potest.
1933 3143 2149 3203 Eadem

144 3229 473 3293 translatione
493 3253 824 3313 quamquam
839 3235 952 3293 alio
970 3252 1143 3292 sensu
1159 3235 1334 3292 utitur
1350 3233 1655 3291 Terentius
1675 3230 1844 3298 (Euu.
1865 3229 1908 3300 1,
1925 3234 1986 3301 2,
2003 3234 2110 3303 25)
2130 3251 2147 3289 =

143 3308 358 3377 „Plenus
388 3321 657 3377 rimarum
690 3339 808 3378 sum
827 3319 935 3377 buc
965 3330 1134 3398 atque
1165 3319 1295 3377 illuc
1326 3319 1611 3395 perfluo.“
1654 3313 1929 3397 Effluere
1959 3326 2147 3374 autem

145 3395 264 3455 sieut
290 3417 530 3463 manare
562 3414 621 3463 et
649 3405 848 3463 similia
879 3425 988 3462 non
1022 3404 1198 3462 solum
1218 3402 1543 3482 deliquere,
1575 3404 1668 3481 qui
1690 3402 1828 3470 fluit,
1850 3398 1952 3459 sed
1978 3402 2147 3460 etiam

142 3474 198 3537 de
222 3501 298 3554 re,
327 3507 471 3566 quae
506 3491 682 3549 fluere
714 3491 855 3549 facit
880 3490 974 3549 vel
1004 3492 1155 3561 sinit,
1183 3488 1515 3547 veladiecto
1543 3488 1869 3546 accusativo
1903 3488 2146 3564 ponitur,

144 3579 186 3621 θ·
209 3585 258 3643 g·
286 3568 516 3633 Petron.
560 3580 636 3637 71
675 3575 1022 3654 „amphorae
1053 3594 1125 3633 ne
1158 3575 1391 3634 effluant
1435 3575 1687 3644 vinum,“
1718 3572 1793 3630 cf.
1839 3569 2037 3630 Claud.
2072 3568 2156 3631 de,

144 3665 272 3712 eous.
302 3654 468 3717 Probi
515 3671 575 3719 et
620 3660 815 3739 Olybr.
866 3665 940 3722 51
990 3680 1078 3739 sq.
1126 3659 1321 3718 Heius.
1367 3656 1437 3716 ad
1482 3656 1642 3717 ovid.
1686 3656 1826 3715 Met.
1867 3657 1966 3727 vl,
2001 3661 2143 3719 31².

144 3728 336 3799 llunek.
365 3742 436 3802 ad
468 3744 676 3823 Hygin-
723 3750 786 3808 9.
834 3746 1014 3825 Iutpp.
1062 3745 1200 3804 Tae.
1245 3744 1396 3804 Anu.
1441 3742 1510 3813 II,
1557 3747 1660 3814 23,
1704 3741 1796 3801 vel
1828 3741 1977 3800 nullo
2007 3762 2141 3802 casu

145 3815 355 3886 adiecto.
430 3832 813 3890 Contemnere
857 3831 927 3889 ab
973 3830 1208 3889 Horatio
1253 3828 1601 3907 desumptum
1644 3834 1777 3902 (sat.
1820 3825 1889 3897 II,
1932 3830 1994 3898 3,
2039 3833 2142 3903 14)

143 3920 230 3963 uon
257 3910 524 3973 immerito
554 3934 591 3976 a
623 3916 800 3975 schol.
833 3917 1216 3994 vituperatur,
1249 3917 1454 3995 quippe
1486 3911 1634 3993 quod
1665 3915 2142 3991 comparationem

146 4004 246 4049 0⁸11!
266 4000 488 4058 vasculo
529 4002 836 4060 institutum
880 4001 1088 4060 turbat.
1175 4001 1331 4061 Vasa
1364 4002 1510 4059 euim
1540 3999 1731 4058 fictilia
1772 3998 1843 4056 ab
1874 3999 2143 4078 emptori-

146 4068 227 4134 Μ*
261 4084 621 4156 percutiendo
665 4087 1163 4158 examinabantur,
1210 4097 1272 4147 et
1315 4087 1363 4146 si
1407 4104 1552 4164 qnae
1599 4104 1725 4231 pgr:
1777 4082 1926 4145 beno
1978 4093 2143 4144 cocta
