<?xml version="1.0" encoding="UTF-8"?>
<!DOCTYPE html PUBLIC "-//W3C//DTD XHTML 1.0 Transitional//EN"
    "http://www.w3.org/TR/xhtml1/DTD/xhtml1-transitional.dtd">
<html xmlns="http://www.w3.org/1999/xhtml" xml:lang="en" lang="en">
 <head>
  <title>
</title>
<meta http-equiv="Content-Type" content="text/html;charset=utf-8" />
  <meta name='ocr-system' content='tesseract 3.04.00' />
  <meta name='ocr-capabilities' content='ocr_page ocr_carea ocr_par ocr_line ocrx_word'/>
</head>
<body>
  <div class='ocr_page' id='page_1' title='image "./satirarumliberc01jahngoog_0209.png"; bbox 0 0 2764 4738; ppageno 0'>
   <div class='ocr_carea' id='block_1_1' title="bbox 517 371 1919 436">
    <p class='ocr_par' dir='ltr' id='par_1_1' title="bbox 517 371 1919 436">
     <span class='ocr_line' id='line_1_1' title="bbox 517 371 1919 436; baseline -0.001 0"><span class='ocrx_word' id='word_1_1' title='bbox 517 394 703 436; x_wconf 75' lang='lat' dir='ltr'><strong>cxciv</strong></span> <span class='ocrx_word' id='word_1_2' title='bbox 1165 371 1919 435; x_wconf 75' lang='lat' dir='ltr'><strong>PRoLEGoMENA.</strong></span> 
     </span>
    </p>
   </div>
   <div class='ocr_carea' id='block_1_2' title="bbox 510 540 2575 3885">
    <p class='ocr_par' dir='ltr' id='par_1_2' title="bbox 510 540 2575 3885">
     <span class='ocr_line' id='line_1_2' title="bbox 517 540 2571 608; baseline 0 -4"><span class='ocrx_word' id='word_1_3' title='bbox 517 541 758 606; x_wconf 85' lang='lat' dir='ltr'><strong>codices</strong></span> <span class='ocrx_word' id='word_1_4' title='bbox 787 540 1317 607; x_wconf 69' lang='lat' dir='ltr'><strong>verum&#39;tueantur</strong></span> <span class='ocrx_word' id='word_1_5' title='bbox 1349 547 1398 607; x_wconf 84' lang='lat'><strong>¹.</strong></span> <span class='ocrx_word' id='word_1_6' title='bbox 1462 540 1757 608; x_wconf 78' lang='lat' dir='ltr'>Omnibus</span> <span class='ocrx_word' id='word_1_7' title='bbox 1788 552 1991 607; x_wconf 88' lang='lat' dir='ltr'><strong>tamen</strong></span> <span class='ocrx_word' id='word_1_8' title='bbox 2021 543 2171 607; x_wconf 89' lang='lat' dir='ltr'><strong>locis</strong></span> <span class='ocrx_word' id='word_1_9' title='bbox 2202 565 2352 608; x_wconf 84' lang='lat' dir='ltr'><strong>vera</strong></span> <span class='ocrx_word' id='word_1_10' title='bbox 2383 544 2571 608; x_wconf 82' lang='lat' dir='ltr'><strong>lectio</strong></span> 
     </span>
     <span class='ocr_line' id='line_1_3' title="bbox 518 643 2575 726; baseline 0 -19"><span class='ocrx_word' id='word_1_11' title='bbox 518 665 602 707; x_wconf 79' lang='lat' dir='ltr'><strong>ex</strong></span> <span class='ocrx_word' id='word_1_12' title='bbox 648 643 1048 726; x_wconf 79' lang='lat' dir='ltr'><strong>compluribus</strong></span> <span class='ocrx_word' id='word_1_13' title='bbox 1096 646 1362 709; x_wconf 89' lang='lat' dir='ltr'><strong>melioris</strong></span> <span class='ocrx_word' id='word_1_14' title='bbox 1410 656 1593 710; x_wconf 89' lang='lat' dir='ltr'><strong>notae</strong></span> <span class='ocrx_word' id='word_1_15' title='bbox 1638 656 1701 708; x_wconf 90' lang='lat' dir='ltr'><strong>et</strong></span> <span class='ocrx_word' id='word_1_16' title='bbox 1742 666 1865 708; x_wconf 89' lang='lat' dir='ltr'><strong>non</strong></span> <span class='ocrx_word' id='word_1_17' title='bbox 1898 646 2382 709; x_wconf 78' lang='lat' dir='ltr'><strong>contemnendae</strong></span> <span class='ocrx_word' id='word_1_18' title='bbox 2415 646 2575 707; x_wconf 81' lang='lat' dir='ltr'><strong>anti·</strong></span> 
     </span>
     <span class='ocr_line' id='line_1_4' title="bbox 518 743 2571 831; baseline 0.001 -23"><span class='ocrx_word' id='word_1_19' title='bbox 518 747 761 828; x_wconf 77' lang='lat' dir='ltr'><strong>quitatis</strong></span> <span class='ocrx_word' id='word_1_20' title='bbox 793 747 973 809; x_wconf 87' lang='lat' dir='ltr'><strong>codd.</strong></span> <span class='ocrx_word' id='word_1_21' title='bbox 1009 747 1228 809; x_wconf 86' lang='lat' dir='ltr'><strong>firmari</strong></span> <span class='ocrx_word' id='word_1_22' title='bbox 1263 759 1487 831; x_wconf 86' lang='lat' dir='ltr'><strong>potest.</strong></span> <span class='ocrx_word' id='word_1_23' title='bbox 1536 743 1843 811; x_wconf 88' lang='lat' dir='ltr'><strong>Firmatur</strong></span> <span class='ocrx_word' id='word_1_24' title='bbox 1872 747 1983 810; x_wconf 86' lang='lat' dir='ltr'><strong>hac</strong></span> <span class='ocrx_word' id='word_1_25' title='bbox 2014 767 2249 830; x_wconf 81' lang='lat' dir='ltr'><strong>quoque</strong></span> <span class='ocrx_word' id='word_1_26' title='bbox 2279 768 2378 823; x_wconf 91' lang='lat' dir='ltr'><strong>re,</strong></span> <span class='ocrx_word' id='word_1_27' title='bbox 2411 748 2571 830; x_wconf 82' lang='lat' dir='ltr'><strong>quod</strong></span> 
     </span>
     <span class='ocr_line' id='line_1_5' title="bbox 517 844 2573 933; baseline 0 -21"><span class='ocrx_word' id='word_1_28' title='bbox 517 849 695 912; x_wconf 90' lang='lat' dir='ltr'><strong>modo</strong></span> <span class='ocrx_word' id='word_1_29' title='bbox 726 848 954 924; x_wconf 91' lang='lat' dir='ltr'><strong>monui,</strong></span> <span class='ocrx_word' id='word_1_30' title='bbox 990 844 1191 912; x_wconf 87' lang='lat' dir='ltr'><strong>Persii</strong></span> <span class='ocrx_word' id='word_1_31' title='bbox 1222 849 1414 913; x_wconf 84' lang='lat' dir='ltr'><strong>verba</strong></span> <span class='ocrx_word' id='word_1_32' title='bbox 1445 871 1567 913; x_wconf 91' lang='lat' dir='ltr'><strong>non</strong></span> <span class='ocrx_word' id='word_1_33' title='bbox 1599 845 1963 932; x_wconf 83' lang='lat' dir='ltr'><strong>interpolata</strong></span> <span class='ocrx_word' id='word_1_34' title='bbox 1995 850 2069 912; x_wconf 86' lang='lat' dir='ltr'><strong>ad</strong></span> <span class='ocrx_word' id='word_1_35' title='bbox 2105 870 2215 912; x_wconf 91' lang='lat' dir='ltr'><strong>nos</strong></span> <span class='ocrx_word' id='word_1_36' title='bbox 2247 850 2573 933; x_wconf 83' lang='lat' dir='ltr'><strong>pervenis-</strong></span> 
     </span>
     <span class='ocr_line' id='line_1_6' title="bbox 515 949 2572 1036; baseline -0 -22"><span class='ocrx_word' id='word_1_37' title='bbox 515 971 623 1026; x_wconf 87' lang='lat' dir='ltr'><strong>se,</strong></span> <span class='ocrx_word' id='word_1_38' title='bbox 671 951 778 1013; x_wconf 90' lang='lat' dir='ltr'><strong>sed</strong></span> <span class='ocrx_word' id='word_1_39' title='bbox 803 950 876 1012; x_wconf 89' lang='lat' dir='ltr'><strong>iis</strong></span> <span class='ocrx_word' id='word_1_40' title='bbox 911 960 1139 1012; x_wconf 82' lang='lat' dir='ltr'><strong>tantum</strong></span> <span class='ocrx_word' id='word_1_41' title='bbox 1174 952 1406 1014; x_wconf 88' lang='lat' dir='ltr'><strong>mendis</strong></span> <span class='ocrx_word' id='word_1_42' title='bbox 1439 951 1787 1034; x_wconf 86' lang='lat' dir='ltr'><strong>inquinata,</strong></span> <span class='ocrx_word' id='word_1_43' title='bbox 1835 972 1987 1033; x_wconf 90' lang='lat' dir='ltr'><strong>quae</strong></span> <span class='ocrx_word' id='word_1_44' title='bbox 2021 973 2129 1036; x_wconf 91' lang='lat' dir='ltr'><strong>per</strong></span> <span class='ocrx_word' id='word_1_45' title='bbox 2158 949 2402 1033; x_wconf 86' lang='lat' dir='ltr'><strong>longam</strong></span> <span class='ocrx_word' id='word_1_46' title='bbox 2435 970 2572 1013; x_wconf 83' lang='lat' dir='ltr'><strong>sae-</strong></span> 
     </span>
     <span class='ocr_line' id='line_1_7' title="bbox 516 1050 2571 1137; baseline -0 -22"><span class='ocrx_word' id='word_1_47' title='bbox 516 1052 783 1115; x_wconf 79' lang='lat' dir='ltr'><strong>culorum</strong></span> <span class='ocrx_word' id='word_1_48' title='bbox 829 1050 1049 1115; x_wconf 86' lang='lat' dir='ltr'><strong>seriem</strong></span> <span class='ocrx_word' id='word_1_49' title='bbox 1110 1051 1492 1115; x_wconf 81' lang='lat' dir='ltr'><strong>librariorum</strong></span> <span class='ocrx_word' id='word_1_50' title='bbox 1554 1052 1924 1136; x_wconf 76' lang='lat' dir='ltr'><strong>negligentia</strong></span> <span class='ocrx_word' id='word_1_51' title='bbox 1984 1063 2051 1117; x_wconf 91' lang='lat' dir='ltr'><strong>et</strong></span> <span class='ocrx_word' id='word_1_52' title='bbox 2100 1052 2571 1137; x_wconf 79' lang='lat' dir='ltr'><strong>intemperantia</strong></span> 
     </span>
     <span class='ocr_line' id='line_1_8' title="bbox 515 1152 2565 1237; baseline -0.001 -20"><span class='ocrx_word' id='word_1_53' title='bbox 515 1153 897 1237; x_wconf 85' lang='lat' dir='ltr'><strong>procreavit,</strong></span> <span class='ocrx_word' id='word_1_54' title='bbox 964 1162 1027 1216; x_wconf 92' lang='lat' dir='ltr'><strong>et</strong></span> <span class='ocrx_word' id='word_1_55' title='bbox 1069 1174 1104 1216; x_wconf 92' lang='lat' dir='ltr'><strong>a</strong></span> <span class='ocrx_word' id='word_1_56' title='bbox 1151 1152 1362 1234; x_wconf 91' lang='lat' dir='ltr'><strong>quibus</strong></span> <span class='ocrx_word' id='word_1_57' title='bbox 1411 1154 1608 1217; x_wconf 87' lang='lat' dir='ltr'><strong>nullus</strong></span> <span class='ocrx_word' id='word_1_58' title='bbox 1669 1154 1912 1216; x_wconf 91' lang='lat' dir='ltr'><strong>omniuo</strong></span> <span class='ocrx_word' id='word_1_59' title='bbox 1974 1153 2172 1219; x_wconf 79' lang='lat' dir='ltr'><strong>codex</strong></span> <span class='ocrx_word' id='word_1_60' title='bbox 2231 1153 2387 1218; x_wconf 89' lang='lat' dir='ltr'><strong>liber</strong></span> <span class='ocrx_word' id='word_1_61' title='bbox 2444 1165 2565 1220; x_wconf 89' lang='lat' dir='ltr'><strong>est.</strong></span> 
     </span>
     <span class='ocr_line' id='line_1_9' title="bbox 514 1254 2572 1341; baseline -0 -22"><span class='ocrx_word' id='word_1_62' title='bbox 514 1254 662 1319; x_wconf 90' lang='lat' dir='ltr'><strong>Non</strong></span> <span class='ocrx_word' id='word_1_63' title='bbox 696 1265 1023 1341; x_wconf 87' lang='lat' dir='ltr'><strong>potuerunt</strong></span> <span class='ocrx_word' id='word_1_64' title='bbox 1053 1254 1236 1335; x_wconf 88' lang='lat' dir='ltr'><strong>igitur</strong></span> <span class='ocrx_word' id='word_1_65' title='bbox 1265 1255 1500 1338; x_wconf 84' lang='lat' dir='ltr'><strong>quidam</strong></span> <span class='ocrx_word' id='word_1_66' title='bbox 1532 1256 1776 1320; x_wconf 90' lang='lat' dir='ltr'><strong>codices</strong></span> <span class='ocrx_word' id='word_1_67' title='bbox 1807 1257 1985 1341; x_wconf 84' lang='lat' dir='ltr'><strong>eligi,</strong></span> <span class='ocrx_word' id='word_1_68' title='bbox 2033 1257 2106 1320; x_wconf 88' lang='lat' dir='ltr'><strong>ad</strong></span> <span class='ocrx_word' id='word_1_69' title='bbox 2139 1276 2389 1339; x_wconf 87' lang='lat' dir='ltr'><strong>quorum</strong></span> <span class='ocrx_word' id='word_1_70' title='bbox 2427 1277 2572 1319; x_wconf 91' lang='lat' dir='ltr'><strong>nor-</strong></span> 
     </span>
     <span class='ocr_line' id='line_1_10' title="bbox 515 1355 2573 1440; baseline -0 -20"><span class='ocrx_word' id='word_1_71' title='bbox 515 1378 671 1420; x_wconf 88' lang='lat' dir='ltr'><strong>mam</strong></span> <span class='ocrx_word' id='word_1_72' title='bbox 716 1355 901 1422; x_wconf 85' lang='lat' dir='ltr'><strong>verba</strong></span> <span class='ocrx_word' id='word_1_73' title='bbox 948 1355 1264 1438; x_wconf 90' lang='lat' dir='ltr'><strong>scriptoris</strong></span> <span class='ocrx_word' id='word_1_74' title='bbox 1309 1358 1867 1436; x_wconf 78' lang='lat' dir='ltr'><strong>constituerentur,</strong></span> <span class='ocrx_word' id='word_1_75' title='bbox 1917 1359 2024 1422; x_wconf 88' lang='lat' dir='ltr'><strong>sed</strong></span> <span class='ocrx_word' id='word_1_76' title='bbox 2070 1379 2282 1421; x_wconf 91' lang='lat' dir='ltr'><strong>omnes</strong></span> <span class='ocrx_word' id='word_1_77' title='bbox 2329 1377 2573 1440; x_wconf 86' lang='lat' dir='ltr'><strong>semper</strong></span> 
     </span>
     <span class='ocr_line' id='line_1_11' title="bbox 516 1455 2572 1543; baseline 0 -21"><span class='ocrx_word' id='word_1_78' title='bbox 516 1458 880 1543; x_wconf 88' lang='lat' dir='ltr'><strong>respiciendi</strong></span> <span class='ocrx_word' id='word_1_79' title='bbox 925 1469 1124 1521; x_wconf 86' lang='lat' dir='ltr'><strong>erant.</strong></span> <span class='ocrx_word' id='word_1_80' title='bbox 1187 1455 1258 1522; x_wconf 93' lang='lat' dir='ltr'><strong>Si</strong></span> <span class='ocrx_word' id='word_1_81' title='bbox 1304 1457 1440 1521; x_wconf 89' lang='lat' dir='ltr'><strong>dico</strong></span> <span class='ocrx_word' id='word_1_82' title='bbox 1485 1479 1732 1537; x_wconf 86' lang='lat' dir='ltr'><strong>omnes,</strong></span> <span class='ocrx_word' id='word_1_83' title='bbox 1783 1482 1906 1524; x_wconf 87' lang='lat' dir='ltr'><strong>non</strong></span> <span class='ocrx_word' id='word_1_84' title='bbox 1953 1460 2225 1541; x_wconf 87' lang='lat' dir='ltr'><strong>intelligo</strong></span> <span class='ocrx_word' id='word_1_85' title='bbox 2269 1459 2572 1523; x_wconf 87' lang='lat' dir='ltr'><strong>recentis-</strong></span> 
     </span>
     <span class='ocr_line' id='line_1_12' title="bbox 517 1559 2567 1645; baseline -0 -21"><span class='ocrx_word' id='word_1_86' title='bbox 517 1560 703 1624; x_wconf 89' lang='lat' dir='ltr'><strong>simos</strong></span> <span class='ocrx_word' id='word_1_87' title='bbox 734 1580 1000 1642; x_wconf 90' lang='lat' dir='ltr'><strong>quosque</strong></span> <span class='ocrx_word' id='word_1_88' title='bbox 1033 1559 1242 1638; x_wconf 87' lang='lat' dir='ltr'><strong>codd.,</strong></span> <span class='ocrx_word' id='word_1_89' title='bbox 1276 1580 1528 1643; x_wconf 87' lang='lat' dir='ltr'><strong>quorum</strong></span> <span class='ocrx_word' id='word_1_90' title='bbox 1561 1582 1833 1645; x_wconf 85' lang='lat' dir='ltr'><strong>magnam</strong></span> <span class='ocrx_word' id='word_1_91' title='bbox 1855 1606 1874 1638; x_wconf 99' lang='lat'><strong>,</strong></span> <span class='ocrx_word' id='word_1_92' title='bbox 1911 1572 1973 1626; x_wconf 89' lang='lat' dir='ltr'><strong>et</strong></span> <span class='ocrx_word' id='word_1_93' title='bbox 2002 1573 2069 1626; x_wconf 90' lang='lat' dir='ltr'><strong>ut</strong></span> <span class='ocrx_word' id='word_1_94' title='bbox 2096 1583 2308 1635; x_wconf 88' lang='lat' dir='ltr'><strong>verum</strong></span> <span class='ocrx_word' id='word_1_95' title='bbox 2342 1561 2567 1637; x_wconf 74' lang='lat' dir='ltr'><strong>fatear,</strong></span> 
     </span>
     <span class='ocr_line' id='line_1_13' title="bbox 518 1660 2571 1751; baseline 0 -27"><span class='ocrx_word' id='word_1_96' title='bbox 518 1661 758 1724; x_wconf 87' lang='lat' dir='ltr'><strong>nimiam</strong></span> <span class='ocrx_word' id='word_1_97' title='bbox 791 1663 1022 1746; x_wconf 88' lang='lat' dir='ltr'><strong>copiam</strong></span> <span class='ocrx_word' id='word_1_98' title='bbox 1053 1660 1328 1738; x_wconf 83' lang='lat' dir='ltr'><strong>adhibui,</strong></span> <span class='ocrx_word' id='word_1_99' title='bbox 1377 1663 1486 1725; x_wconf 87' lang='lat' dir='ltr'><strong>sed</strong></span> <span class='ocrx_word' id='word_1_100' title='bbox 1521 1682 1628 1727; x_wconf 89' lang='lat' dir='ltr'><strong>eos</strong></span> <span class='ocrx_word' id='word_1_101' title='bbox 1660 1664 1758 1747; x_wconf 90' lang='lat' dir='ltr'><strong>qui</strong></span> <span class='ocrx_word' id='word_1_102' title='bbox 1787 1674 1987 1727; x_wconf 89' lang='lat' dir='ltr'><strong>aetate</strong></span> <span class='ocrx_word' id='word_1_103' title='bbox 2021 1674 2085 1727; x_wconf 88' lang='lat' dir='ltr'><strong>et</strong></span> <span class='ocrx_word' id='word_1_104' title='bbox 2113 1662 2227 1725; x_wconf 87' lang='lat' dir='ltr'><strong>lide</strong></span> <span class='ocrx_word' id='word_1_105' title='bbox 2260 1683 2571 1751; x_wconf 79' lang='lat' dir='ltr'><strong>commen·</strong></span> 
     </span>
     <span class='ocr_line' id='line_1_14' title="bbox 518 1760 2571 1851; baseline 0 -24"><span class='ocrx_word' id='word_1_106' title='bbox 518 1764 756 1827; x_wconf 86' lang='lat' dir='ltr'><strong>dantur.</strong></span> <span class='ocrx_word' id='word_1_107' title='bbox 833 1760 918 1827; x_wconf 90' lang='lat' dir='ltr'><strong>Ut</strong></span> <span class='ocrx_word' id='word_1_108' title='bbox 960 1773 1160 1826; x_wconf 80' lang='lat' dir='ltr'><strong>tamen</strong></span> <span class='ocrx_word' id='word_1_109' title='bbox 1204 1762 1442 1826; x_wconf 87' lang='lat' dir='ltr'><strong>illorum</strong></span> <span class='ocrx_word' id='word_1_110' title='bbox 1489 1785 1724 1847; x_wconf 91' lang='lat' dir='ltr'><strong>quoque</strong></span> <span class='ocrx_word' id='word_1_111' title='bbox 1771 1774 1862 1829; x_wconf 89' lang='lat' dir='ltr'><strong>tot</strong></span> <span class='ocrx_word' id='word_1_112' title='bbox 1904 1766 2107 1851; x_wconf 87' lang='lat' dir='ltr'><strong>varias</strong></span> <span class='ocrx_word' id='word_1_113' title='bbox 2153 1764 2453 1827; x_wconf 86' lang='lat' dir='ltr'><strong>lectiones</strong></span> <span class='ocrx_word' id='word_1_114' title='bbox 2493 1763 2571 1827; x_wconf 89' lang='lat' dir='ltr'><strong>ad</strong></span> 
     </span>
     <span class='ocr_line' id='line_1_15' title="bbox 518 1850 2566 1950; baseline -0 -22"><span class='ocrx_word' id='word_1_115' title='bbox 518 1864 700 1929; x_wconf 89' lang='lat' dir='ltr'><strong>crisin</strong></span> <span class='ocrx_word' id='word_1_116' title='bbox 747 1882 938 1946; x_wconf 84' lang='lat' dir='ltr'><strong>paene</strong></span> <span class='ocrx_word' id='word_1_117' title='bbox 984 1850 1226 1927; x_wconf 88' lang='lat' dir='ltr'><strong>inutiles</strong></span> <span class='ocrx_word' id='word_1_118' title='bbox 1275 1864 1597 1944; x_wconf 82' lang='lat' dir='ltr'><strong>afferrem,</strong></span> <span class='ocrx_word' id='word_1_119' title='bbox 1647 1866 1755 1930; x_wconf 88' lang='lat' dir='ltr'><strong>bas</strong></span> <span class='ocrx_word' id='word_1_120' title='bbox 1805 1867 1980 1929; x_wconf 87' lang='lat' dir='ltr'><strong>habui</strong></span> <span class='ocrx_word' id='word_1_121' title='bbox 2040 1887 2308 1941; x_wconf 22' lang='lat' dir='ltr'><strong>caussas&lt;</strong></span> <span class='ocrx_word' id='word_1_122' title='bbox 2348 1866 2566 1950; x_wconf 90' lang='lat' dir='ltr'><strong>partim</strong></span> 
     </span>
     <span class='ocr_line' id='line_1_16' title="bbox 516 1965 2565 2048; baseline 0 -19"><span class='ocrx_word' id='word_1_123' title='bbox 516 1989 549 2028; x_wconf 91' lang='lat' dir='ltr'><strong>e</strong></span> <span class='ocrx_word' id='word_1_124' title='bbox 595 1987 662 2029; x_wconf 91' lang='lat' dir='ltr'><strong>re</strong></span> <span class='ocrx_word' id='word_1_125' title='bbox 708 1976 922 2045; x_wconf 80' lang='lat' dir='ltr'><strong>nataS‚</strong></span> <span class='ocrx_word' id='word_1_126' title='bbox 988 1966 1199 2048; x_wconf 90' lang='lat' dir='ltr'><strong>partim</strong></span> <span class='ocrx_word' id='word_1_127' title='bbox 1247 1986 1328 2029; x_wconf 84' lang='lat' dir='ltr'><strong>ex</strong></span> <span class='ocrx_word' id='word_1_128' title='bbox 1375 1966 1528 2030; x_wconf 91' lang='lat' dir='ltr'><strong>meis</strong></span> <span class='ocrx_word' id='word_1_129' title='bbox 1573 1969 1910 2032; x_wconf 90' lang='lat' dir='ltr'><strong>rationibus</strong></span> <span class='ocrx_word' id='word_1_130' title='bbox 1971 1970 2206 2032; x_wconf 85' lang='lat' dir='ltr'><strong>ductas.</strong></span> <span class='ocrx_word' id='word_1_131' title='bbox 2295 1965 2565 2031; x_wconf 79' lang='lat' dir='ltr'><strong>Primum</strong></span> 
     </span>
     <span class='ocr_line' id='line_1_17' title="bbox 516 2065 2568 2154; baseline 0 -25"><span class='ocrx_word' id='word_1_132' title='bbox 516 2066 697 2150; x_wconf 90' lang='lat' dir='ltr'><strong>igitur</strong></span> <span class='ocrx_word' id='word_1_133' title='bbox 742 2088 864 2131; x_wconf 91' lang='lat' dir='ltr'><strong>non</strong></span> <span class='ocrx_word' id='word_1_134' title='bbox 909 2067 1274 2150; x_wconf 86' lang='lat' dir='ltr'><strong>parcendum</strong></span> <span class='ocrx_word' id='word_1_135' title='bbox 1323 2065 1574 2131; x_wconf 86' lang='lat' dir='ltr'><strong>chartae</strong></span> <span class='ocrx_word' id='word_1_136' title='bbox 1607 2070 1824 2146; x_wconf 89' lang='lat' dir='ltr'><strong>statui,</strong></span> <span class='ocrx_word' id='word_1_137' title='bbox 1878 2082 1945 2134; x_wconf 90' lang='lat' dir='ltr'><strong>ut</strong></span> <span class='ocrx_word' id='word_1_138' title='bbox 1974 2072 2149 2154; x_wconf 84' lang='lat' dir='ltr'><strong>plene</strong></span> <span class='ocrx_word' id='word_1_139' title='bbox 2182 2069 2254 2132; x_wconf 90' lang='lat' dir='ltr'><strong>ab</strong></span> <span class='ocrx_word' id='word_1_140' title='bbox 2288 2068 2568 2132; x_wconf 90' lang='lat' dir='ltr'><strong>omnibus</strong></span> 
     </span>
     <span class='ocr_line' id='line_1_18' title="bbox 513 2168 2567 2256; baseline 0.001 -26"><span class='ocrx_word' id='word_1_141' title='bbox 513 2168 766 2251; x_wconf 87' lang='lat' dir='ltr'><strong>intelligi</strong></span> <span class='ocrx_word' id='word_1_142' title='bbox 797 2180 1017 2251; x_wconf 84' lang='lat' dir='ltr'><strong>queat,</strong></span> <span class='ocrx_word' id='word_1_143' title='bbox 1067 2179 1363 2252; x_wconf 86' lang='lat' dir='ltr'><strong>quatenus</strong></span> <span class='ocrx_word' id='word_1_144' title='bbox 1398 2170 1600 2233; x_wconf 90' lang='lat' dir='ltr'><strong>talium</strong></span> <span class='ocrx_word' id='word_1_145' title='bbox 1636 2171 1812 2235; x_wconf 84' lang='lat' dir='ltr'><strong>codd.</strong></span> <span class='ocrx_word' id='word_1_146' title='bbox 1863 2194 2006 2236; x_wconf 90' lang='lat' dir='ltr'><strong>usus</strong></span> <span class='ocrx_word' id='word_1_147' title='bbox 2053 2184 2289 2256; x_wconf 86' lang='lat' dir='ltr'><strong>pateat,</strong></span> <span class='ocrx_word' id='word_1_148' title='bbox 2342 2191 2567 2235; x_wconf 84' lang='lat' dir='ltr'><strong>veren-</strong></span> 
     </span>
     <span class='ocr_line' id='line_1_19' title="bbox 515 2270 2568 2363; baseline 0.002 -32"><span class='ocrx_word' id='word_1_149' title='bbox 515 2271 651 2331; x_wconf 89' lang='lat' dir='ltr'><strong>dum</strong></span> <span class='ocrx_word' id='word_1_150' title='bbox 685 2270 845 2363; x_wconf 86' lang='lat' dir='ltr'><strong>euim</strong></span> <span class='ocrx_word' id='word_1_151' title='bbox 892 2279 1062 2347; x_wconf 88' lang='lat' dir='ltr'><strong>erat,</strong></span> <span class='ocrx_word' id='word_1_152' title='bbox 1113 2291 1231 2349; x_wconf 90' lang='lat' dir='ltr'><strong>ne,</strong></span> <span class='ocrx_word' id='word_1_153' title='bbox 1280 2271 1333 2333; x_wconf 92' lang='lat' dir='ltr'><strong>si</strong></span> <span class='ocrx_word' id='word_1_154' title='bbox 1377 2270 1476 2334; x_wconf 88' lang='lat' dir='ltr'><strong>hic</strong></span> <span class='ocrx_word' id='word_1_155' title='bbox 1522 2273 1643 2335; x_wconf 89' lang='lat' dir='ltr'><strong>illic</strong></span> <span class='ocrx_word' id='word_1_156' title='bbox 1693 2284 1919 2336; x_wconf 80' lang='lat' dir='ltr'><strong>tantum</strong></span> <span class='ocrx_word' id='word_1_157' title='bbox 1965 2274 2414 2338; x_wconf 71' lang='lat' dir='ltr'><strong>memorabilem</strong></span> <span class='ocrx_word' id='word_1_158' title='bbox 2458 2274 2568 2337; x_wconf 89' lang='lat' dir='ltr'><strong>ali—</strong></span> 
     </span>
     <span class='ocr_line' id='line_1_20' title="bbox 514 2372 2566 2459; baseline 0.002 -25"><span class='ocrx_word' id='word_1_159' title='bbox 514 2393 687 2454; x_wconf 84' lang='lat' dir='ltr'><strong>quam</strong></span> <span class='ocrx_word' id='word_1_160' title='bbox 732 2372 1057 2436; x_wconf 86' lang='lat' dir='ltr'><strong>lectionem</strong></span> <span class='ocrx_word' id='word_1_161' title='bbox 1105 2393 1187 2437; x_wconf 85' lang='lat' dir='ltr'><strong>ex</strong></span> <span class='ocrx_word' id='word_1_162' title='bbox 1231 2373 1306 2437; x_wconf 85' lang='lat' dir='ltr'><strong>iis</strong></span> <span class='ocrx_word' id='word_1_163' title='bbox 1350 2374 1726 2455; x_wconf 81' lang='lat' dir='ltr'><strong>attulissem,</strong></span> <span class='ocrx_word' id='word_1_164' title='bbox 1787 2376 1902 2440; x_wconf 86' lang='lat' dir='ltr'><strong>alia</strong></span> <span class='ocrx_word' id='word_1_165' title='bbox 1959 2377 2019 2439; x_wconf 91' lang='lat' dir='ltr'><strong>in</strong></span> <span class='ocrx_word' id='word_1_166' title='bbox 2067 2376 2140 2440; x_wconf 90' lang='lat' dir='ltr'><strong>iis</strong></span> <span class='ocrx_word' id='word_1_167' title='bbox 2186 2377 2377 2440; x_wconf 87' lang='lat' dir='ltr'><strong>latere</strong></span> <span class='ocrx_word' id='word_1_168' title='bbox 2430 2377 2566 2459; x_wconf 89' lang='lat' dir='ltr'><strong>quis</strong></span> 
     </span>
     <span class='ocr_line' id='line_1_21' title="bbox 513 2472 2565 2561; baseline 0.002 -25"><span class='ocrx_word' id='word_1_169' title='bbox 513 2484 789 2558; x_wconf 85' lang='lat' dir='ltr'><strong>putaret,</strong></span> <span class='ocrx_word' id='word_1_170' title='bbox 854 2472 1072 2537; x_wconf 87' lang='lat' dir='ltr'><strong>iniuria</strong></span> <span class='ocrx_word' id='word_1_171' title='bbox 1115 2496 1150 2538; x_wconf 89' lang='lat' dir='ltr'><strong>a</strong></span> <span class='ocrx_word' id='word_1_172' title='bbox 1197 2496 1291 2539; x_wconf 91' lang='lat' dir='ltr'><strong>me</strong></span> <span class='ocrx_word' id='word_1_173' title='bbox 1340 2476 1660 2558; x_wconf 77' lang='lat' dir='ltr'><strong>neglecta3</strong></span> <span class='ocrx_word' id='word_1_174' title='bbox 1710 2500 1871 2541; x_wconf 90' lang='lat' dir='ltr'><strong>nunc</strong></span> <span class='ocrx_word' id='word_1_175' title='bbox 1914 2499 2054 2542; x_wconf 83' lang='lat' dir='ltr'><strong>cum-</strong></span> <span class='ocrx_word' id='word_1_176' title='bbox 2092 2478 2280 2542; x_wconf 89' lang='lat' dir='ltr'><strong>semel</strong></span> <span class='ocrx_word' id='word_1_177' title='bbox 2324 2478 2565 2561; x_wconf 86' lang='lat' dir='ltr'><strong>ingrato</strong></span> 
     </span>
     <span class='ocr_line' id='line_1_22' title="bbox 514 2575 2567 2663; baseline 0.003 -26"><span class='ocrx_word' id='word_1_178' title='bbox 514 2575 714 2638; x_wconf 90' lang='lat' dir='ltr'><strong>omnia</strong></span> <span class='ocrx_word' id='word_1_179' title='bbox 747 2575 1063 2657; x_wconf 87' lang='lat' dir='ltr'><strong>digerendi</strong></span> <span class='ocrx_word' id='word_1_180' title='bbox 1095 2587 1157 2639; x_wconf 92' lang='lat' dir='ltr'><strong>et</strong></span> <span class='ocrx_word' id='word_1_181' title='bbox 1186 2575 1405 2638; x_wconf 87' lang='lat' dir='ltr'><strong>edendi</strong></span> <span class='ocrx_word' id='word_1_182' title='bbox 1435 2578 1623 2642; x_wconf 88' lang='lat' dir='ltr'><strong>officio</strong></span> <span class='ocrx_word' id='word_1_183' title='bbox 1669 2583 1911 2645; x_wconf 80' lang='lat' dir='ltr'><strong>functus</strong></span> <span class='ocrx_word' id='word_1_184' title='bbox 1950 2581 2100 2658; x_wconf 89' lang='lat' dir='ltr'><strong>sim,</strong></span> <span class='ocrx_word' id='word_1_185' title='bbox 2148 2582 2246 2662; x_wconf 90' lang='lat' dir='ltr'><strong>qui</strong></span> <span class='ocrx_word' id='word_1_186' title='bbox 2295 2590 2430 2663; x_wconf 92' lang='lat' dir='ltr'><strong>post</strong></span> <span class='ocrx_word' id='word_1_187' title='bbox 2471 2600 2567 2643; x_wconf 88' lang='lat' dir='ltr'><strong>me</strong></span> 
     </span>
     <span class='ocr_line' id='line_1_23' title="bbox 511 2676 2564 2766; baseline 0.002 -25"><span class='ocrx_word' id='word_1_188' title='bbox 511 2676 721 2741; x_wconf 90' lang='lat' dir='ltr'><strong>veniet</strong></span> <span class='ocrx_word' id='word_1_189' title='bbox 760 2696 975 2740; x_wconf 90' lang='lat' dir='ltr'><strong>securo</strong></span> <span class='ocrx_word' id='word_1_190' title='bbox 1021 2676 1266 2742; x_wconf 85' lang='lat' dir='ltr'><strong>abiiciet</strong></span> <span class='ocrx_word' id='word_1_191' title='bbox 1307 2679 1568 2744; x_wconf 87' lang='lat' dir='ltr'><strong>inutilia.</strong></span> <span class='ocrx_word' id='word_1_192' title='bbox 1634 2680 1791 2745; x_wconf 87' lang='lat' dir='ltr'><strong>Tum</strong></span> <span class='ocrx_word' id='word_1_193' title='bbox 1839 2704 1952 2746; x_wconf 88' lang='lat' dir='ltr'><strong>nec</strong></span> <span class='ocrx_word' id='word_1_194' title='bbox 1997 2702 2245 2766; x_wconf 89' lang='lat' dir='ltr'><strong>prorsus</strong></span> <span class='ocrx_word' id='word_1_195' title='bbox 2288 2681 2564 2745; x_wconf 87' lang='lat' dir='ltr'><strong>inutilem</strong></span> 
     </span>
     <span class='ocr_line' id='line_1_24' title="bbox 513 2779 2567 2867; baseline 0.002 -25"><span class='ocrx_word' id='word_1_196' title='bbox 513 2779 692 2843; x_wconf 90' lang='lat' dir='ltr'><strong>talem</strong></span> <span class='ocrx_word' id='word_1_197' title='bbox 738 2779 1104 2863; x_wconf 76' lang='lat' dir='ltr'><strong>farraginem</strong></span> <span class='ocrx_word' id='word_1_198' title='bbox 1149 2779 1224 2844; x_wconf 89' lang='lat' dir='ltr'><strong>iis</strong></span> <span class='ocrx_word' id='word_1_199' title='bbox 1267 2782 1511 2863; x_wconf 86' lang='lat' dir='ltr'><strong>putavi,</strong></span> <span class='ocrx_word' id='word_1_200' title='bbox 1559 2783 1656 2865; x_wconf 87' lang='lat' dir='ltr'><strong>qui</strong></span> <span class='ocrx_word' id='word_1_201' title='bbox 1703 2785 1880 2846; x_wconf 87' lang='lat' dir='ltr'><strong>codd.</strong></span> <span class='ocrx_word' id='word_1_202' title='bbox 1939 2783 2102 2867; x_wconf 91' lang='lat' dir='ltr'><strong>ipsos</strong></span> <span class='ocrx_word' id='word_1_203' title='bbox 2147 2804 2268 2845; x_wconf 88' lang='lat' dir='ltr'><strong>non</strong></span> <span class='ocrx_word' id='word_1_204' title='bbox 2309 2796 2567 2867; x_wconf 84' lang='lat' dir='ltr'><strong>possunt</strong></span> 
     </span>
     <span class='ocr_line' id='line_1_25' title="bbox 511 2881 2565 2968; baseline 0.001 -23"><span class='ocrx_word' id='word_1_205' title='bbox 511 2901 798 2957; x_wconf 84' lang='lat' dir='ltr'><strong>versare,</strong></span> <span class='ocrx_word' id='word_1_206' title='bbox 850 2891 913 2945; x_wconf 92' lang='lat' dir='ltr'><strong>et</strong></span> <span class='ocrx_word' id='word_1_207' title='bbox 942 2881 1004 2943; x_wconf 94' lang='lat' dir='ltr'><strong>in</strong></span> <span class='ocrx_word' id='word_1_208' title='bbox 1035 2882 1206 2965; x_wconf 83' lang='lat' dir='ltr'><strong>parvi</strong></span> <span class='ocrx_word' id='word_1_209' title='bbox 1237 2882 1496 2947; x_wconf 84' lang='lat' dir='ltr'><strong>ambitus</strong></span> <span class='ocrx_word' id='word_1_210' title='bbox 1527 2885 1822 2968; x_wconf 85' lang='lat' dir='ltr'><strong>scriptore</strong></span> <span class='ocrx_word' id='word_1_211' title='bbox 1857 2884 2009 2948; x_wconf 88' lang='lat' dir='ltr'><strong>baud</strong></span> <span class='ocrx_word' id='word_1_212' title='bbox 2060 2885 2565 2949; x_wconf 83' lang='lat' dir='ltr'><strong>contemnendam</strong></span> 
     </span>
     <span class='ocr_line' id='line_1_26' title="bbox 513 2981 2564 3069; baseline 0.004 -27"><span class='ocrx_word' id='word_1_213' title='bbox 513 2982 681 3063; x_wconf 78' lang='lat' dir='ltr'><strong>quasi</strong></span> <span class='ocrx_word' id='word_1_214' title='bbox 726 2981 978 3064; x_wconf 87' lang='lat' dir='ltr'><strong>quadam</strong></span> <span class='ocrx_word' id='word_1_215' title='bbox 1026 2981 1228 3046; x_wconf 86' lang='lat' dir='ltr'><strong>tabula</strong></span> <span class='ocrx_word' id='word_1_216' title='bbox 1273 2985 1636 3069; x_wconf 89' lang='lat' dir='ltr'><strong>propositam</strong></span> <span class='ocrx_word' id='word_1_217' title='bbox 1681 2986 2004 3069; x_wconf 84' lang='lat' dir='ltr'><strong>imaginem</strong></span> <span class='ocrx_word' id='word_1_218' title='bbox 2063 2989 2360 3063; x_wconf 81' lang='lat' dir='ltr'><strong>fatorum,</strong></span> <span class='ocrx_word' id='word_1_219' title='bbox 2409 3008 2564 3068; x_wconf 89' lang='lat' dir='ltr'><strong>quae</strong></span> 
     </span>
     <span class='ocr_line' id='line_1_27' title="bbox 513 3082 2568 3173; baseline 0.002 -27"><span class='ocrx_word' id='word_1_220' title='bbox 513 3103 621 3164; x_wconf 85' lang='lat' dir='ltr'><strong>per</strong></span> <span class='ocrx_word' id='word_1_221' title='bbox 663 3082 943 3147; x_wconf 88' lang='lat' dir='ltr'><strong>librarios</strong></span> <span class='ocrx_word' id='word_1_222' title='bbox 987 3105 1199 3168; x_wconf 91' lang='lat' dir='ltr'><strong>passus</strong></span> <span class='ocrx_word' id='word_1_223' title='bbox 1241 3086 1322 3149; x_wconf 90' lang='lat' dir='ltr'><strong>sit</strong></span> <span class='ocrx_word' id='word_1_224' title='bbox 1366 3087 1667 3171; x_wconf 89' lang='lat' dir='ltr'><strong>scriptor,</strong></span> <span class='ocrx_word' id='word_1_225' title='bbox 1730 3110 1918 3171; x_wconf 83' lang='lat' dir='ltr'><strong>quare</strong></span> <span class='ocrx_word' id='word_1_226' title='bbox 1980 3110 2222 3173; x_wconf 81' lang='lat' dir='ltr'><strong>operam</strong></span> <span class='ocrx_word' id='word_1_227' title='bbox 2272 3088 2450 3167; x_wconf 87' lang='lat' dir='ltr'><strong>dedi,</strong></span> <span class='ocrx_word' id='word_1_228' title='bbox 2501 3098 2568 3150; x_wconf 93' lang='lat' dir='ltr'><strong>ut</strong></span> 
     </span>
     <span class='ocr_line' id='line_1_28' title="bbox 512 3184 2564 3275; baseline 0.004 -29"><span class='ocrx_word' id='word_1_229' title='bbox 512 3196 793 3266; x_wconf 90' lang='lat' dir='ltr'><strong>quantum</strong></span> <span class='ocrx_word' id='word_1_230' title='bbox 827 3184 957 3248; x_wconf 85' lang='lat' dir='ltr'><strong>fieri</strong></span> <span class='ocrx_word' id='word_1_231' title='bbox 988 3197 1230 3271; x_wconf 90' lang='lat' dir='ltr'><strong>posset,</strong></span> <span class='ocrx_word' id='word_1_232' title='bbox 1279 3209 1363 3251; x_wconf 80' lang='lat' dir='ltr'><strong>ex</strong></span> <span class='ocrx_word' id='word_1_233' title='bbox 1410 3189 1621 3253; x_wconf 87' lang='lat' dir='ltr'><strong>ordine</strong></span> <span class='ocrx_word' id='word_1_234' title='bbox 1668 3213 1774 3255; x_wconf 85' lang='lat' dir='ltr'><strong>vv.</strong></span> <span class='ocrx_word' id='word_1_235' title='bbox 1807 3190 1868 3253; x_wconf 89' lang='lat' dir='ltr'><strong>ll.</strong></span> <span class='ocrx_word' id='word_1_236' title='bbox 1902 3191 2072 3275; x_wconf 90' lang='lat' dir='ltr'><strong>origo</strong></span> <span class='ocrx_word' id='word_1_237' title='bbox 2107 3202 2169 3255; x_wconf 90' lang='lat' dir='ltr'><strong>et</strong></span> <span class='ocrx_word' id='word_1_238' title='bbox 2197 3211 2564 3274; x_wconf 89' lang='lat' dir='ltr'><strong>progressus</strong></span> 
     </span>
     <span class='ocr_line' id='line_1_29' title="bbox 512 3286 2561 3375; baseline 0.001 -24"><span class='ocrx_word' id='word_1_239' title='bbox 512 3289 918 3375; x_wconf 81' lang='lat' dir='ltr'><strong>corruptionis</strong></span> <span class='ocrx_word' id='word_1_240' title='bbox 961 3288 1433 3375; x_wconf 85' lang='lat' dir='ltr'><strong>perspiceretur.</strong></span> <span class='ocrx_word' id='word_1_241' title='bbox 1525 3289 1803 3374; x_wconf 85' lang='lat' dir='ltr'><strong>Denique</strong></span> <span class='ocrx_word' id='word_1_242' title='bbox 1845 3313 1980 3355; x_wconf 83' lang='lat' dir='ltr'><strong>mea</strong></span> <span class='ocrx_word' id='word_1_243' title='bbox 2024 3313 2205 3357; x_wconf 86' lang='lat' dir='ltr'><strong>causa</strong></span> <span class='ocrx_word' id='word_1_244' title='bbox 2253 3286 2367 3356; x_wconf 86' lang='lat' dir='ltr'><strong>hoc</strong></span> <span class='ocrx_word' id='word_1_245' title='bbox 2415 3294 2561 3373; x_wconf 80' lang='lat' dir='ltr'><strong>feci,</strong></span> 
     </span>
     <span class='ocr_line' id='line_1_30' title="bbox 512 3389 2565 3475; baseline 0.001 -21"><span class='ocrx_word' id='word_1_246' title='bbox 512 3390 687 3474; x_wconf 88' lang='lat' dir='ltr'><strong>quia,</strong></span> <span class='ocrx_word' id='word_1_247' title='bbox 737 3412 869 3454; x_wconf 91' lang='lat' dir='ltr'><strong>cum</strong></span> <span class='ocrx_word' id='word_1_248' title='bbox 911 3391 1162 3475; x_wconf 90' lang='lat' dir='ltr'><strong>primum</strong></span> <span class='ocrx_word' id='word_1_249' title='bbox 1212 3389 1325 3454; x_wconf 88' lang='lat' dir='ltr'><strong>boc</strong></span> <span class='ocrx_word' id='word_1_250' title='bbox 1373 3412 1521 3475; x_wconf 90' lang='lat' dir='ltr'><strong>opus</strong></span> <span class='ocrx_word' id='word_1_251' title='bbox 1564 3393 1837 3457; x_wconf 89' lang='lat' dir='ltr'><strong>criticum</strong></span> <span class='ocrx_word' id='word_1_252' title='bbox 1872 3416 2003 3457; x_wconf 90' lang='lat' dir='ltr'><strong>cum</strong></span> <span class='ocrx_word' id='word_1_253' title='bbox 2036 3390 2180 3457; x_wconf 85' lang='lat' dir='ltr'><strong>VV.</strong></span> <span class='ocrx_word' id='word_1_254' title='bbox 2216 3391 2358 3457; x_wconf 87' lang='lat' dir='ltr'><strong>DD.</strong></span> <span class='ocrx_word' id='word_1_255' title='bbox 2396 3415 2565 3457; x_wconf 88' lang='lat' dir='ltr'><strong>com-</strong></span> 
     </span>
     <span class='ocr_line' id='line_1_31' title="bbox 510 3493 2560 3579; baseline 0.003 -24"><span class='ocrx_word' id='word_1_256' title='bbox 510 3493 807 3556; x_wconf 90' lang='lat' dir='ltr'><strong>municem</strong></span> <span class='ocrx_word' id='word_1_257' title='bbox 830 3538 848 3571; x_wconf 92' lang='lat'><strong>,</strong></span> <span class='ocrx_word' id='word_1_258' title='bbox 897 3515 1017 3556; x_wconf 89' lang='lat' dir='ltr'><strong>non</strong></span> <span class='ocrx_word' id='word_1_259' title='bbox 1049 3493 1168 3556; x_wconf 90' lang='lat' dir='ltr'><strong>ulla</strong></span> <span class='ocrx_word' id='word_1_260' title='bbox 1199 3513 1333 3556; x_wconf 86' lang='lat' dir='ltr'><strong>mea</strong></span> <span class='ocrx_word' id='word_1_261' title='bbox 1363 3499 1500 3558; x_wconf 79' lang='lat' dir='ltr'><strong>esse</strong></span> <span class='ocrx_word' id='word_1_262' title='bbox 1531 3505 1732 3578; x_wconf 87' lang='lat' dir='ltr'><strong>potest</strong></span> <span class='ocrx_word' id='word_1_263' title='bbox 1762 3495 2131 3573; x_wconf 85' lang='lat' dir='ltr'><strong>auctoritas;</strong></span> <span class='ocrx_word' id='word_1_264' title='bbox 2181 3506 2282 3573; x_wconf 91' lang='lat' dir='ltr'><strong>ut,</strong></span> <span class='ocrx_word' id='word_1_265' title='bbox 2331 3496 2381 3559; x_wconf 92' lang='lat' dir='ltr'><strong>si</strong></span> <span class='ocrx_word' id='word_1_266' title='bbox 2421 3497 2560 3579; x_wconf 86' lang='lat' dir='ltr'><strong>quid</strong></span> 
     </span>
     <span class='ocr_line' id='line_1_32' title="bbox 512 3594 2562 3679; baseline 0.002 -23"><span class='ocrx_word' id='word_1_267' title='bbox 512 3594 854 3669; x_wconf 90' lang='lat' dir='ltr'><strong>omiserim,</strong></span> <span class='ocrx_word' id='word_1_268' title='bbox 913 3594 970 3658; x_wconf 89' lang='lat' dir='ltr'><strong>id</strong></span> <span class='ocrx_word' id='word_1_269' title='bbox 1016 3605 1183 3659; x_wconf 90' lang='lat' dir='ltr'><strong>recte</strong></span> <span class='ocrx_word' id='word_1_270' title='bbox 1232 3605 1295 3657; x_wconf 93' lang='lat' dir='ltr'><strong>et</strong></span> <span class='ocrx_word' id='word_1_271' title='bbox 1339 3594 1474 3658; x_wconf 84' lang='lat' dir='ltr'><strong>iure</strong></span> <span class='ocrx_word' id='word_1_272' title='bbox 1526 3596 1749 3658; x_wconf 82' lang='lat' dir='ltr'><strong>factum</strong></span> <span class='ocrx_word' id='word_1_273' title='bbox 1796 3617 1936 3660; x_wconf 89' lang='lat' dir='ltr'><strong>esse</strong></span> <span class='ocrx_word' id='word_1_274' title='bbox 1980 3595 2312 3674; x_wconf 88' lang='lat' dir='ltr'><strong>habeatur,</strong></span> <span class='ocrx_word' id='word_1_275' title='bbox 2373 3616 2562 3679; x_wconf 86' lang='lat' dir='ltr'><strong>quare</strong></span> 
     </span>
     <span class='ocr_line' id='line_1_33' title="bbox 512 3695 2557 3782; baseline 0.003 -25"><span class='ocrx_word' id='word_1_276' title='bbox 512 3715 656 3779; x_wconf 81' lang='lat' dir='ltr'><strong>prae</strong></span> <span class='ocrx_word' id='word_1_277' title='bbox 703 3696 927 3759; x_wconf 81' lang='lat' dir='ltr'><strong>ceteris</strong></span> <span class='ocrx_word' id='word_1_278' title='bbox 971 3696 1031 3759; x_wconf 90' lang='lat' dir='ltr'><strong>id</strong></span> <span class='ocrx_word' id='word_1_279' title='bbox 1076 3695 1442 3781; x_wconf 88' lang='lat' dir='ltr'><strong>propositum</strong></span> <span class='ocrx_word' id='word_1_280' title='bbox 1488 3696 1705 3774; x_wconf 87' lang='lat' dir='ltr'><strong>habui,</strong></span> <span class='ocrx_word' id='word_1_281' title='bbox 1751 3709 1819 3762; x_wconf 90' lang='lat' dir='ltr'><strong>ut</strong></span> <span class='ocrx_word' id='word_1_282' title='bbox 1863 3720 2035 3780; x_wconf 88' lang='lat' dir='ltr'><strong>quam</strong></span> <span class='ocrx_word' id='word_1_283' title='bbox 2097 3699 2557 3782; x_wconf 86' lang='lat' dir='ltr'><strong>diligentissime</strong></span> 
     </span>
     <span class='ocr_line' id='line_1_34' title="bbox 510 3795 2559 3885; baseline 0.002 -24"><span class='ocrx_word' id='word_1_284' title='bbox 510 3805 575 3861; x_wconf 88' lang='lat' dir='ltr'><strong>et</strong></span> <span class='ocrx_word' id='word_1_285' title='bbox 600 3795 1057 3862; x_wconf 80' lang='lat' dir='ltr'><strong>accuratissime</strong></span> <span class='ocrx_word' id='word_1_286' title='bbox 1102 3799 1305 3862; x_wconf 88' lang='lat' dir='ltr'><strong>omnia</strong></span> <span class='ocrx_word' id='word_1_287' title='bbox 1348 3802 1682 3883; x_wconf 81' lang='lat' dir='ltr'><strong>proferrem</strong></span> <span class='ocrx_word' id='word_1_288' title='bbox 1707 3843 1727 3877; x_wconf 93' lang='lat'><strong>,</strong></span> <span class='ocrx_word' id='word_1_289' title='bbox 1775 3812 1841 3864; x_wconf 92' lang='lat' dir='ltr'><strong>ut</strong></span> <span class='ocrx_word' id='word_1_290' title='bbox 1870 3800 2010 3865; x_wconf 87' lang='lat' dir='ltr'><strong>inde</strong></span> <span class='ocrx_word' id='word_1_291' title='bbox 2041 3801 2293 3864; x_wconf 89' lang='lat' dir='ltr'><strong>iudicari</strong></span> <span class='ocrx_word' id='word_1_292' title='bbox 2324 3812 2559 3885; x_wconf 90' lang='lat' dir='ltr'><strong>posset,</strong></span> 
     </span>
    </p>
   </div>
   <div class='ocr_carea' id='block_1_3' title="bbox 511 3976 2546 4121">
    <p class='ocr_par' dir='ltr' id='par_1_3' title="bbox 511 3976 2546 4121">
     <span class='ocr_line' id='line_1_35' title="bbox 511 3976 2546 4050; baseline 0 -12"><span class='ocrx_word' id='word_1_293' title='bbox 511 3986 544 4038; x_wconf 91' lang='lat'>1</span> <span class='ocrx_word' id='word_1_294' title='bbox 582 3980 665 4034; x_wconf 84' lang='lat' dir='ltr'><strong>cr.</strong></span> <span class='ocrx_word' id='word_1_295' title='bbox 703 3998 752 4034; x_wconf 78' lang='lat' dir='ltr'><strong>e.</strong></span> <span class='ocrx_word' id='word_1_296' title='bbox 792 3997 842 4049; x_wconf 68' lang='lat' dir='ltr'><strong>g.</strong></span> <span class='ocrx_word' id='word_1_297' title='bbox 881 3997 1005 4034; x_wconf 68' lang='lat' dir='ltr'><strong>auu.</strong></span> <span class='ocrx_word' id='word_1_298' title='bbox 1041 3999 1115 4036; x_wconf 71' lang='lat' dir='ltr'><strong>er.</strong></span> <span class='ocrx_word' id='word_1_299' title='bbox 1155 3983 1197 4048; x_wconf 88' lang='lat'><strong>1,</strong></span> <span class='ocrx_word' id='word_1_300' title='bbox 1237 3985 1322 4038; x_wconf 75' lang='grc' dir='ltr'><strong>5ο.</strong></span> <span class='ocrx_word' id='word_1_301' title='bbox 1360 3976 1448 4039; x_wconf 80' lang='grc'><strong>7-1.</strong></span> <span class='ocrx_word' id='word_1_302' title='bbox 1509 3985 1574 4049; x_wconf 91' lang='lat'><strong>11,</strong></span> <span class='ocrx_word' id='word_1_303' title='bbox 1616 3986 1698 4038; x_wconf 73' lang='grc'><strong>14.</strong></span> <span class='ocrx_word' id='word_1_304' title='bbox 1759 3984 1848 4050; x_wconf 88' lang='grc' dir='ltr'>ιιι,</span> <span class='ocrx_word' id='word_1_305' title='bbox 1886 3985 1939 4039; x_wconf 82' lang='lat'><strong>2.</strong></span> <span class='ocrx_word' id='word_1_306' title='bbox 1988 3987 2041 4038; x_wconf 75' lang='lat'><strong>⁹.</strong></span> <span class='ocrx_word' id='word_1_307' title='bbox 2082 3986 2165 4038; x_wconf 84' lang='lat'><strong>12.</strong></span> <span class='ocrx_word' id='word_1_308' title='bbox 2209 3988 2295 4040; x_wconf 76' lang='lat'><strong>14.</strong></span> <span class='ocrx_word' id='word_1_309' title='bbox 2334 3989 2423 4042; x_wconf 76' lang='lat'><strong>46.</strong></span> <span class='ocrx_word' id='word_1_310' title='bbox 2462 3989 2546 4042; x_wconf 78' lang='lat'><strong>89.</strong></span> 
     </span>
     <span class='ocr_line' id='line_1_36' title="bbox 581 4049 2311 4121; baseline 0.003 -17"><span class='ocrx_word' id='word_1_311' title='bbox 581 4049 647 4116; x_wconf 87' lang='lat' dir='ltr'><strong>V,</strong></span> <span class='ocrx_word' id='word_1_312' title='bbox 686 4052 769 4106; x_wconf 74' lang='lat'><strong>15.</strong></span> <span class='ocrx_word' id='word_1_313' title='bbox 808 4053 896 4109; x_wconf 79' lang='lat'><strong>2⁵.</strong></span> <span class='ocrx_word' id='word_1_314' title='bbox 937 4052 1024 4105; x_wconf 77' lang='lat'><strong>⁷3.</strong></span> <span class='ocrx_word' id='word_1_315' title='bbox 1066 4052 1185 4106; x_wconf 74' lang='grc'><strong>118.</strong></span> <span class='ocrx_word' id='word_1_316' title='bbox 1225 4053 1344 4106; x_wconf 79' lang='lat'><strong>1³4.</strong></span> <span class='ocrx_word' id='word_1_317' title='bbox 1387 4055 1505 4106; x_wconf 84' lang='lat'>15⁰.</span> <span class='ocrx_word' id='word_1_318' title='bbox 1548 4055 1648 4109; x_wconf 82' lang='lat'><strong>1⁷2</strong></span> <span class='ocrx_word' id='word_1_319' title='bbox 1672 4070 1782 4121; x_wconf 73' lang='lat' dir='ltr'><strong>sqq.</strong></span> <span class='ocrx_word' id='word_1_320' title='bbox 1840 4052 1932 4117; x_wconf 77' lang='lat' dir='ltr'><strong>vl,</strong></span> <span class='ocrx_word' id='word_1_321' title='bbox 1969 4056 2058 4112; x_wconf 75' lang='lat'><strong>2³.</strong></span> <span class='ocrx_word' id='word_1_322' title='bbox 2098 4057 2184 4110; x_wconf 77' lang='lat'><strong>51.</strong></span> <span class='ocrx_word' id='word_1_323' title='bbox 2223 4055 2311 4109; x_wconf 93' lang='grc'><strong>77.</strong></span> 
     </span>
    </p>
   </div>
  </div>
 </body>
</html>
