2764 4738
893 363 1622 429 PnohssssoMENA.
2162 388 2276 432 ux-

208 537 275 601 iu
299 537 462 602 bom
484 555 676 621 saepe
721 535 1021 602 ducentos
1061 546 1243 601 stans-
1278 535 1428 621 pede
1463 534 1529 600 in
1572 555 1693 600 uno
1726 533 1993 601 dictabat
2017 557 2274 616 versus,¹

206 638 647 723 bcompositus
694 647 759 702 et
799 638 977 702 nimis
1016 658 1199 723 saepe
1244 638 1446 715 rudis,
1494 649 1559 703 at
1600 638 1869 704 fervidus
1900 649 1964 703 et
1993 639 2276 724 quamvis.

206 741 460 825 gracilia
505 752 715 805 tamen
758 761 880 805 non
923 740 1128 805 aridus
1169 748 1230 817 ¹,
1279 740 1500 804 mirum
1537 750 1823 823 qnantum
1854 740 2037 807 distat
2062 763 2265 808 aser-

208 863 395 907 nouc
441 841 686 920 Persii,
730 846 831 928 qui
887 863 1033 909 raro
1090 863 1163 907 ac
1217 842 1393 906 tarde
1451 843 1737 928 scripsit,
1783 855 1964 928 atque
2019 845 2274 910 insolita·

209 958 473 1031 captans·
516 945 934 1011 audacissimis
982 943 1478 1011 translationibus
1527 946 1786 1030 gaudet,
1836 957 1898 1011 et
1940 946 2264 1034 dumibre—

207 1050 305 1113 vis
336 1070 479 1114 esse
509 1047 755 1112 hborat
779 1057 958 1130 atquc
988 1047 1209 1124 fortis,
1235 1047 1482 1111 modum
1501 1048 1812 1113 excedens
1843 1047 2140 1114 obscurus
2168 1051 2259 1115 fit.

386 1147 638 1216 Certins
680 1149 754 1214 de
805 1148 1135 1214 Horatio
1178 1146 1460 1212 indicium
1505 1150 1668 1213 ferre
1711 1170 2069 1235 possumus,
2118 1164 2181 1216 et
2208 1151 2261 1216 si

210 1254 455 1337 quando
500 1272 649 1318 vere
693 1251 811 1315 dici
840 1262 1044 1335 potest
1083 1250 1450 1335 scriptorem·
1488 1252 1745 1334 aliquem
1776 1252 2035 1318 alterum
2063 1252 2262 1319 imita-

210 1368 341 1420 tum
384 1376 564 1431 esse,
612 1354 778 1419 valet
815 1354 879 1417 id
919 1354 993 1417 de
1036 1351 1252 1418 Persio
1295 1365 1474 1435 atque
1517 1352 1800 1419 Horatio„
1857 1353 2105 1420 Docent
2146 1354 2261 1419 hoc

208 1459 313 1523 vel
355 1477 477 1535 ea,
534 1475 688 1540 qnae
749 1452 1150 1520 Casaubonns
1203 1454 1268 1519 in
1323 1452 1623 1520 Persiana
1687 1456 1928 1523 Horatii
1971 1458 2259 1522 imatione

205 1559 574 1645 conposuit.
637 1555 824 1638 Seio,
870 1580 1024 1641 quae
1066 1568 1282 1623 contra
1326 1577 1460 1622 eam
1504 1558 1900 1644 disputaverit
1927 1557 2264 1624 Passovius

209 1664 304 1746 (p.
350 1658 472 1725 108
498 1662 701 1743 sqq),
749 1678 924 1743 qnam
971 1660 1221 1745 egregie
1266 1661 1570 1725 monuerit
1610 1662 1684 1725 de
1729 1662 2043 1740 cautione,
2102 1683 2256 1746 quae

204 1762 554 1828 adhihenda
599 1772 798 1838 esset,
865 1780 941 1824 ne
994 1763 1197 1826 statim
1248 1759 1349 1826 vel
1387 1763 1450 1826 iu
1492 1762 1819 1827 levissimis
1864 1763 2257 1830 imitationem

203 1885 608 1949 quaeramus,
657 1875 721 1929 et
765 1863 1051 1927 videntur
1092 1864 1279 1927 multa
1327 1885 1363 1928 a
1398 1861 1762 1929 casaubono
1792 1865 1855 1928 in
1900 1887 2036 1931 eum
2076 1868 2258 1933 finem

202 1969 403 2050 magis
433 1967 689 2043 collata,
723 1976 791 2029 ut
813 1963 1017 2030 Persii
1045 1966 1239 2031 verba
1267 1988 1350 2031 ex
1381 1963 1636 2030 Horatio
1670 1968 2145 2051 explicarentur,
2170 2003 2259 2018 -·

205 2090 422 2134 verum
458 2080 659 2133 tamen
691 2067 857 2133 nullo
887 2067 1065 2132 modo
1100 2069 1313 2153 negari
1342 2078 1568 2153 potest,
1599 2066 1880 2134 Persium
1910 2090 2255 2136 sermonem

202 2192 378 2236 suum
410 2171 474 2233 in
503 2170 761 2254 singulis
787 2169 863 2235 ad
906 2167 1145 2234 Horatii
1187 2171 1529 2256 exemplum
1575 2172 1992 2240 conformasse
2015 2219 2033 2253 ,
2077 2174 2258 2259 idque

205 2292 333 2335 uon
375 2271 682 2351 inscium,
725 2272 832 2338 sed
878 2274 1185 2338 volentem
1228 2273 1479 2338 fecisse.
1546 2272 1645 2336 Eo
1676 2294 1799 2338 nou
1830 2283 2063 2340 tantum
2092 2279 2262 2343 refe-

204 2375 503 2452 rendum,
554 2374 712 2459 quod
743 2376 987 2440 nomina
1015 2376 1325 2455 adhibuit,
1373 2376 1584 2459 quibus
1625 2376 1918 2442 Horatius
1946 2400 2091 2445 usus
2123 2391 2258 2446 erat

204 2477 279 2541 ad
323 2488 530 2542 certas
571 2478 859 2562 quasdam
905 2499 1200 2564 personas
1244 2478 1710 2564 significandas,
1758 2482 1915 2565 quod
1963 2483 2256 2565 quaedam

203 2578 277 2642 ab
321 2578 587 2644 Horatio
631 2578 788 2646 bene
832 2592 898 2647 et
937 2580 1184 2664 egregie
1231 2580 1388 2644 dicta
1435 2582 1790 2669 simpliciter
1830 2584 1896 2647 in
1923 2605 2055 2649 rem
2085 2605 2258 2650 suam

205 2683 433 2761 vertit,
483 2704 624 2746 nam
668 2694 984 2768 utrumque
1028 2684 1162 2748 iure
1203 2703 1315 2748 suo
1361 2685 1566 2748 facere
1611 2684 1802 2769 potuit
1851 2685 1972 2763 ita,
2020 2696 2087 2750 ut
2114 2707 2257 2771 pro-

203 2785 397 2867 prium
429 2785 743 2869 ingenium
775 2807 898 2849 non
931 2797 1369 2870 corrumperet.
1435 2781 1668 2851 Verum
1697 2773 1855 2850 enim
1889 2806 2036 2852 vero
2068 2787 2121 2851 si
2151 2807 2256 2852 ac·-

201 2887 476 2951 cnratius
521 2888 844 2966 attendas,
903 2890 989 2953 ita
1046 2909 1171 2952 rem
1222 2875 1625 2973 comparatam
1683 2909 1821 2954 esse
1867 2887 2256 2966 videbis,.ut

201 2986 503 3066 Persius,
550 3010 684 3053 eum
740 2991 1042 3055 sermonis
1099 2990 1396 3074 originem
1452 2991 1529 3054 ab
1586 2989 1922 3056 Horatiano
1979 2992 2248 3070 duceret,

201 3092 281 3154 ita
331 3093 398 3154 in
441 3092 700 3176 singulis
741 3103 1043 3170 mutaret,
1093 3103 1158 3157 ut
1198 3093 1356 3176 quod
1401 3091 1688 3175 Horatius
1730 3106 1907 3159 acute
1941 3105 2003 3158 et
2032 3093 2253 3159 festive

201 3193 501 3269 dixisset,
549 3194 611 3257 id
653 3196 889 3261 acutius
937 3197 1119 3260 etiam
1168 3196 1564 3279 festiviusque
1613 3195 1731 3260 dici
1773 3217 1952 3280 posse
1983 3207 2250 3281 putaret.

202 3291 291 3359 Ita
319 3299 549 3359 factum
584 3308 718 3374 est,
766 3309 832 3362 ut
874 3320 1007 3362 cnm
1053 3316 1295 3381 semper
1335 3309 1656 3362 manerent
1681 3297 1942 3383 vestigia
1973 3296 2252 3386 Horatia-

204 3418 318 3475 na,
349 3408 559 3462 tamen
591 3419 842 3484 prorsus
873 3400 1069 3465 deleta
1097 3401 1178 3465 sit
1207 3400 1402 3465 facilis
1431 3399 1535 3466 illa
1564 3411 1744 3486 atque
1776 3399 1997 3465 decora
2027 3402 2247 3485 gratia,

212 3587 233 3639 l
271 3585 534 3638 Graciles·
586 3593 773 3637 voc-nt
814 3585 1071 3638 Lucilium
1117 3586 1286 3639 Varro
1336 3590 1467 3655 apud
1520 3587 1652 3640 Gen.
1695 3586 1808 3652 vn,
1851 3589 1933 3652 14,
1973 3595 2027 3640 et
2061 3587 2250 3641 Fronto

267 3656 405 3723 (epp.
447 3655 513 3706 ad
550 3651 671 3705 Ver.
704 3654 797 3721 lp.
828 3655 885 3708 71
916 3656 998 3706 ed.
1028 3655 1228 3720 Rom),
1269 3658 1353 3723 qui
1392 3655 1744 3708 Albucium
1782 3656 1984 3708 aridum
2021 3660 2252 3711 nominat

270 3732 503 3790 poetam,
556 3725 814 3787 eundem,
864 3732 924 3775 ut
956 3725 1201 3788 videtur,
1253 3721 1402 3776 cu'ius
1437 3725 1606 3777 Varro
1645 3725 1824 3776 laudat
1859 3727 2062 3778 libellos
2097 3726 2251 3778 Luci·

272 3794 410 3843 liano
446 3793 752 3844 charactere
787 3794 1009 3858 scriptos
1052 3793 1136 3856 (R.
1177 3794 1232 3847 R.
1273 3794 1360 3853 m.
1397 3797 1452 3859 2,
1496 3793 1597 3859 17).
1649 3795 1792 3860 Quod
1831 3795 1962 3846 idem
1999 3797 2102 3846 alio
2140 3796 2250 3847 loco

270 3864 405 3929 (epp.
458 3862 521 3912 ad
569 3861 637 3914 H.
694 3862 844 3912 Caes.
896 3861 983 3922 lv,
1022 3862 1076 3926 3)
1114 3864 1268 3914 dicit=
1334 3864 1754 3915 Animadvertas
1786 3891 1856 3900 —
1888 3862 2158 3916 Lucilium
2195 3868 2250 3915 in

272 3935 528 3996 cuiusque
550 3933 696 3981 artis
718 3947 785 3981 ac
807 3935 1018 3996 negotii
1033 3935 1274 3998 propriis
1297 3932 1639 4000 (elegantem)
1654 3966 1673 3992 ‚
1710 3932 1761 3982 in
1797 3948 1857 3983 eo
1895 3940 2061 3999 potest
2094 3948 2249 4000 quac-

270 4001 383 4051 dam
417 4016 564 4120 ¹:zum
626 4000 804 4052 Persio
866 4001 1150 4052 similitudo
1211 4001 1584 4065 animadverti,
1643 4003 1705 4053 dc
1752 4016 1852 4068 qua
1898 4001 2031 4054 iufra
2075 4004 2248 4071 aptius

273 4083 417 4121 none
454 4070 582 4121 itur.
