2764 4738
834 391 1000 452 SAT.
1033 392 1075 463 1,
1123 397 1241 455 112
1271 425 1356 434 ——
1394 397 1536 453 114.
2089 388 2205 452 111

210 561 457 640 Spartian.
490 562 692 621 Carae.
727 568 784 623 5.
819 562 889 621 Ut
916 573 1101 622 autem
1133 562 1202 621 ab
1234 580 1302 620 ea
1334 563 1584 641 quemvis
1603 561 1784 622 locum
1808 559 2204 634 defenderent,

208 649 379 724 anguis
421 649 603 727 imago
645 648 738 707 vel
779 649 1001 726 appicta
1046 648 1137 706 vel
1183 650 1439 726 apposita
1484 647 1784 705 satisfecit.
1872 646 1995 705 Hoc
2037 646 2203 706 modo

207 733 350 802 enim,
377 744 434 790 nt
464 745 654 791 notum
686 742 796 804 est,
827 733 1246 811 significabatur
1269 734 1507 810 genius,
1541 733 1788 811 inprimis
1815 734 2028 809 genius
2066 734 2200 800 loci,

205 836 249 873 v.
277 816 452 876 Schol.
499 818 664 896 Virg.
707 817 859 877 Aen.
909 819 982 890 V,
1025 822 1127 880 95.
1171 817 1446 877 Klausen.
1492 816 1639 877 Aen.
1683 817 1734 877 11
1774 836 1834 894 p.
1884 820 2046 878 1014
2078 836 2201 897 sqq.

205 900 274 959 lta
310 903 360 960 in
400 904 723 983 anaglypho
764 905 979 980 genius
1022 905 1252 962 theatri
1288 903 1391 962 suh
1438 904 1677 980 imagine
1722 904 1921 979 anguis
1966 914 2203 981 apparet

209 986 520 1061 (Hazocelii,
550 992 608 1047 in
639 991 724 1047 tit.
768 989 997 1067 amphit.
1052 988 1189 1067 Cap.
1237 1009 1292 1067 p.
1327 992 1448 1050 158
1490 1007 1611 1067 sqq.
1645 987 1985 1046 Winckelm.
2019 1007 2146 1066 opp.
2178 988 2202 1047 1

203 1082 236 1128 t.
266 1077 352 1134 11.
379 1073 554 1132 Millin
586 1073 655 1133 G.
693 1073 772 1132 Μ.
820 1079 922 1145 38,
960 1077 1138 1146 139),
1185 1084 1245 1132 et
1272 1075 1328 1132 in
1358 1076 1578 1152 pictura
1608 1071 1843 1152 quadam
1877 1072 2032 1147 (Pitt.
2064 1072 2199 1132 Ere.

205 1155 284 1228 tv,
315 1162 405 1220 13.
445 1157 580 1217 Ant.
627 1157 855 1218 d'Herc.
887 1159 930 1230 1,
974 1163 1078 1230 33)
1112 1160 1310 1236 anguis
1355 1176 1492 1217 arae
1525 1158 1954 1217 circumvolutus
1986 1168 2095 1229 est,
2128 1177 2200 1216 ea

203 1261 321 1319 quae
349 1264 480 1303 arae
510 1242 772 1323 imposita
803 1255 932 1303 sunt
959 1243 1296 1323 depascens,
1343 1264 1467 1303 cnm
1496 1245 1891 1322 inscriptione:
1982 1245 2198 1302 Genius

203 1327 350 1386 huius
373 1330 489 1388 loci
519 1331 752 1389 montes.
813 1329 918 1389 Ubi
965 1340 1151 1388 autem
1195 1329 1337 1388 haec
1380 1329 1534 1407 genii
1575 1330 1760 1406 imago
1803 1328 2097 1399 exstabat,
2148 1329 2199 1385 is

204 1411 335 1471 loeus
378 1434 546 1474 sacer
586 1425 714 1475 erat
757 1426 817 1474 et
861 1425 1012 1474 tutus
1044 1415 1114 1473 ab
1146 1413 1371 1474 iniuria.
1430 1413 1619 1486 Quare
1669 1413 1806 1472 nihil
1847 1414 2198 1492 frequentius

206 1509 278 1555 est
303 1498 613 1578 Pompeiis,
674 1520 836 1580 quam
879 1502 935 1558 in
980 1497 1213 1559 aedibus
1256 1510 1317 1558 et
1355 1499 1560 1579 plateis
1603 1499 1693 1557 vel
1724 1519 1890 1557 unum
1934 1499 2025 1558 vel
2055 1497 2197 1556 duos

204 1602 387 1660 angues
417 1584 665 1663 grandes
707 1586 890 1663 pictos
930 1584 1148 1656 videre,
1181 1585 1281 1659 (cf.
1314 1605 1367 1645 e.
1401 1605 1462 1662 g.
1495 1583 1648 1642 Mon.
1681 1582 1837 1643 Ined.
1869 1582 1924 1641 d.
1955 1584 2090 1643 Inst.
2125 1583 2201 1643 111

201 1677 234 1723 t·
261 1672 293 1730 6
320 1668 553 1741 Schulz,
602 1681 852 1748 rapport.
899 1668 1153 1749 Pompei.
1206 1691 1260 1748 p.
1313 1671 1411 1731 10.
1464 1674 1560 1731 17.
1593 1672 1739 1747 34),
1785 1679 1846 1727 et
1884 1671 2079 1728 nescio
2125 1687 2197 1726 an

202 1751 306 1812 inde
334 1754 716 1833 explicandum
749 1758 854 1827 sit,
900 1755 1046 1836 quod
1077 1757 1393 1814 etiamnunc
1439 1756 1493 1812 in
1523 1753 1685 1812 ltalia
1713 1754 1803 1813 hic
1835 1753 1947 1811 illic
1976 1751 2197 1813 aedium

203 1840 370 1914 parieti
398 1860 614 1919 angues
646 1842 901 1920 appictos
933 1859 1174 1900 cernere
1206 1841 1356 1898 licet.
1404 1836 1562 1912 Quod
1595 1849 1780 1897 autem
1825 1840 2031 1916 optime
2062 1839 2117 1897 h.
2151 1840 2192 1899 l.

199 1923 437 1998 illustrat,
485 1929 540 1984 in
585 1929 805 2005 pariete
853 1925 1040 2005 aliquo
1083 1923 1468 1995 conclavium,
1529 1922 1727 2002 quibus
1786 1924 2039 1983 thermae
2083 1924 2198 1983 Titi

201 2022 593 2087 supet-structae
626 2023 774 2083 sunt,
807 2023 866 2070 et
894 2030 1039 2090 quae
1071 2011 1199 2068 olim
1232 2021 1448 2088 partem
1482 2009 1677 2067 domus
1709 2028 1919 2068 aureae
1949 2009 2195 2069 Neronis

198 2094 499 2167 effecerunt,
530 2098 664 2175 picti
694 2105 822 2155 sunt
852 2095 961 2154 duo
993 2115 1230 2173 angues,
1262 2116 1384 2153 cum
1417 2095 1522 2153 hac
1553 2095 1918 2171 inscriptione

420 2181 758 2241 DVODECI
788 2180 986 2240 DEOS
1018 2182 1118 2241 ET
1149 2178 1449 2240 DlANAM
1480 2179 1579 2238 ET
1611 2179 1849 2238 IOVEM
1952 2217 1963 2224 —

281 2305 296 2318 ·
420 2267 794 2327 OPTVMVM
822 2265 1190 2326 MAXIMVM
1223 2265 1530 2324 HABEAT
1562 2263 1837 2323 IRATOS

415 2350 766 2426 QVISQVIS
797 2351 916 2411 HIC
946 2350 1262 2411 MIXERIT
1291 2350 1451 2410 AVT
1484 2349 1832 2410 CACARlT.

198 2434 472 2516 imaginem
519 2459 643 2498 cum
683 2439 1050 2516 inscriptione
1100 2437 1254 2497 dedit
1293 2436 1366 2495 A.
1413 2435 1483 2495 de
1529 2435 1827 2507 Romanis,
1872 2436 1925 2494 le
1970 2437 2195 2496 antiche

192 2541 391 2583 camere
407 2523 720 2603 Esquiline.
743 2522 902 2582 Rom.
940 2528 1121 2594 1822,
1153 2524 1296 2581 hanc
1327 2522 1507 2581 solam
1521 2520 1779 2580 Osannus
1809 2520 1947 2599 Syll.
1975 2542 2029 2598 p.
2049 2525 2195 2594 494,

190 2611 279 2669 45.
306 2607 478 2668 Hodie
523 2620 760 2688 utraque
806 2609 900 2666 vix
943 2611 1101 2668 cerni
1149 2618 1352 2686 potest.
1429 2608 1489 2666 ln
1532 2625 1633 2665 ara
1664 2607 1999 2684 sepulcrali,
2031 2626 2196 2685 quam

189 2695 257 2750 A.
294 2696 720 2753 Herennulez'us
759 2696 1003 2753 Hermes
1053 2694 1273 2771 coniugi
1333 2693 1522 2770 posuit
1574 2689 1744 2769 (apud
1804 2691 2055 2749 Fabrett.
2116 2691 2196 2751 IV

187 2797 234 2854 p-
259 2782 366 2841 281
404 2786 560 2859 sq.),
606 2799 640 2838 a
686 2777 901 2837 duobus
945 2780 1217 2838 lateribus
1259 2777 1372 2836 bini
1414 2787 1712 2856 serpentes
1753 2774 2014 2854 insculpti
2045 2786 2194 2848 sunt,

188 2861 1710 3029 qoiZTTkissgi⁵2⁰²i⁵3¹¹⁰1¹z¹¹gri³gssJatss'ff‘ssssssfflssfflvvi‘
1741 2860 1884 3008 ³1³3?
1891 2860 2195 3024 ·.{,¹¹.13¹.}3‘.?;

185 3033 406 3110 rigorem
436 3036 584 3114 legis
615 3036 860 3094 imitatus
892 3045 1000 3093 est.
1047 3032 1290 3093 Primum
1314 3031 1668 3091 dictatorium
1701 3029 1831 3090 illud
1862 3041 1990 3090 veto
2017 3033 2195 3108 ponit,

186 3121 260 3177 eni
285 3118 532 3199 adiungit
562 3123 843 3199 antiquam
875 3121 1045 3178 futuri
1079 3119 1313 3179 formam
1329 3117 1510 3197 saxi!
1550 3117 1710 3191 (Hor.
1743 3126 1850 3175 sat.
1881 3116 1950 3187 11,
1981 3120 2043 3189 3,
2076 3121 2191 3187 383

186 3205 235 3273 6,
263 3210 340 3277 5),
369 3204 440 3265 de
485 3225 595 3286 qua
641 3205 937 3282 praeclare
979 3206 1099 3282 egit
1139 3203 1386 3282 Madvig.
1408 3245 1423 3273 ,
1471 3201 1542 3261 de
1575 3202 1878 3261 formarum
1913 3199 2190 3280 quarund.

184 3290 320 3348 verbi
348 3290 478 3350 Lat.
510 3301 711 3349 natura
743 3301 803 3349 et
832 3310 933 3349 usn
965 3288 1109 3368 disp.
1140 3289 1164 3348 1
1189 3289 1391 3362 (Havn.
1426 3291 1637 3359 1835).
1702 3288 1925 3346 oletum
1951 3306 2065 3346 vox
2094 3306 2195 3344 an-

185 3375 315 3453 tiqua
341 3377 467 3447 suit,
500 3397 554 3435 v.
588 3374 764 3434 Paull.
797 3374 959 3436 Diae.
993 3395 1044 3433 s.
1079 3396 1132 3434 v.
1165 3376 1405 3444 oletum,
1454 3383 1675 3432 stercus
1708 3372 2027 3431 humanum.
2074 3372 2194 3432 Ve-

182 3462 380 3519 ranius:
430 3458 804 3521 Sacerdotula
847 3462 1201 3519 insacrario
1231 3458 1477 3518 Martiali
1518 3459 1658 3517 fecit
1687 3457 1914 3515 oletum.
1974 3457 2065 3516 Cf.
2100 3457 2195 3516 lex

182 3543 307 3620 apud
347 3546 601 3606 Frontin.
645 3543 718 3605 de
763 3543 1006 3624 aquaed.
1055 3548 1172 3608 97:
1247 3546 1340 3603 Ne
1386 3544 1515 3621 quis
1560 3562 1773 3621 aquam
1814 3544 2030 3601 oletato
2060 3543 2192 3600 dolo

183 3632 312 3689 nalo
325 3676 349 3703 ‚
400 3634 505 3691 ubi
518 3632 758 3709 publice
797 3633 994 3690 saliet.
1076 3631 1154 3688 Si
1185 3632 1315 3707 quis
1362 3629 1644 3699 oletarit,
1690 3630 2091 3687 sesteru’orum
2129 3629 2193 3685 Χ

184 3717 323 3775 utilia
351 3719 537 3777 multa
568 3727 729 3789 este,-
777 3717 868 3774 ubi
899 3717 1020 3795 ipse
1051 3713 1236 3774 addit:
1316 3715 1534 3773 oletato
1564 3714 1795 3771 videtur
1824 3732 1951 3772 esse
1977 3713 2188 3771 olidam

203 3802 353 3860 acite.

168 3794 212 3870 s
327 3908 379 3945 v.
417 3889 771 3949 114-123.
817 3885 1071 3963 Egregie
1112 3884 1342 3945 Persius
1385 3893 1707 3961 poetarum,
1734 3901 1966 3961 quorum
1998 3901 2192 3942 exem-

186 3968 308 4043 plum
337 3970 683 4053 sequendum
716 3971 821 4028 sibi
852 3972 1178 4049 proposuit,
1221 3969 1502 4029 diversum
1544 3970 1826 4047 ingenium
1866 3969 2059 4047 paucis
2092 3964 2191 4027 de·

187 4053 410 4117 claravit.
458 4058 518 4118 In
548 4057 781 4116 Lucilio
812 4058 957 4116 enim
990 4075 1126 4134 prae
1158 4057 1372 4117 ceteris
1406 4054 1638 4114 libertas
1680 4051 2036 4124 admiranda,
2082 4070 2191 4131 qua
