2764 4738
518 361 603 428 72
1011 363 1541 425 ARGUMENTUM
1632 364 1956 425 SATIRAE
2017 366 2060 424 1.

520 555 645 595 cum
676 533 1010 595 adversario
1056 537 1411 615 colloquatur
1451 546 1656 615 poeta,
1700 556 1773 594 an
1803 555 2030 595 secum:
2078 531 2226 614 quod
2256 535 2577 612 praecipue

523 618 671 700 apud
700 620 954 679 Persium
988 622 1171 681 loeum
1204 621 1395 692 habet,
1427 621 1520 680 ubi
1550 641 1660 680 uon
1692 633 1784 681 est
1811 632 2004 680 certus
2035 618 2256 700 quidam
2289 616 2576 677 adversa-

519 709 660 776 riuS,
700 708 789 785 qni
823 708 985 765 unius
1017 706 1253 765 hominis
1270 717 1466 785 partes
1484 718 1752 766 accurate
1784 708 2238 785 circumscriptas
2269 715 2434 782 agat,
2468 702 2575 763 sed

520 792 723 862 omnia,
756 792 1082 871 quibuscum
1113 811 1232 850 rem
1265 793 1439 851 habet
1467 803 1657 871 poeta,
1689 793 1794 851 hac
1822 792 1995 851 veluti
2028 809 2269 869 persona
2302 809 2575 869 eompre-

524 874 860 936 hendnutur.
909 877 1043 934 Cum
1076 878 1249 954 igitur
1277 887 1449 955 poeta
1493 879 1671 956 primo
1703 878 1890 936 statim
1936 896 2105 936 versu
2138 875 2437 935 consilium
2473 895 2575 954 pa-

522 963 758 1021 tefaciat
785 960 855 1020 de
887 963 1036 1020 inani
1067 962 1342 1020 hominum
1376 961 1562 1020 studio
1605 959 2007 1042 conquerendi,
2039 958 2336 1021 dissuadet
2365 961 2574 1039 aliquis

522 1049 612 1117 ei,
645 1067 767 1106 cum
810 1047 944 1106 talia
987 1065 1151 1106 nemo
1183 1060 1482 1107 curaturus
1513 1050 1605 1105 sit.
1681 1047 1783 1106 Cui
1828 1057 2033 1126 poeta,
2064 1049 2118 1104 iu
2150 1057 2258 1103 tam
2294 1056 2575 1124 corrupto

523 1132 596 1191 de
638 1133 842 1191 litteris
887 1131 1093 1191 iudicio
1138 1132 1330 1190 talium
1380 1134 1718 1191 sententiam
1764 1132 1967 1191 nuliam
2012 1133 2120 1191 vim
2164 1131 2434 1200 habere,
2481 1150 2577 1188 re-

523 1217 784 1295 spondet,
817 1219 981 1275 immo
998 1219 1048 1275 si
1081 1219 1203 1296 quis
1236 1219 1562 1276 accuratius
1593 1218 1873 1296 inspiciat,
1903 1236 2050 1287 eum,
2081 1215 2150 1276 de
2182 1215 2577 1293 indignatione

521 1322 818 1381 procerum
852 1322 1135 1372 securum,
1165 1304 1423 1380 graviter
1444 1303 1586 1361 haec
1605 1304 2007 1380 castigaturum
2027 1322 2158 1360 esse
2192 1309 2267 1372 (v.
2312 1306 2574 1369 1—-12›.

695 1388 903 1446 Omnes
927 1389 1071 1445 enim
1106 1387 1391 1448 scribendi
1424 1385 1609 1445 studio
1640 1388 1849 1458 calent,
1897 1397 1959 1445 ut
1988 1406 2082 1457 ea,
2125 1405 2269 1465 quae
2305 1386 2574 1444 elabora-

521 1473 653 1540 rint,
699 1473 1025 1530 convocatis
1070 1470 1417 1530 auditoribus
1463 1471 1728 1542 recitent,
1772 1482 1834 1530 et
1878 1472 2025 1530 omni
2070 1472 2219 1529 cultu
2262 1481 2326 1528 et
2369 1481 2576 1528 ornatu

523 1574 692 1614 aures
724 1574 917 1614 eorum
949 1565 1117 1634 atque
1151 1555 1344 1613 oculos
1379 1555 1596 1626 fallant,
1639 1565 1698 1613 et
1736 1553 2242 1635 iuanem‚plausum
2274 1564 2458 1632 atque
2490 1555 2577 1611 fa-

521 1659 712 1699 vorem
748 1641 1146 1699 nanciscantur
1176 1646 1251 1712 (v.
1291 1644 1584 1712 13—21).
1621 1640 1961 1719 Quamquam
1993 1639 2138 1698 bene
2170 1642 2393 1698 conscii
2426 1648 2577 1707 sunt,

520 1737 846 1804 corruptum
908 1745 1041 1783 esse
1101 1744 1294 1784 eorum
1354 1723 1646 1795 iudicium,
1721 1744 1955 1805 quorum
2017 1727 2269 1783 savorem
2336 1734 2579 1801 captent

527 1818 602 1883 (v.
634 1814 718 1872 22
750 1817 896 1889 sq.)‚
957 1829 1121 1868 nemo
1166 1820 1354 1869 tamen
1398 1810 1469 1868 oh
1501 1811 1663 1869 aliam
1710 1829 1938 1869 eausam
1971 1808 2169 1868 studiis
2218 1828 2282 1867 se
2319 1806 2574 1877 dedicat,

523 1896 631 1954 nisi
663 1906 723 1953 ut
753 1897 954 1954 famam
988 1906 1194 1973 poetae
1226 1906 1585 1974 assequatur.
1674 1893 1754 1954 At
1783 1893 1929 1975 apud
1960 1914 2254 1973 quosnam,
2285 1905 2348 1953 et
2379 1914 2575 1972 quam-

522 1999 648 2039 nam
683 1982 929 2039 famam?
999 1978 1166 2059 Apud
1196 1999 1320 2053 eos,
1351 1983 1444 2059 qui
1475 1981 1610 2039 talia
1640 1999 1745 2040 nec
1776 1980 2111 2059 intelligunt,
2144 1998 2286 2049 nec,
2321 1981 2372 2038 si
2404 1998 2578 2038 accu-

523 2067 699 2124 ratius
731 2067 1032 2144 inspicias,
1079 2086 1214 2125 vere
1246 2076 1482 2137 curant,
1513 2077 1572 2124 ut
1604 2066 1678 2137 ii,
1708 2068 1802 2145 qui
1833 2086 1906 2124 ex
1935 2085 2092 2125 more
2125 2063 2354 2122 divitum
2374 2107 2392 2136 ,
2426 2067 2578 2123 iuter

523 2170 755 2210 coenam
812 2150 879 2208 ad
929 2149 1249 2209 variandam
1295 2151 1674 2229 voluptatem,
1716 2153 1964 2210 carmina
2010 2152 2289 2227 legentem
2343 2148 2580 2209 audiunt

525 2244 601 2310 (v.
634 2241 933 2308 23—40).
993 2235 1136 2295 Nam
1170 2238 1391 2294 etiamsi
1422 2256 1612 2295 veram
1645 2234 1862 2295 laudem
1895 2245 2092 2314 optare
2125 2233 2300 2293 debet
2328 2237 2572 2314 quisque

522 2332 692 2402 poeta
727 2327 803 2394 (v.
838 2327 920 2384 40
941 2326 1142 2393 -47)
1163 2366 1180 2393 ,
1227 2332 1413 2382 tamen
1448 2342 1553 2381 nec
1586 2331 1778 2400 potest
1807 2340 1913 2382 uec
1945 2319 2115 2381 debet
2147 2323 2338 2398 magni
2373 2322 2576 2380 facere

522 2408 905 2486 imperitorum
941 2406 1192 2478 laudem,
1242 2410 1333 2487 qui
1367 2406 1626 2487 quicquid
1657 2406 1813 2466 dives
1845 2409 2057 2465 amicus
2090 2408 2355 2485 scripsit,
2401 2408 2573 2485 pleno

523 2512 625 2551 ore
660 2491 908 2562 laudant,
936 2493 1082 2550 bene
1116 2496 1297 2571 gnari,
1331 2513 1478 2564 eum,
1512 2495 1602 2571 qui
1634 2492 1924 2553 beneficiis
1958 2490 2247 2551 auditores
2266 2491 2574 2559 conducat,

523 2598 718 2637 verum
752 2577 946 2637 audire
979 2578 1149 2649 nolle,
1181 2579 1329 2637 velle
1362 2589 1573 2636 tantum
1607 2576 1823 2636 laudari
1856 2582 2033 2650 (48-
2053 2583 2181 2649 57).
2270 2576 2313 2635 Ii
2348 2578 2463 2655 ipsi
2494 2588 2578 2635 ta-

522 2683 675 2733 men,
708 2683 867 2741 quem
903 2660 1067 2721 modo
1096 2666 1150 2721 in
1181 2684 1245 2721 os
1281 2662 1597 2733 laudarunt,
1630 2684 1776 2735 eum,
1794 2664 1886 2721 ubi
1918 2674 2136 2740 tergum
2154 2664 2439 2733 verterit,
2474 2661 2573 2719 de-

524 2747 710 2808 rident
742 2752 1064 2820 (58—62).
1113 2749 1251 2806 Tam
1284 2749 1437 2806 nihili
1470 2760 1581 2822 est,
1614 2767 1776 2828 quem
1809 2749 1902 2807 isti
1933 2749 2128 2827 quovis
2162 2745 2327 2805 modo
2358 2767 2577 2806 venan-

525 2845 638 2905 tur,
668 2835 1050 2910 imperitorum
1085 2833 1331 2912 plausus·

693 2919 905 2978 Verum
939 2916 1068 2997 quid
1112 2917 1334 2977 tandem
1382 2929 1504 2988 est,
1551 2916 1697 2996 quod
1744 2919 1797 2976 in
1832 2918 1989 2977 hisce
2036 2919 2218 2996 poetis
2265 2926 2573 2995 tantopere

526 3004 714 3083 placet
745 3013 911 3083 atque
948 3001 1244 3063 laudatur?
1305 3004 1467 3062 Nunc
1499 3000 1719 3061 tandem
1754 3023 1967 3061 summo
1998 3023 2122 3061 cnm
2171 3003 2413 3060 artificio
2446 3021 2574 3061 ver·

526 3109 622 3148 sus
656 3090 902 3147 molliter
934 3092 1172 3149 {luentes
1205 3108 1548 3167 componere
1582 3089 1902 3166 intelligunt
1944 3098 2021 3159 (v.
2063 3091 2375 3157 63—66);
2430 3106 2575 3146 nuuc

525 3173 780 3243 tandem,
828 3172 1087 3253 quicquid
1136 3177 1465 3251 suscipiunt,
1512 3174 1749 3251 grandia
1799 3176 2048 3231 carmina
2093 3175 2341 3241 faciunt,
2377 3184 2440 3230 ut
2484 3173 2571 3252 qui

530 3261 661 3317 nituit
697 3270 928 3337 praeter
959 3261 1102 3318 levia
1135 3263 1386 3318 earmina
1433 3257 1501 3316 ad
1551 3258 1895 3317 Graecorum
1944 3260 2203 3337 exempla
2251 3258 2475 3327 luserit,
2508 3254 2575 3314 ad

525 3365 620 3403 res
667 3345 946 3403 Romanas
994 3345 1215 3403 sublimi
1262 3346 1513 3404 carmine
1564 3342 1889 3402 tractandas
1947 3343 2135 3402 subito
2195 3362 2261 3401 se
2307 3345 2575 3421 accingat

528 3437 601 3502 (v.
638 3434 934 3502 67—75).
1010 3431 1216 3489 Contra
1249 3432 1341 3488 alii
1374 3430 1793 3509 antiquissimos
1826 3449 2078 3508 quosque
2110 3439 2311 3508 poetas
2344 3439 2573 3486 sectan-

527 3526 637 3583 tes,
672 3515 931 3595 quicquid
965 3518 1017 3573 in
1063 3517 1132 3574 iis
1164 3517 1422 3594 rubigine
1454 3525 1513 3573 et
1566 3524 1802 3573 veterno
1848 3524 2053 3572 tectum
2102 3523 2193 3571 est
2222 3524 2576 3590 aucupantur

526 3600 904 3680 imitantloque
938 3603 1257 3679 exprimere
1292 3613 1570 3660 conantur
1603 3608 1678 3673 (v.
1702 3604 2002 3670 76—u78).
2077 3600 2271 3677 Itaque
2304 3599 2440 3656 nihil
2474 3600 2572 3656 mi-

525 3705 665 3756 rum,
699 3685 805 3744 hoc
853 3687 1233 3746 diversissima
1284 3684 1555 3746 miscendi
1588 3683 1772 3744 studio
1819 3684 2227 3743 intolerabilem
2273 3685 2397 3742 fieri
2442 3703 2572 3741 ora-

529 3772 759 3839 tionem,
793 3791 898 3848 qua
932 3792 1076 3830 nunc
1109 3770 1357 3849 gaudent
1390 3771 1652 3831 erudituli
1686 3778 1760 3844 (v.
1796 3774 2092 3840 79—82).
2151 3769 2213 3827 In
2244 3769 2353 3826 hoc
2386 3781 2572 3826 autem

525 3854 710 3914 studio
757 3857 1047 3914 artificium
1095 3856 1413 3915 ostentandi
1466 3877 1681 3916 verum
1720 3876 1827 3913 non
1877 3864 2064 3931 potest
2099 3855 2281 3912 locum
2332 3854 2569 3918 habere,

525 3938 624 3997 sed
661 3938 712 3996 id
747 3961 910 3999 unum
942 3962 1138 4000 omues
1172 3956 1361 4020 agunt,
1396 3953 1455 4001 ut
1486 3944 1785 4019 eleganter
1830 3939 2050 3999 dicendi
2083 3960 2395 4019 versusque
2428 3940 2565 3997 mol·

523 4026 652 4085 liter
682 4027 1051 4105 componendi
1085 4037 1262 4087 artem
1297 4031 1539 4097 iactent,
1572 4039 1629 4086 et
1659 4026 1788 4085 inde
1822 4024 2037 4086 laudem
2069 4036 2332 4104 captent,
2367 4046 2476 4085 uon
2508 4034 2566 4081 ut

522 4390 648 4501 *x
