2764 4738
918 429 1636 494 PROLEGOMENA.
2130 453 2303 496 enm

246 604 622 690 explicatum
654 612 957 688 putemus.
1016 600 1144 666 Iam
1188 602 1375 687 igitur
1405 600 1765 665 haberemus
1795 596 1974 663 alium
2004 602 2304 684 quendam

243 705 560 786 Probum,
627 705 1011 789 antiquorum
1084 705 1445 791 scriptorum
1517 713 1977 779 enarratorem,
2052 703 2126 768 de
2185 725 2304 788 quo

243 809 399 872 nihil
429 808 716 872 traditum
746 808 1083 892 reperimus
1106 851 1127 883 ‚
1174 817 1239 870 et
1269 807 1368 890 qui
1400 827 1639 870 omnem
1671 806 1745 869 de
1777 802 1976 868 Probo
2008 826 2306 889 gramma-

206 960 213 967 .
244 911 370 974 tico
401 911 825 994 quaestionem
858 910 1034 974 valde
1063 910 1358 973 incertam
1391 909 1705 973 redderet.
1756 905 2131 991 Quamquam
2161 907 2305 972 illud

245 1032 494 1096 semper
550 1012 921 1089 tenendum,
983 1011 1084 1074 nbi
1146 1008 1432 1075 Valerius
1490 1006 1729 1073 Probus
1788 1008 2172 1085 nominetur,
2231 1009 2304 1073 do

245 1112 510 1199 Berytio
541 1114 911 1198 potissimum
945 1112 1330 1196 cogitandum
1364 1131 1528 1175 esse.
1594 1110 1823 1176 Verum
1857 1133 1990 1177 cum
2021 1108 2210 1175 Probi
2240 1111 2304 1176 iu

244 1217 431 1281 codd.
463 1212 811 1280 Pithoeano
843 1227 908 1281 et
939 1212 1361 1299 sangallensis
1408 1213 1633 1277 nullum
1662 1213 1986 1297 vestigium
2017 1212 2133 1293 sit,
2188 1235 2306 1280 nec

248 1316 435 1382 Valla
477 1317 821 1382 accuratius
869 1318 1122 1390 doceat,
1173 1316 1330 1379 unde
1380 1315 1495 1378 hoc
1540 1335 1761 1380 nomen
1810 1315 2081 1380 hauserit
2117 1322 2178 1394 ¹,
2243 1327 2309 1380 et

245 1421 501 1484 omniuo
548 1420 747 1483 minor
789 1431 936 1484 tunc
982 1418 1271 1503 temporis
1329 1417 1394 1480 iu
1456 1416 1669 1481 talibus
1724 1417 2036 1501 diligentia
2095 1419 2301 1497 suerit,

246 1522 662 1587 coniecturam
692 1521 902 1586 licebit
930 1541 1335 1606 expromere,
1385 1539 1538 1602 quae
1583 1521 1843 1584 fortasse
1887 1519 2048 1584 haud
2081 1520 2306 1606 impro-

243 1625 467 1690 babilis
512 1624 845 1690 videbitur.
920 1621 1079 1688 Puto
1126 1622 1326 1699 enim,
1373 1617 1613 1685 Vallam
1660 1641 1831 1685 usum
1878 1642 2016 1687 csse
2064 1623 2301 1702 codice,

247 1728 347 1811 qui
394 1737 695 1791 consueto
740 1746 909 1790 more
952 1735 1198 1811 praeter
1237 1721 1589 1788 Iuvenalem
1633 1724 1813 1788 etiam
1844 1720 2124 1788 Persium
2157 1746 2302 1789 con·

246 1828 486 1893 tinebat
529 1848 663 1893 cum
706 1827 949 1892 scholiis
995 1838 1060 1891 et
1098 1826 1223 1890 vita
1269 1826 1343 1890 de
1385 1826 1818 1890 commentario
1847 1825 2038 1890 Probi
2070 1824 2306 1892 Valerii

244 1930 530 2008 sublata,
572 1948 725 2013 quae
754 1929 808 1992 si
837 1929 1089 2013 primum
1118 1929 1316 1993 locum
1362 1927 1716 2013 occupavit,
1784 1928 1977 2014 potuit
2016 1930 2303 2013 perfacile

244 2032 364 2096 boc
415 2050 639 2096 nomen
682 2031 760 2095 ad
808 2029 1041 2095 scholia
1084 2030 1448 2095 transferre.
1519 2030 1765 2114 Aliquid
1825 2030 2108 2115 ponderis
2168 2030 2304 2095 huic

247 2135 647 2198 coniecturae
689 2132 749 2195 id
798 2132 1017 2208 addet,
1067 2133 1225 2216 quod
1271 2130 1446 2196 Valla
1490 2152 1708 2196 revera
1754 2134 1965 2198 codice
2005 2154 2149 2197 usus
2181 2145 2301 2211 est,

243 2237 348 2320 qui
396 2234 674 2320 vulgaria
724 2234 800 2298 ad
853 2232 1132 2299 Persium
1194 2234 1426 2299 scholia
1484 2231 1782 2310 habehat,
1835 2245 1979 2297 tunc
2041 2236 2304 2302 nondum

245 2339 457 2416 edita,
508 2358 644 2403 nam
691 2336 1093 2424 compluribus
1138 2337 1324 2417 locis,
1388 2336 1485 2401 ubi
1530 2333 1734 2401 Persii
1782 2335 1971 2401 verba
2014 2338 2190 2403 affert
2231 2356 2306 2402 ea

243 2442 452 2520 addit,
504 2461 655 2523 quae
687 2441 750 2504 iu
784 2436 1044 2504 Cornuti
1073 2439 1320 2503 scholiis
1349 2439 1674 2524 leguntur,
1710 2460 1770 2504 e.
1806 2461 1868 2524 g.
1901 2439 1978 2501 ad
2009 2436 2147 2503 Iuv.
2183 2437 2299 2518 vl,

250 2541 376 2607 197
418 2543 599 2607 affert
625 2539 810 2607 Pers.
844 2537 898 2621 l,
930 2538 1056 2607 20:
1125 2538 1281 2605 Cum
1325 2543 1606 2605 carmina
1650 2541 1915 2608 lumbum
1959 2542 2203 2605 intrant
2242 2552 2308 2607 et

244 2646 456 2711 addit:
508 2643 688 2709 Sicut
731 2666 888 2709 enim
920 2653 1127 2708 tactus
1155 2644 1484 2707 mulierum
1513 2655 1718 2708 movet
1749 2646 2003 2726 intima,
2052 2646 2146 2708 ita
2175 2665 2307 2709 voa:

248 2747 617 2832 effeminata
658 2771 785 2811 non
825 2748 1094 2810 animum
1138 2755 1374 2820 movet,
1422 2745 1539 2810 sed
1577 2749 1837 2833 inguen.
1904 2744 2201 2812 Similiter
2228 2746 2305 2811 ad

246 2848 388 2914 lnv.
426 2845 607 2926 vlu,
642 2847 677 2912 1
713 2849 916 2913 laudat
943 2846 1127 2913 PerS.
1161 2845 1277 2925 ln,
1308 2845 1395 2914 28
1416 2894 1434 2925 ,
1468 2848 1786 2932 additque:
1833 2849 2131 2913 Ramulos
2160 2850 2305 2913 item

248 2961 496 3016 veteres
521 2960 846 3016 stemmata
878 2949 1206 3025 diverunt,
1238 2970 1394 3036 quos
1423 2948 1715 3015 advocati
1737 2953 1804 3015 in
1847 2953 1986 3016 iure
2006 2951 2298 3036 faciunt,

248 3065 324 3118 ut
352 3062 522 3138 puta
539 3080 560 3116 .·
606 3056 715 3117 ille
739 3053 963 3138 filius,
1013 3052 1117 3116 hic
1146 3054 1329 3115 istius
1344 3078 1368 3130 ,-
1414 3062 1562 3115 sunt
1590 3056 1704 3137 qui
1727 3064 1788 3118 et
1814 3055 2121 3119 rotundas
2152 3058 2307 3118 ima·-

246 3160 440 3244 gines
484 3165 812 3220 stemmata
856 3155 986 3220 diei
1012 3155 1223 3219 velint.
1284 3151 1439 3218 Item
1469 3155 1546 3222 ad
1575 3151 1712 3220 Iuv.
1749 3152 1923 3236 Vlll,
1950 3155 2034 3220 95
2064 3157 2307 3222 adhibet

245 3258 432 3324 Pers.
467 3254 585 3335 111,
618 3256 697 3322 31
743 3268 805 3321 et
847 3256 1156 3341 adiungit:
1227 3255 1491 3337 Quidam
1522 3266 1760 3342 putant
1799 3257 2065 3324 Nattam
2087 3257 2306 3343 fitme

248 3363 559 3450 quendam
605 3361 1002 3425 tumr-mum
1021 3408 1041 3437 ‚
1088 3366 1203 3446 qui
1219 3365 1674 3449 patrimonium
1716 3382 1894 3425 suum
1928 3361 2310 3447 prodegerit

248 3476 315 3530 et
371 3463 760 3529 nobilitatem
815 3464 975 3537 male
1032 3465 1286 3528 vivendo
1324 3465 1639 3549 finditur
1697 3464 2049 3528 sustulerit.
2127 3461 2303 3546 Quae

245 3568 400 3633 satis
433 3564 693 3651 probant
724 3561 1002 3628 Cornuto
1036 3588 1205 3631 usum
1237 3568 1424 3633 ruisse
1457 3564 1718 3631 Vallam.

416 3666 710 3733 Nondum
743 3678 989 3751 peracta
1018 3689 1120 3732 res
1152 3678 1270 3732 est.
1327 3668 1490 3733 Nam
1536 3669 1689 3733 haec
1731 3669 1924 3732 refert
1952 3665 2004 3731 1.
2039 3664 2307 3732 Parrha-

244 3772 376 3837 sius
422 3770 531 3852 (de
582 3768 766 3833 rebus
807 3789 917 3853 per
958 3769 1271 3854 epistolam
1315 3770 1645 3853 quaesitis,
1692 3791 1785 3853 ep.
1837 3766 1900 3834 V
1940 3781 1986 3833 t.
2020 3766 2053 3832 1
2083 3791 2143 3854 p.
2177 3766 2304 3833 735

249 3873 509 3939 Gruteri
540 3872 798 3957 lamp.):
846 3871 1057 3935 Incidi
1092 3874 1157 3935 in
1199 3871 1457 3936 Probi
1488 3873 1898 3959 grammatici
1933 3879 2305 3935 commenta·

249 4064 273 4117 l
315 4061 372 4114 Si
410 4062 500 4129 qui
539 4068 814 4129 praeterea
849 4059 1002 4112 Probi
1038 4060 1415 4126 meminerunt,
1467 4068 1529 4112 ut
1561 4060 1905 4113 Mancinellou
1938 4060 2006 4113 ad
2041 4059 2154 4113 lav.
2191 4057 2300 4121 vn,

318 4133 441 4185 ¹14.
478 4129 815 4183 Britannicus
850 4130 916 4181 ad
950 4129 1015 4192 11,
1054 4130 1141 4195 ⁹2,
1179 4129 1377 4183 faciunt
1413 4131 1507 4183 hoc
1541 4130 1744 4183 Vallem
1779 4130 1968 4183 secuti.
