2764 4738
121 4149 439 4352 R

525 412 708 459 auu
1175 391 1901 457 PROLEGOMENA.

522 564 813 648 legimus,
848 561 1059 645 quibus
1107 582 1216 641 ea,
1279 583 1432 644 quae
1472 559 1725 628 Persius
1770 559 2055 642 exbibet,
2102 562 2576 627 confirmantur.

523 663 650 730 Iam
683 686 833 730 vero
863 664 1136 748 quaestio
1167 664 1486 744 exoritur,
1533 686 1677 729 num
1722 663 1975 730 Persius
2004 664 2242 749 singula
2274 666 2582 749 quaedam

525 767 803 852 exempla
848 777 1022 831 certa
1064 777 1242 851 atque
1290 778 1435 830 nota
1477 778 1621 832 ante
1673 767 1884 832 oculos
1940 765 2259 840 habuerit,
2308 777 2372 830 et
2423 788 2581 829 num

524 870 678 935 haec
708 890 745 934 a
776 868 951 932 nobis
981 869 1229 951 agnosci
1262 870 1517 954 possint.
1581 865 1719 950 Qua
1765 869 1826 932 in
1875 889 1942 932 re
1973 867 2047 931 ab
2079 868 2154 932 iis
2184 867 2579 951 incipiamuS,

526 993 676 1056 qnos
706 970 836 1056 ipse
866 971 1158 1034 nominat.
1222 968 1304 1033 Et
1345 968 1636 1035 Pedius
1678 970 1956 1054 quidem,
2003 970 2102 1053 qui
2138 969 2291 1033 furti
2318 989 2580 1033 accusa·

524 1086 664 1155 tus,
712 1074 919 1138 doctas
963 1073 1025 1136 in
1070 1073 1429 1136 defensione
1474 1072 1695 1155 figuras
1740 1071 2013 1155 posuisse
2044 1071 2266 1135 dicitur
2297 1072 2390 1154 (v.
2423 1069 2576 1152 85),

525 1176 590 1239 in
622 1195 739 1259 quo
771 1187 834 1239 et
862 1175 1024 1259 ipse,
1071 1176 1170 1257 qui
1203 1196 1279 1239 ne
1311 1175 1373 1238 in
1406 1174 1618 1258 capitis
1649 1173 1883 1257 quidem
1915 1173 2263 1238 discrimine
2295 1172 2369 1237 ab
2399 1172 2582 1236 inani

524 1278 627 1343 illa
667 1278 1074 1341 ostentatione
1116 1276 1442 1355 abstinuit,
1492 1287 1556 1340 et
1599 1275 1852 1360 populus
1904 1285 2188 1346 notatur,
2238 1274 2336 1357 qni
2381 1274 2582 1337 artifi-

527 1381 688 1447 cium
719 1380 915 1462 potius
946 1378 1183 1454 laudat,
1232 1398 1407 1461 quam
1439 1377 1682 1441 foedum
1714 1378 1942 1441 crimen
1979 1375 2394 1451 abominatur,
2442 1396 2582 1439 non

530 1480 772 1556 dubito,
821 1480 965 1563 quin
1009 1476 1301 1543 Pedius
1348 1476 1679 1543 Blaesus
1723 1478 1802 1543 sit
1839 1501 1900 1543 a.
1944 1475 2069 1543 813
2099 1478 2580 1561 repetundarum

531 1583 888 1658 damnatus,
935 1601 1287 1664 quamquam
1331 1581 1485 1644 miro
1533 1600 1677 1646 casu
1708 1578 1998 1647 Horatius
2044 1584 2192 1663 (sat.
2226 1577 2281 1657 l,
2317 1577 2421 1657 10,
2452 1575 2581 1652 28)

526 1682 783 1748 Pedium
813 1683 974 1746 inter
1004 1682 1279 1747 celebres
1310 1702 1630 1747 causarum
1662 1692 1952 1764 patronos
1990 1683 2286 1746 nominat.
2334 1678 2581 1746 Verum

528 1786 613 1850 ita
645 1786 879 1849 demum
909 1781 1111 1848 Persii
1141 1785 1312 1849 locus
1344 1784 1462 1846 vim
1495 1795 1560 1847 et
1588 1784 1859 1848 aculeum
1899 1784 2116 1863 habet,
2164 1802 2356 1868 neque
2385 1782 2575 1847 alium

529 1886 836 1952 intellexit
877 1886 1071 1951 schol.
1096 1932 1115 1964 ‚
1162 1885 1320 1969 quod
1363 1906 1716 1970 quamquam
1750 1907 1872 1949 non
1904 1897 2192 1952 accurate
2222 1907 2350 1950 rem
2381 1885 2579 1949 tradi-

531 1990 655 2068 dit,
689 1990 1154 2074 repetundarum
1186 1988 1411 2053 mentio
1442 1987 1646 2053 docet.
1707 1991 1912 2071 Atque
1945 1989 2040 2054 bic
2068 1985 2333 2068 Pedius,
2366 2007 2580 2071 qnam-

529 2091 625 2156 vis
668 2093 1026 2156 documento
1074 2091 1188 2168 sit,
1239 2091 1335 2153 sui
1376 2090 1667 2174 temporis
1709 2110 1838 2154 rem
1881 2090 2079 2173 egisse
2123 2090 2187 2154 in
2228 2089 2342 2155 hac
2382 2089 2578 2154 satira

528 2192 805 2258 Persium
828 2237 846 2267 ,
906 2215 1029 2258 non
1090 2202 1290 2257 tamen
1344 2203 1441 2257 est
1482 2193 1784 2278 scriptor,
1845 2204 2085 2278 poetam
2135 2202 2337 2256 autem
2393 2202 2580 2256 vocat

530 2297 816 2360 Attium
839 2341 857 2374 ,
911 2297 1010 2381 qui
1040 2292 1289 2360 Iliadem
1322 2298 1733 2382 composuerit
1760 2295 1852 2380 (v.
1883 2292 2036 2380 50),
2085 2317 2259 2379 quam
2289 2294 2580 2379 intelligit

529 2398 648 2463 alio
695 2419 929 2481 quoqne
972 2400 1110 2463 loco
1156 2397 1250 2481 (v.
1283 2395 1421 2477 76).
1483 2400 1815 2483 Antiquum
1859 2400 2023 2464 illum
2070 2394 2346 2477 Attium,
2393 2419 2576 2481 quem

532 2523 592 2564 v.
627 2499 712 2564 76
755 2511 1220 2578 commemorat,
1267 2521 1392 2563 non
1435 2520 1570 2566 esse
1617 2501 2024 2578 intellectum,
2075 2503 2277 2565 omnia
2322 2497 2574 2565 docent.

529 2600 707 2666 Hunc
737 2622 884 2667 vero
916 2603 1170 2666 eundem
1203 2622 1341 2666 esse
1374 2624 1508 2667 cum
1537 2600 1593 2665 L
1613 2626 1646 2668 a
1666 2603 1702 2668 b
1722 2627 1756 2669 e
1775 2625 1811 2667 o
1830 2626 1869 2667 n
1888 2626 1922 2669 e
1946 2649 1965 2681 ‚
2011 2604 2181 2670 cuius
2211 2604 2386 2668 initio
2426 2602 2580 2668 sati-

529 2726 636 2771 rae
683 2706 774 2791 (v.
808 2704 878 2786 4)
921 2703 1227 2782 meminit,
1276 2706 1458 2769 docet
1500 2705 1694 2771 schol.
1722 2752 1740 2784 ,
1786 2707 1886 2790 qui
1918 2707 2135 2786 tradit,
2180 2705 2415 2770 Attium
2450 2702 2578 2768 La·-

529 2810 786 2874 beonem
827 2808 1031 2893 inepte
1076 2807 1337 2871 vertisse
1378 2805 1629 2893 Iliadem
1676 2819 1739 2872 et
1793 2806 2168 2895 Odysseam,
2218 2819 2281 2872 et
2325 2829 2579 2873 versum

531 2912 680 2976 satis
709 2911 974 2994 ineptum
1007 2911 1203 2973 affert.
1251 2905 1483 2973 Verum
1505 2956 1524 2987 ,
1573 2920 1640 2973 ut
1685 2910 1863 2976 docui
1896 2915 1987 2996 (p.
2024 2909 2148 2975 148
2179 2932 2242 2973 n.
2278 2908 2347 2991 5)
2378 2911 2580 2975 refer-

529 3023 630 3078 tur
659 3005 810 3078 hae'c
841 3012 1057 3077 notitia
1085 3012 1163 3076 ad
1194 3023 1505 3076 auctorem
1536 3009 2030 3098 Fulgentium
2062 3013 2125 3076 in
2152 3012 2309 3076 libro
2342 3024 2581 3098 etymo-

528 3115 861 3199 logiarum,
907 3115 981 3179 de
1012 3135 1130 3197 quo
1161 3113 1408 3179 aliunde
1437 3134 1561 3177 non
1591 3127 1856 3180 constat.
1915 3113 2042 3179 lam
2072 3136 2254 3198 supra
2286 3114 2576 3193 vidimuS‚

530 3239 705 3301 quam
735 3227 1051 3301 suspectae
1082 3216 1135 3280 is
1165 3216 1302 3280 fidei
1332 3217 1450 3293 sit,
1500 3236 1754 3300 eumque
1788 3239 1868 3282 ex
1899 3213 2119 3282 Persio
2151 3217 2303 3280 alios
2335 3238 2579 3301 quoque

529 3319 858 3404 scriptores
891 3318 1138 3381 linxisse
1161 3362 1179 3394 ,
1224 3339 1411 3400 quare
1443 3329 1571 3383 tota
1600 3321 1718 3382 ista
1753 3320 1825 3384 de
1861 3320 2034 3383 Attio
2065 3316 2361 3385 Labeone
2393 3331 2581 3405 poeta

528 3421 743 3485 notitia
774 3421 950 3487 valde
980 3420 1217 3486 incerta
1248 3441 1386 3485 esse
1415 3421 1658 3486 videtur
1682 3434 1725 3485 ¹.
1773 3419 1858 3485 Et
1888 3443 2021 3487 cum
2054 3421 2219 3486 nullo
2250 3421 2370 3487 alio
2403 3423 2580 3488 testi-

537 3609 559 3659 l
600 3608 743 3671 Apud
792 3607 951 3657 schol.
992 3608 1055 3658 ad
1093 3624 1143 3660 v.
1190 3611 1287 3662 tat
1322 3610 1573 3675 legimus:
1644 3609 1882 3661 Calliroe
1930 3610 2163 3676 nympha
2195 3611 2355 3674 fuit,
2410 3627 2575 3675 quam

600 3675 763 3726 Paris
787 3680 911 3726 ante
938 3683 1158 3742 raptum
1186 3679 1414 3730 Helenae
1437 3680 1629 3729 habuit
1643 3716 1660 3742 ,
1698 3695 1833 3743 quae
1857 3678 2071 3730 deserta
2099 3679 2327 3729 mullum
2366 3679 2578 3731 dicitnr

600 3748 754 3808 rupti
799 3750 1005 3794 umor-is
1042 3746 1196 3796 derlee
1216 3749 1444 3814 flevisse
1479 3751 1828 3799 consortium.
1905 3748 2040 3806 Haec
2088 3747 2213 3798 alibi
2266 3749 2439 3809 legere
2479 3765 2575 3799 non

600 3811 836 3874 memini,
876 3827 1052 3862 verum
1088 3816 1250 3866 verba
1285 3816 1446 3868 altius
1482 3817 1720 3883 quiddam
1744 3824 1931 3867 sonant
1963 3832 2112 3882 qnam
2150 3833 2240 3884 pro
2275 3817 2367 3866 illo
2404 3818 2570 3869 schol.

600 3880 743 3946 Quod
780 3896 904 3931 vero
939 3881 1113 3933 addit:
1156 3884 1303 3934 Hanc
1328 3887 1656 3937 comoediam
1681 3888 1910 3950 scripsit
1941 3886 2133 3936 Atinas
2172 3884 2327 3936 Celer
2344 3888 2572 3951 puerili·

599 3955 720 4013 ter,
769 3950 981 4015 primum
1021 3965 1199 4001 nomen
1236 3952 1366 4003 illud
1401 3962 1577 4021 aperte
1611 3960 1911 4020 corruptum
1947 3962 2061 4016 ast,
2107 3953 2287 4005 deinde
2323 3957 2575 4020 quomodo

599 4019 856 4070 comoedia
891 4018 986 4068 boc
1020 4028 1373 4082 argumentum
1411 4023 1757 4087 tractaverit,
1796 4024 1933 4074 hand
1956 4022 2108 4074 facile
2133 4022 2353 4087 intelligi
2379 4032 2569 4089 potest.

601 4088 872 4156 Equidem,
910 4102 1208 4156 quamquam
1232 4091 1685 4168 praevidole‘ore
1714 4101 1770 4145 ut
1804 4092 2106 4160 quibusdam
2141 4092 2295 4148 nimia
2328 4094 2570 4162 suspicax

490 4399 700 4568 'N'
