2764 4738
908 445 1205 518 SAT.v1‚
1266 452 1519 510 7-12-
2025 485 2028 486 ν
2095 443 2222 511 215

157 626 499 691 maremme)
555 617 747 697 tepido
789 620 1050 698 mollique
1081 638 1188 697 per
1216 618 1454 676 hiemem
1487 638 1624 678 aere
1657 619 1892 678 excellit
1930 631 1991 678 et
2018 620 2089 678 ab
2121 639 2222 678 ae-

157 707 344 783 grotis
378 704 750 783 invalidisque
784 707 1195 783 frequentatur.
1231 703 1609 782 Sequentibus
1640 725 1733 763 vv.
1773 705 1967 763 Lunae
1999 715 2219 782 portum

158 790 461 849 describit.
506 793 702 858 Luna,
740 792 793 847 in
827 791 1068 848 confinio
1100 788 1369 865 Liguriae
1403 800 1462 847 et
1479 789 1841 848 Etruscorum
1874 790 2001 860 sita,
2034 789 2222 848 diver-

163 879 247 934 sis
278 875 633 952 temporibus
663 875 733 933 ab
765 876 852 933 bis
885 875 1105 953 populis
1136 885 1411 951 occupata
1445 875 1580 944 fuit,
1627 876 1703 933 cf.
1734 874 1959 944 Miiller,
1993 875 2220 934 Etruslt.

162 962 201 1020 Ι.
221 982 274 1040 p.
314 965 443 1022 106
479 982 568 1040 sq.
592 1004 610 1030 ,
643 980 747 1018 nec
781 959 1149 1019 marmoribus
1180 961 1393 1036 magis,
1438 980 1600 1038 quam
1634 962 1839 1019 eximio
1871 968 2034 1038 portu
2065 961 2222 1018 cele·

159 1048 420 1106 beu-rima
464 1057 592 1104 erat
630 1045 796 1118 (Plio.
829 1046 922 1115 111,
955 1051 1014 1114 5,
1044 1049 1103 1106 8.
1154 1043 1253 1102 Sil.
1290 1044 1412 1103 Ital.
1447 1045 1597 1115 Vlll,
1628 1050 1754 1107 480
1789 1051 1969 1125 sqq.),
2029 1047 2120 1124 qui
2165 1047 2221 1102 in

170 1131 393 1190 nodum
429 1132 594 1190 lunae
626 1143 891 1190 curvatus
922 1131 1048 1189 urbi
1079 1149 1284 1189 nomen
1318 1129 1493 1200 dedit,
1545 1151 1705 1209 qnam
1729 1130 1934 1189 Graeci
1953 1126 2242 1202 Σελήνην

168 1228 380 1275 vocant
413 1215 634 1288 (Strab.
670 1217 725 1275 V
755 1237 810 1294 p.
796 1219 972 1278 ..222
1008 1214 1209 1293 Steph.
1246 1214 1393 1293 Byz.
1426 1237 1474 1273 s·
1492 1221 1578 1287 v.)
1612 1217 1691 1275 cs.
1728 1216 1954 1286 Mitller,
1992 1215 2220 1274 Etrusk.

170 1303 194 1361 Ι
220 1324 273 1381 p.
308 1305 438 1364 293
469 1322 555 1381 sq.
579 1303 892 1402 UScopuli3
937 1303 1031 1381 qui
1077 1311 1296 1379 portum
1339 1311 1538 1378 tegunt
1584 1300 1814 1374 (Strab.·
1831 1303 1865 1359 l.
1902 1303 1979 1361 1.·
2028 1303 2223 1381 Περι-

172 1385 431 1446 κλείεται
473 1383 603 1446 δ’ὁ
647 1382 821 1463 λιμὴν
861 1382 1064 1468 ὄρεσιν
1109 1382 1418 1462 ὑψηλοῖς),
1467 1388 1677 1464 ingens
1722 1388 1881 1445 latus
1921 1393 2007 1461 (ut
2049 1384 2093 1455 1,
2138 1389 2222 1447 95

170 1483 391 1530 costam
422 1470 707 1549 Apennini
738 1469 902 1541 dixit)
936 1472 1115 1539 dant,
1149 1479 1211 1526 ut
1234 1480 1436 1527 ventos
1467 1481 1702 1529 arceant
1730 1481 1789 1528 et
1820 1473 2085 1546 frangant
2115 1466 2222 1548 (cf.

170 1555 334 1632 Virg.
381 1553 530 1616 Aen.
566 1554 609 1626 Ι,
647 1560 789 1617 105.
841 1555 967 1614 Tib.
997 1554 1041 1622 Ι,
1074 1558 1136 1625 4,
1166 1557 1271 1615 52.
1318 1551 1456 1612 Seu.
1502 1574 1594 1632 qu.
1639 1564 1776 1613 natt.
1817 1553 1939 1624 Vll,
1970 1558 2118 1626 32)ς
2166 1562 2230 1611 et

174 1643 322 1699 letus
370 1642 555 1700 multa
596 1641 789 1712 valle,
852 1638 999 1721 quod
1058 1661 1109 1698 v.
1158 1637 1230 1698 cle
1277 1639 1404 1697 sinu
1452 1641 1716 1719 aequoris
1765 1641 1915 1698 iuter
1960 1637 2223 1715 scopulos

174 1729 455 1804 utrimque
487 1727 709 1796 inclusi,
742 1736 800 1784 ut
831 1725 993 1784 vallis
1024 1726 1174 1783 inter
1204 1734 1445 1794 montes,
1477 1725 1682 1783 dictum
1702 1735 1791 1782 est
1816 1726 1916 1797 (cs.
1933 1722 2224 1781 Claudian.

172 1811 335 1890 idyll.
372 1809 471 1881 vl,
509 1814 630 1873 37·
614 1855 627 1870 .
691 1811 849 1869 Tune
882 1831 1102 1869 omnem
1133 1807 1322 1889 liquidi
1353 1810 1555 1868 vallem
1587 1810 1868 1868 mirabere
1903 1807 2118 1878 fundi),
2161 1829 2226 1866 se

175 1906 481 1975 receptat,
525 1907 702 1955 tutum
749 1918 782 1954 a
824 1895 1291 1971 tempestatibus,
1337 1895 1415 1954 cf.
1466 1897 1713 1954 reducta
1757 1896 1937 1954 vallis
1966 1915 2057 1972 ap.
2088 1894 2223 1952 Hor.

177 2002 353 2041 carm.
382 1981 426 2048 1,
461 1987 559 2053 17,
592 1988 690 2044 17.
722 1981 887 2061 epod.
917 1982 987 2052 11,
1027 1986 1123 2042 11.
1179 1981 1222 2039 F
1229 1983 1621 2060 requentativo
1653 2000 1787 2040 usus
1820 2000 1953 2040 esse
1985 1979 2227 2049 videtur,

178 2079 241 2126 ιιι
269 2067 620 2145 significaret
650 2071 804 2126 varie
838 2068 1060 2126 curvari
1093 2066 1222 2124 litus
1256 2077 1315 2125 et
1354 2068 1515 2145 quasi
1548 2085 1649 2145 per
1678 2066 1946 2144 ambages
1980 2067 2129 2125 lente
2161 2084 2226 2124 se

178 2154 482 2231 recipere,
529 2154 605 2211 cf.
642 2152 807 2211 Serv.
839 2151 911 2210 ad
944 2153 1103 2229 Virg.
1135 2150 1285 2210 Aen.
1318 2151 1395 2220 X,
1426 2155 1571 2213 383.
1633 2149 1817 2210 Animi
1860 2172 2033 2209 causa
2075 2148 2230 2208 addit

177 2238 347 2297 Ennii
396 2258 654 2308 versum,
701 2259 861 2318 quem
910 2238 999 2296 bic
1042 2236 1332 2295 annalibus
1376 2238 1430 2294 in
1479 2236 1698 2296 laudem
1728 2236 1926 2295 Lunae
1958 2236 2227 2294 inseruit:

180 2325 388 2383 Lunai
438 2334 712 2403 portum,
784 2334 879 2383 est
913 2343 1129 2401 operae
1170 2342 1252 2381 sc.
1297 2323 1535 2401 pretinm
1579 2323 1679 2394 (cf.
1715 2322 1896 2381 Plaut.
1933 2323 2123 2383 Casin.
2155 2321 2228 2391 V,

180 2414 243 2479 2,
276 2416 316 2472 5
348 2409 425 2467 ib.
458 2409 632 2467 Gron.
683 2420 743 2469 et
786 2408 857 2467 ad
891 2409 1014 2467 Liv.
1048 2408 1254 2477 XLIV,
1286 2412 1391 2477 36,
1427 2413 1525 2469 13.
1556 2408 1847 2468 Drakenb.
1877 2407 1947 2466 ad
1981 2407 2100 2465 Liv.
2130 2406 2228 2475 lv,

179 2500 243 2567 8,
275 2500 364 2568 3),
408 2497 761 2572 cognoscite,
789 2497 987 2554 cives!
1029 2496 1121 2573 qui
1153 2495 1381 2574 antiqua
1414 2514 1517 2552 sua
1546 2496 1848 2571 gravitate,
1882 2514 2043 2573 quam
2074 2494 2231 2551 cives

182 2580 318 2639 illud
351 2602 462 2639 nou
494 2582 719 2638 minime
751 2579 971 2659 prodit,
1017 2580 1210 2637 mirum
1255 2590 1517 2658 quantum
1561 2577 1749 2638 differt
1777 2599 1811 2637 a
1842 2581 2073 2637 ceteris.
2137 2576 2230 2635 Si-

182 2667 374 2725 milem
416 2667 750 2743 gravitatem
800 2666 1031 2724 affectat
1062 2664 1294 2723 Persius
1327 2664 1492 2742 epica
1524 2664 1763 2723 formula
1793 2683 1896 2722 eor
1928 2665 2122 2734 Enni,
2170 2673 2232 2720 ut

182 2751 332 2831 apud
366 2750 565 2810 Horat.
593 2762 696 2809 sat.
715 2751 783 2821 ΙΙ,
804 2756 859 2820 1,
891 2754 1006 2812 72:
1050 2750 1291 2820 „Virtus
1336 2748 1638 2827 Scipiadae
1682 2760 1742 2809 et
1771 2748 1920 2809 mitis
1952 2746 2234 2825 sapientia

180 2837 403 2896 Laeli“
450 2839 487 2895 i.
535 2856 589 2895 e.
632 2835 930 2907 cordatuS,
988 2846 1048 2894 ut
1089 2835 1310 2893 Aelium
1358 2834 1592 2894 Sextum
1638 2837 1762 2912 ipse
1807 2845 1975 2892 vocat
2017 2833 2231 2891 Ennius

183 2919 359 3001 (apud
393 2920 515 2980 Cic.
540 2920 610 2980 de
642 2933 790 2979 orat.
815 2921 861 2991 Ι,
891 2927 995 2991 45,
1024 2925 1164 2982 198.
1206 2921 1415 2979 Tuscc.
1444 2922 1487 2990 l,
1519 2924 1579 2991 9,
1616 2920 1755 2996 18),
1799 2939 1923 2978 nam
1968 2920 2026 2976 iu
2057 2916 2231 2977 corde

182 3005 521 3087 prudentiae
554 3005 756 3076 sedes,
787 3008 864 3065 cs.
893 3006 1068 3065 Voss.
1101 3004 1172 3064 ad
1204 3006 1367 3083 Virg.
1403 3005 1619 3083 Georg.
1656 3005 1724 3075 ΙΙ,
1751 3009 1897 3066 484.
1944 3004 2062 3062 Hoc
2094 3022 2232 3082 quo-

182 3091 354 3152 modo
396 3090 853 3170 intelligendum,
903 3090 1153 3149 indicant
1194 3093 1522 3169 sequentia,
1572 3094 1625 3149 iu
1659 3092 1855 3169 quibus
1886 3089 2050 3148 Ennii
2084 3109 2234 3146 som-

182 3181 335 3238 nium
382 3177 564 3247 ridet,
612 3177 680 3236 de
728 3198 836 3256 quo
882 3198 937 3235 v.
986 3174 1054 3234 ad
1103 3177 1244 3254 prol.
1279 3180 1354 3234 in.
1420 3179 1732 3253 Postquam
1763 3176 2080 3234 destertuit
2107 3193 2235 3233 esse

182 3265 536 3324 Maeonides
558 3304 576 3333 ,
641 3262 951 3333 Homerus,
1015 3282 1177 3341 quem
1240 3261 1473 3320 Romani
1526 3263 1863 3340 praesertim
1906 3270 2113 3337 poetae
2158 3261 2236 3317 ita

182 3360 428 3418 vocant,
485 3369 539 3406 v.
587 3346 750 3407 ovid.
794 3368 902 3406 am.
950 3347 1043 3417 ΙΙΙ,
1087 3351 1147 3417 9,
1180 3351 1282 3408 25.
1328 3346 1501 3405 Mart.
1541 3347 1611 3417 V,
1646 3351 1739 3413 10,
1766 3351 1841 3416 8,
1887 3367 1964 3404 ex
2003 3364 2236 3422 pavone

186 3433 402 3511 (Haud.
436 3433 606 3492 Turs.
641 3432 689 3492 11
722 3454 774 3510 p.
808 3437 930 3495 643
952 3434 1074 3511 sq.)
1105 3434 1521 3509 Pythagoreo,
1556 3453 1678 3490 nam
1714 3432 1991 3490 Homerus
2026 3429 2238 3509 Pytha-

182 3522 443 3599 goricam
504 3517 576 3580 de
636 3521 944 3577 animarum
1000 3519 1497 3595 transmigratione
1573 3516 1883 3577 doctrinam
1944 3517 2237 3594 explicans

185 3606 414 3664 dixerat
446 3606 497 3663 ei
531 3606 583 3661 in
617 3605 853 3673 somnio,
886 3623 950 3662 se
981 3623 1254 3681 pavonem
1289 3601 1586 3682 aliquando
1621 3603 1794 3661 fuisse
1825 3609 1897 3677 (v.
1918 3602 2240 3673 anu.crit.),

193 3693 453 3766 Quintus
483 3687 703 3748 demum
737 3690 949 3747 Ennius
983 3689 1193 3747 factus.
1255 3688 1396 3746 Tam
1427 3687 1675 3767 prudens
1707 3688 2033 3758 consilium,
2064 3688 2241 3766 inquit

188 3777 425 3835 Persius
456 3795 566 3834 non
597 3776 721 3833 sine
753 3775 866 3833 leni
898 3772 1116 3852 quidam
1149 3774 1411 3832 irrisione
1431 3816 1449 3843 ,
1494 3773 1707 3831 Ennius
1737 3770 1875 3831 dare
1908 3774 2050 3842 scit,
2080 3784 2241 3850 post-

189 3883 353 3942 quam
400 3862 570 3919 nimio
612 3860 839 3937 poetico
883 3861 1078 3919 furore
1124 3859 1397 3918 liberatus
1430 3870 1557 3929 est,
1599 3879 1723 3917 nam
1756 3859 1970 3917 somnia
2001 3858 2094 3916 illa
2125 3857 2239 3936 Py-

190 3949 473 4025 thagorea
489 3945 653 4023 (Hor.
689 3964 817 4024 epp.
847 3945 915 4015 ΙΙ,
949 3952 1004 4016 1,
1040 3948 1167 4018 52),
1203 3955 1267 4002 ιιι
1294 3946 1517 4003 ιιίιιιίιιιιι
1552 3942 1757 4002 tumida
1786 3954 1848 4003 et
1876 3944 2097 4013 inflata,
2127 3962 2238 4001 nec

191 4036 406 4092 ceteris
453 4032 594 4090 satis
636 4042 802 4108 apta,
849 4028 1110 4089 ridebant
1154 4031 1390 4108 posteri.
1448 4032 1561 4088 Hic
1603 4048 1713 4107 ego
1754 4047 2003 4088 securus
2045 4029 2238 4106 vulgi,
2277 4065 2283 4074 -

193 4117 323 4197 quid
353 4118 558 4197 vulgus
591 4113 743 4176 dicat
773 4117 1057 4194 faciatque
1107 4116 1212 4187 (cf.
1245 4114 1409 4194 Virg.
1446 4114 1594 4175 Aen.
1627 4115 1670 4187 Ι,
1700 4119 1846 4178 350.
1887 4114 1963 4184 X,
1989 4117 2116 4177 325
2146 4132 2243 4173 se-
