2764 4738
566 436 771 478 xm..
1221 398 1945 481 ructuantium.

729 582 906 651 Haud
935 584 1132 649 minus
1163 595 1334 650 arcto
1362 585 1611 652 vinculo
1642 588 2000 654 coniunctus
2038 589 2151 654 ruit
2185 585 2452 656 Persius
2485 592 2632 657 aliis

559 686 905 765 iuvenibus,
938 689 1034 771 qui
1067 689 1279 752 eodem
1313 699 1582 774 tempore
1609 701 1777 755 casto
1808 701 1989 776 atque
2019 693 2377 777 incorrupto
2407 695 2629 758 animo

560 800 727 855 artes
751 781 1403 875 'ingenuas-colebant,
1447 813 1699 876 quornm
1729 815 1769 858 a
1795 794 1988 878 prima
2016 795 2434 861 adolescentia
2470 800 2630 862 ami-

560 913 670 958 cos
712 892 919 957 habuit
964 889 1247 958 Caesium
1297 890 1557 959 Bassum
1589 905 1653 959 et
1681 891 2096 981 Calpurnium.
2169 895 2269 961 De
2314 895 2628 964 Caesio

556 991 856 1073 Basso,
906 1006 1086 1081 poeta
1131 996 1323 1083 lyrico
1365 997 1699 1061 secundum
1741 996 2104 1082 Quintiliani
2147 1001 2435 1067 iudicium
2485 1014 2630 1087 post

555 1093 879 1162 Horatium
910 1099 1182 1185 principe
1203 1144 1222 1176 ,
1273 1099 1492 1163 dictum
1525 1099 1645 1164 iam
1676 1111 1772 1165 est
1814 1101 1917 1184 (ad
1951 1113 2068 1167 snt.
2105 1101 2222 1180 Vl,
2256 1104 2348 1167 in.
2384 1127 2450 1191 p.
2488 1103 2622 1170 211

558 1200 725 1285 sqq.)
760 1208 820 1279 ¹,
866 1203 1037 1284 isque
1067 1213 1307 1267 mortuo
1337 1199 1557 1267 Persio
1579 1249 1598 1282 ,
1646 1225 1780 1268 cnm
1808 1206 2110 1271 amicitiae
2142 1206 2305 1270 inter
2335 1226 2455 1271 eos
2487 1227 2622 1271 mn-

1304 1392 1813 1446 KOYPNOYTOY

1391 1462 1682 1512 IATPOY

1304 1532 1455 1582 ΚΑΙ
1479 1529 1866 1583 ΡΟῬΦΙΝΗΟ

1396 1599 1789 1651 ΘΤΓΛΤΡΟΟ

626 1682 772 1734 quam
807 1674 1016 1719 auctore
1052 1666 1245 1720 Smetio
1281 1668 1447 1720 edidit
1482 1667 1697 1720 Gruter.
1747 1668 1891 1733 (633,
1931 1667 2014 1735 9),
2074 1685 2103 1721 e
2138 1667 2364 1722 Piccnrti
2404 1673 2618 1723 schedis

625 1736 841 1803 Ruperti
876 1753 988 1788 cum
1024 1736 1265 1790 Reincsio
1299 1739 1770 1790 communicaverat
1802 1738 1939 1805 (epp.
1974 1735 2074 1790 ³4⁷
2110 1754 2161 1789 n.
2205 1740 2354 1805 187),
2395 1742 2462 1792 ad
2489 1740 2619 1791 Cor-

628 1814 806 1858 nutum
840 1807 1192 1890 philosophum
1209 1808 1516 1890 pertinere,
1553 1808 1735 1889 merito
1761 1808 1871 1875 ipse
1895 1814 1954 1858 ut
1975 1806 2144 1888 levem
2170 1808 2374 1890 reiecit.
2415 1809 2615 1862 Melius

627 1875 1320 2012 {23:⁸3⁸3..1¹:.¹;::⁰3;¹:;:.‘:
1358 1883 1820 2012 ;.⁰.2⁰’'.·3‘⁰..?::¹:.
1853 1876 2615 2014 322335‘23'332321‘2‘2‘322

630 2014 923 2081 pertinent,
976 2015 1028 2065 in
1069 2012 1247 2066 Persio
1281 2014 1638 2080 observatum,
1688 2014 2019 2082 repetendam
2055 2029 2189 2066 esse.
2241 2015 2323 2067 Cf.
2366 2014 2613 2080 Meister,

627 2082 785 2162 letcte
823 2082 1041 2134 Studien
1081 2099 1130 2152 p.
1173 2084 1268 2136 106
1294 2098 1404 2150 sqq.

561 2186 585 2239 t
626 2185 721 2237 llic
756 2186 1058 2260 monendum
1095 2186 1221 2238 mihi
1249 2193 1361 2251 est,
1399 2186 1609 2238 eandem
1635 2202 1785 2253 quem
1811 2202 1905 2251 ego
1930 2187 1992 2237 dc
2028 2186 2263 2238 Caesio
2300 2194 2353 2239 ct
2388 2185 2611 2238 Gnvio

624 2255 841 2307 Besso
878 2256 1068 2323 protuli
1106 2256 1489 2320 coniecturam,
1538 2257 1636 2308 iam
1687 2272 1802 2308 esse
1848 2257 2228 2322 pronuntiatam
2279 2272 2309 2306 n
2356 2254 2612 2307 Lerscltio

622 2324 904 2389 (zeitschr.
944 2325 983 2378 f.
1019 2325 1247 2378 Atterth.
1285 2325 1454 2379 wass.
1488 2326 1618 2380 1840
1642 2342 1693 2394 p·
1722 2327 1819 2379 ¹10
1842 2340 1922 2392 sq.
1960 2324 2148 2393 Spraeh
2190 2325 2341 2378 biles.
2371 2325 2422 2376 d.
2450 2325 2610 2378 Alton

625 2392 690 2445 111
728 2411 775 2460 p.
820 2396 916 2447 159
942 2397 1118 2461 sqq.),
1173 2395 1307 2462 quod
1356 2412 1436 2447 me
1480 2403 1603 2448 tuuc
1656 2395 1849 2460 fugisse
1898 2395 2074 2462 pudet.
2174 2411 2198 2445 s
2235 2411 2360 2446 vero
2398 2395 2606 2458 iisdem,

626 2463 812 2529 quibus
849 2479 974 2528 ego,
1016 2464 1143 2515 locis
1178 2480 1333 2526 usus,
1381 2465 1486 2516 nlin
1523 2472 1691 2516 temen
1728 2465 1814 2515 vin
1849 2472 2003 2530 atque
2039 2464 2161 2514 aliis
2196 2464 2488 2515 rationibus
2524 2481 2609 2515 eo-

627 2532 738 2583 dem
775 2533 1039 2600 pervenit,
1080 2534 1181 2585 uisi
1217 2535 1348 2600 qnod
1381 2534 1722 2596 sententium,
1761 2549 1894 2600 quae
1929 2533 2053 2584 mihi
2089 2533 2245 2583 dubia
2281 2539 2453 2583 tumen
2492 2534 2610 2585 visa

627 2607 741 2666 est,
794 2602 1132 2653 certissimum
1182 2603 1354 2654 habet.
1418 2603 1558 2669 Quae
1597 2617 1681 2653 res
1716 2618 1829 2653 cum
1869 2601 2105 2653 fiduciam
2142 2618 2304 2652 ineam
2342 2602 2483 2652 alere
2522 2602 2610 2654 de-

625 2670 801 2735 beret,
842 2673 1108 2722 revocavit
1124 2672 1292 2738 potins
1318 2672 1472 2723 dubia
1499 2672 1764 2737 quaedem.
1802 2671 2008 2722 Poctnm
2034 2671 2183 2737 plene
2208 2671 2265 2722 C.
2293 2669 2378 2722 Cn
2397 2673 2606 2722 esium

624 2739 904 2791 Bassum
938 2746 1175 2791 vocatum
1214 2748 1360 2807 putat
1385 2740 1665 2792 Lerschius
1686 2776 1701 2803 ,
1739 2748 1798 2791 ut
1821 2757 1908 2808 pro
1938 2739 2104 2791 Gavio
2142 2755 2443 2806 praenomen
2485 2741 2610 2792 Caii

625 2808 819 2876 nbiqne
856 2810 1125 2874 legendum
1162 2810 1252 2861 sit.
1294 2810 1406 2876 Qun
1444 2811 1494 2860 iu
1534 2810 1830 2860 coniectura
1868 2809 2084 2877 primum
2120 2809 2334 2860 videtur
2368 2810 2492 2860 mihi
2527 2811 2606 2860 in-

625 2878 764 2930 iuria
800 2879 1120 2944 neglexisse,
1159 2879 1292 2946 npnd
1330 2878 1552 2930 Gellium
1591 2878 1701 2929 cod.
1743 2876 1900 2942 Res„
1940 2878 2028 2945 qni
2066 2879 2286 2944 optimus
2323 2879 2461 2929 inter
2485 2894 2604 2944 pau-

623 2963 711 2999 cos
747 2955 987 3000 nccnrntc
1010 2949 1231 3000 collatus
1268 2956 1378 3010 est,
1420 2949 1665 2999 exhibere
1705 2947 1934 3011 Gavius,
1973 2948 2109 3013 qnod
2133 2948 2262 3014 apud
2288 2946 2603 3000 Meci-obium

625 3015 1849 3153 3:51233’..¹.:‘::.⁶23.1·¹.³‘32:223‘..vf{¹.⁰.52¹.-23.52.”22¹5
1853 3017 2129 3152 23:3¹3&
2156 3018 2604 3151 55312'30302‘332'33

626 3156 757 3206 vitio
784 3170 1043 3222 peccasse.
1086 3155 1281 3207 Deinde
1318 3156 1628 3218 notandum,
1667 3156 1734 3206 iis
1769 3154 1917 3220 locis,
1958 3155 2046 3221 qui
2084 3162 2228 3205 certo
2265 3154 2330 3205 nd
2367 3154 2602 3206 Cassium

624 3224 838 3276 Bessum
877 3224 1209 3288 referuntur,
1248 3232 1340 3275 unt
1376 3224 1524 3292 plene
1561 3239 1674 3275 eum
1712 3224 1998 3287 nominari,
2038 3230 2131 3274 nut
2157 3223 2440 3285 Caesium,
2475 3240 2604 3275 nun·

624 3308 773 3359 quam
817 3292 1027 3344 Gaium.
1069 3292 1244 3358 Quare
1278 3294 1511 3360 equidem
1549 3294 1788 3360 speravi,
1829 3293 1950 3344 olim
1988 3309 2015 3344 e
2052 3292 2198 3342 codd.
2239 3292 2595 3359 reponi‘pnsse

628 3361 875 3414 Caesium
919 3378 1010 3429 pro
1062 3363 1247 3415 Gavio.
1307 3362 1500 3415 Verum
1552 3363 1726 3414 nescio
1771 3377 1835 3413 nn
1873 3362 2019 3412 locus
2053 3361 2256 3428 quidam
2294 3361 2600 3427 Quintiliani

626 3439 849 3482 nostr-nm
876 3432 1149 3498 utriusque
1173 3433 1521 3483 coniecturam
1549 3438 1786 3494 evertat,
1826 3431 1911 3481 vel
1948 3430 2098 3496 plene
2124 3431 2374 3482 incertum
2402 3432 2594 3483 reddet.

624 3498 675 3551 1⁸
712 3501 845 3551 enim
884 3501 960 3552 ita
995 3501 1122 3552 dicit
1169 3501 1233 3564 (l,
1263 3502 1314 3561 6,
1342 3502 1463 3565 36„
1524 3499 1663 3565 „Qui
1715 3515 1840 3550 vero
1876 3499 2003 3551 telin
2039 3499 2420 3567 (etymologias)
2454 3500 2599 3553 libris

621 3569 874 3634 complexi
910 3575 1061 3633 sunt,
1100 3572 1303 3622 nomino
1338 3584 1436 3621 sua
1470 3570 1567 3636 ipsi
1604 3570 2010 3635 inscripserunt,
2061 3569 2426 3635 ingenioseque
2456 3571 2598 3621 visus

626 3644 681 3690 et
717 3636 980 3689 Gavius
1015 3639 1236 3690 coelibes
1272 3639 1443 3690 dicere
1482 3639 1646 3689 veluti
1673 3639 1920 3698 coelites,
1959 3638 2092 3705 quod
2116 3654 2271 3689 onere
2298 3638 2596 3702 gravissimo

625 3712 846 3768 vacent,
899 3707 1049 3773 idque
1086 3705 1288 3759 Graeco
1324 3715 1656 3773 argumento,
1693 3701 1920 3772 ἠϊθέους
1965 3707 2100 3758 enim
2136 3707 2312 3757 endem
2351 3708 2413 3756 de
2447 3723 2594 3760 cansn

626 3775 727 3825 dici
767 3776 1046 3827 affirmet.“
1087 3776 1148 3827 H.
1190 3777 1228 3826 l.
1265 3777 1470 3844 Zumpt.
1515 3795 1543 3828 e
1577 3776 1723 3827 codd.
1765 3777 1995 3842 reposuit
2036 3776 2266 3839 Gavius,
2304 3792 2414 3826 cnm
2449 3785 2594 3829 antea

625 3843 891 3908 legeretur
915 3845 972 3896 C.
1008 3844 1258 3896 Granius.
1307 3845 1412 3896 vix
1447 3847 1603 3897 licent
1639 3846 1796 3896 alium
1834 3845 2162 3910 intelligere,
2199 3861 2350 3912 quam
2388 3844 2591 3898 Gavium

625 3914 838 3964 Bessum
861 3951 875 3977 ,
914 3912 997 3980 qui
1035 3912 1097 3963 de
1133 3915 1333 3978 origine
1369 3914 1738 3965 vocabulorum
1776 3913 2017 3979 scripsit,
2069 3921 2123 3964 et
2157 3930 2281 3964 vero
2318 3914 2450 3964 rutio
2482 3931 2596 3980 quo-

625 3998 724 4048 que
776 3983 1115 4050 etymologica
1150 3984 1324 4050 (quem
1359 3991 1646 4050 sequuntur
1671 3981 1836 4034 Prisc.
1876 3982 1894 4033 1
1934 3999 1983 4050 p.
2024 3984 2140 4035 547.
2195 3983 2331 4034 Beda
2370 3985 2430 4034 de
2463 3988 2590 4036 orth.

626 4069 675 4119 p.
715 4051 881 4116 2333)
918 4052 968 4101 id
1004 4051 1204 4103 suadet.
1270 4050 1585 4119 Quemquam
1624 4061 1797 4103 nutem
1833 4052 1927 4102 hoc
1971 4051 2280 4118 Quintiliani
2316 4053 2593 4106 testimonio

627 4121 837 4187 propius
889 4122 1044 4172 etium
1096 4121 1159 4171 ad
1209 4120 1379 4172 Caesii
1426 4121 1576 4172 Bassi
1625 4128 1853 4186 tempora
1904 4121 2228 4184 accedimus,
2292 4129 2458 4174 temen
2505 4140 2592 4175 nec

172 4377 643 4630 Ἤ
