2764 4738
506 412 635 481 228
1216 418 1390 479 8ΑΤ.
1422 417 1524 491 vl,
1555 422 1638 482 68
1668 453 1754 466 —
1780 425 1883 485 74.

502 594 750 671 pensius
793 609 985 667 unge,
1036 609 1193 666 unge
1235 595 1317 661 (v.
1357 594 1461 662 16)
1487 610 1645 669 puer
1683 590 1835 669 (lnv.
1871 588 1970 662 IX,
2006 595 2111 664 59)
2159 593 2360 651 caules
2392 592 2565 665 (Hor.

511 688 623 736 sat.
659 675 731 747 11,
761 682 822 747 2,
856 680 971 749 61;
1017 677 1079 747 3,
1116 680 1282 746 125).
1328 674 1616 754 Repetitio
1648 674 1900 737 eiusdem
1932 677 2190 736 vocabuli
2222 689 2567 737 commutant

509 764 825 821 orationem
855 759 1058 830 decet,
1117 781 1170 819 v.
1203 760 1246 830 I,
1285 766 1395 833 ¹13
1451 766 1604 831 1113
1641 766 1782 824 120.
1814 761 1886 831 Il,
1919 766 2019 824 50.
2066 762 2161 832 111,
2193 767 2315 833 23,
2363 769 2441 824 41
2470 784 2564 842 sq.

510 848 583 917 V,
634 852 774 909 174.
819 846 918 905 Vl:
950 850 1056 907 22.
1120 848 1274 904 Mihi
1292 845 1464 925 festa
1516 848 1647 904 luce
1697 848 1886 920 (festis
1931 845 2130 906 diebus
2176 847 2309 907 llor.
2342 860 2454 906 sat.
2491 848 2565 919 ll,

511 938 571 1003 3,
624 937 767 1004 143)
817 944 1091 1010 coquatur
1135 933 1369 1001 urtica,
1418 932 1542 990 olus
1587 932 1820 1010 vulgare
1867 933 2029 1004 (Hor.
2078 954 2211 1011 epp.
2256 933 2298 1003 1,
2351 938 2451 1003 12,
2498 940 2562 995 8.

512 1019 655 1079 Plin.
687 1017 845 1089 XXI,
881 1022 979 1088 15,
1013 1021 1117 1088 55)
1150 1026 1212 1074 et
1230 1015 1533 1096 fumosum
1561 1019 1821 1095 sinciput
1838 1018 1999 1095 fissa
2044 1039 2234 1089 aure,
2268 1029 2562 1077 vetustate

510 1105 616 1163 iam
647 1123 975 1174 corrosum,
1018 1103 1098 1160 cf.
1136 1101 1370 1160 Petron.
1409 1106 1566 1164 135:
1613 1101 1905 1173 „pannum
1950 1101 2022 1163 de
2059 1105 2325 1163 carnario
2354 1101 2565 1163 detulit

512 1191 706 1260 furca,
762 1190 816 1246 in
848 1208 957 1268 quo
991 1188 1120 1246 faba
1153 1198 1281 1245 erat
1308 1186 1378 1246 ad
1413 1207 1568 1246 usum
1599 1189 1852 1265 reposita
1883 1199 1943 1247 et
1971 1190 2252 1267 sincipitis
2281 1192 2563 1248 vetustis·

509 1277 649 1335 nima
681 1274 955 1352 particula
987 1273 1138 1331 mille
1170 1274 1350 1350 plagis
1380 1271 1632 1331 dolam
1665 1272 1820 1336 naec
1850 1275 1998 1333 enim
2028 1294 2339 1352 pauperum
2370 1295 2563 1334 coena

510 1371 637 1420 erat
666 1371 725 1418 et
754 1360 980 1439 antiqua
1013 1357 1368 1436 simplicitate
1401 1360 1723 1430 viventium,
1754 1379 1808 1417 v.
1839 1358 1976 1417 Hor.
1997 1370 2106 1418 sat.
2125 1358 2194 1430 ll,
2213 1363 2560 1440 3‚116sq.=

508 1444 768 1515 „Videas
799 1444 1154 1503 —eulonnui
1185 1442 1315 1501 Non
1346 1464 1480 1521 egn,
1513 1454 1853 1512 narrantem,
1887 1454 2105 1504 temere
2139 1444 2230 1503 edi
2263 1447 2386 1505 luce
2417 1466 2563 1524 pro-

510 1534 660 1591 festa
693 1530 996 1608 Quicquam
1030 1540 1265 1608 praeter
1293 1529 1418 1587 olus
1467 1531 1721 1588 fumosae
1766 1549 1889 1588 cnm
1936 1528 2084 1609 pede
2131 1549 2346 1609 pernae
2363 1539 2423 1601 ,“
2475 1532 2561 1590 cf.

510 1614 671 1677 Ovid.
700 1615 842 1675 Met.
875 1613 1023 1684 VIII,
1057 1617 1181 1676 647
1212 1634 1335 1694 sqq.
1367 1625 1431 1674 et
1459 1613 1529 1672 de
1560 1634 1734 1674 carne
1767 1615 1931 1673 suilla
1964 1616 2115 1674 fumo
2146 1614 2398 1686 siccata,
2460 1618 2558 1695 qui

509 1704 858 1781 antiquorum
892 1700 1232 1778 praecipuus
1262 1701 1420 1758 cibus
1464 1701 1588 1771 fuit,
1631 1699 1752 1758 Iuv.
1787 1699 1887 1769 XI,
1919 1704 2002 1761 82
2040 1721 2128 1780 sq.
2160 1701 2349 1760 Varro
2380 1700 2448 1759 R.
2488 1700 2557 1760 R.

509 1786 579 1857 II,
610 1793 673 1857 4,
703 1790 771 1847 3.
820 1786 986 1864 Virg.
1019 1784 1225 1844 Moret.
1261 1789 1340 1848 56
1373 1805 1463 1863 sq.
1534 1787 1611 1844 Ut
1648 1795 1785 1843 tuus
1824 1788 1936 1845 iste
1974 1805 2191 1864 nepos,
2241 1785 2389 1866 quod
2433 1807 2556 1845 am·

507 1872 677 1949 bigne
722 1870 924 1930 dictum
970 1880 1094 1940 est,
1143 1871 1278 1929 olim
1320 1881 1501 1929 satur
1538 1872 1768 1929 anseris
1805 1872 2002 1940 extis,
2048 1892 2175 1929 uam
2207 1873 2415 1950 antiqui
2450 1893 2558 1931 an-

507 1958 653 2017 seris
698 1958 858 2015 iecur
900 1954 1045 2013 haud
1092 1957 1271 2013 minus
1303 1957 1713 2027 aestimabant,
1761 1976 1922 2035 quam
1955 1976 2101 2016 nunc
2133 1958 2187 2015 iu
2221 1960 2407 2036 pretio
2439 1969 2559 2027 est,

508 2065 559 2101 v.
594 2042 735 2100 Plin.
767 2042 843 2112 X,
874 2047 977 2111 22,
1009 2046 1110 2103 27.
1157 2042 1229 2099 cl.
1264 2041 1385 2112 Vll,
1420 2047 1522 2111 51,
1554 2046 1655 2103 77.
1707 2040 1841 2099 Hor.
1888 2053 1998 2100 sat.
2036 2040 2108 2113 Il,
2139 2047 2200 2110 8,
2233 2047 2334 2104 88.
2384 2041 2557 2101 Ovid.

506 2130 639 2189 fast.
661 2127 703 2199 l,
723 2130 846 2189 453
866 2146 951 2207 sq.
983 2128 1099 2185 Iuv.
1131 2126 1204 2197 V,
1240 2131 1385 2188 114.
1421 2126 1592 2186 Mart.
1622 2125 1775 2197 XIII,
1807 2130 1907 2187 58.
1939 2127 2148 2186 Athen.
2171 2127 2320 2206 IXp.
2340 2131 2467 2189 384
2487 2128 2555 2187 Β.

506 2214 581 2273 cf.
613 2213 836 2291 Meyer,
865 2213 997 2271 lanx
1026 2222 1220 2271 satura
1252 2214 1359 2270 luc.
1392 2211 1640 2270 XXXIV
1671 2232 1725 2289 p.
1749 2215 1869 2273 106
1894 2232 2014 2291 sqq.
2066 2215 2233 2272 Vena
2266 2232 2445 2291 saepe
2478 2212 2556 2273 de

505 2299 757 2358 membro
789 2298 932 2356 virili
964 2295 1323 2374 intelligenda
1360 2304 1436 2371 (v.
1468 2296 1639 2356 Mart.
1682 2297 1783 2368 IV,
1814 2301 1916 2366 66,
1950 2302 2048 2359 12.
2078 2297 2178 2369 VI,
2208 2303 2313 2371 49,
2346 2301 2412 2360 2.
2447 2299 2557 2369 ΧΙ,

510 2388 608 2454 16,
643 2389 703 2446 5.
741 2383 926 2462 Priap.
958 2383 1223 2454 XXXIII,
1255 2388 1295 2445 2
1327 2384 1404 2442 cf.
1437 2383 1483 2451 l,
1519 2387 1661 2455 103)
1687 2425 1705 2454 ,
1752 2394 1813 2442 ut
1854 2383 1944 2443 bic
1988 2382 2180 2442 addito
2211 2406 2264 2442 v.
2297 2387 2557 2466 inguine

505 2473 755 2548 apertius
788 2472 956 2527 etium
987 2469 1297 2539 indicatur,
1338 2467 1487 2548 quud
1520 2489 1733 2547 vagum
1765 2469 2113 2548 appellatur,
2145 2491 2255 2549 quo
2285 2492 2341 2527 v.
2375 2472 2413 2527 ii
2445 2492 2556 2528 no-

503 2567 727 2625 tautur,
758 2556 850 2633 qui
885 2556 1073 2613 illicita
1105 2574 1318 2613 venere
1351 2557 1561 2633 passim
1594 2556 1881 2623 fruuntur,
1915 2556 1991 2613 cf.
2025 2555 2189 2613 Mart.
2222 2555 2319 2626 Vl,
2354 2559 2553 2624 21‚6:

504 2640 814 2719 Legitimos
860 2652 1018 2698 esset
1061 2660 1183 2699 cum
1231 2659 1410 2717 vagus
1455 2651 1586 2698 ante
1629 2652 1810 2699 toros.
1858 2639 1992 2699 Seu.
2028 2640 2199 2701 llere.
2236 2641 2365 2699 Oet.
2399 2645 2553 2703 365.

505 2728 655 2798 Quot
682 2727 935 2803 virgines
969 2724 1192 2784 dilexit!
1245 2725 1473 2783 Erravit
1502 2744 1699 2802 vagum
1747 2724 1918 2802 Prop.
1953 2725 1997 2796 1,
2021 2731 2078 2794 5,
2100 2732 2139 2788 7
2170 2746 2353 2803 vagae
2384 2728 2555 2803 puel·

504 2813 613 2871 lae.
696 2814 838 2869 Cum
886 2811 1057 2888 igitur
1100 2829 1247 2869 vena
1293 2811 1436 2869 baec
1472 2831 1614 2887 vaga
1656 2830 1872 2869 venere
1913 2830 2186 2881 morosa,
2229 2812 2552 2884 fastidiosa,

500 2898 816 2974 singultiet
864 2895 1090 2954 libidine
1134 2898 1415 2955 concitata
1459 2904 1541 2969 (ut
1579 2896 1885 2974 palpitare
1937 2897 2198 2955 similiter
2240 2895 2385 2955 dixit
2425 2898 2550 2957 Iuv.

504 2983 597 3055 111,
650 2987 766 3044 134
814 2982 884 3040 cl.
929 2982 1072 3040 Don.
1118 2980 1189 3039 ad
1233 2983 1372 3040 Ter.
1422 2982 1569 3040 Eun.
1623 2981 1714 3051 Ill,
1753 2987 1808 3052 1,
1841 2984 1945 3052 34)
1985 2984 2284 3059 patriciae
2334 2984 2553 3041 vulvae

503 3070 760 3127 immeiat
790 3066 958 3146 (quod
991 3078 1049 3125 ut
1081 3066 1357 3134 Graecum
1392 3062 1594 3144 οὐρεῖν
1624 3065 1694 3124 de
1730 3068 1881 3125 coitu
1913 3065 2151 3135 dicitur,
2183 3068 2258 3125 cf.
2292 3067 2408 3126 Iuv.
2438 3068 2551 3139 vl,

506 3159 607 3215 64.
656 3153 756 3223 XI,
794 3157 936 3214 168.
990 3152 1049 3210 Ρ.
1086 3151 1251 3210 Petit.
1286 3152 1440 3210 obss.
1474 3151 1567 3223 III,
1598 3157 1657 3213 2.
1709 3151 1863 3221 Bast,
1909 3152 2081 3220 lettre
2109 3154 2237 3210 crit.
2272 3173 2330 3230 p.
2371 3157 2543 3224 166).

503 3240 661 3297 Mihi
715 3249 904 3296 trama
933 3238 1188 3315 figurae
1230 3239 1310 3296 sit
1350 3239 1620 3315 reliqua,
1689 3257 1801 3315 ego
1847 3240 2024 3297 macie
2072 3239 2370 3297 confectus
2417 3241 2550 3307 sim,

502 3325 745 3401 imagine
789 3343 822 3382 a
868 3336 1029 3381 veste
1077 3321 1370 3391 demmin,
1420 3342 1563 3400 quae
1608 3335 1720 3380 tam
1767 3321 1972 3381 detrita
2002 3333 2127 3394 est,
2175 3334 2236 3381 ut
2266 3324 2400 3381 nihil
2430 3318 2548 3382 nisi

505 3420 695 3468 trama
745 3412 1018 3487 supersit,
1061 3408 1244 3478 filum,
1289 3407 1437 3487 quod
1478 3410 1625 3466 inter
1656 3420 1871 3465 stamen
1904 3409 2113 3479 currit,
2161 3410 2238 3468 cf.
2274 3407 2439 3467 Serv.
2472 3410 2549 3468 ad

501 3494 667 3571 virg.
715 3494 864 3553 Aen.
908 3493 1001 3563 111,
1035 3497 1177 3554 483.
1226 3493 1435 3551 Senec.
1484 3513 1615 3570 epp.
1658 3493 1782 3562 XC,
1824 3497 1927 3554 20.
1960 3495 2135 3572 intpp.
2168 3494 2341 3553 Varr.
2372 3493 2441 3553 L.
2473 3495 2549 3554 L.

499 3590 540 3638 t.
575 3580 623 3638 lI
654 3601 709 3657 p.
743 3584 825 3641 80
855 3598 939 3659 sq.
1027 3577 1298 3638 Similiter
1347 3590 1597 3636 nostrum
1630 3577 2097 3656 sadenscheiuig
2141 3577 2212 3638 de
2262 3591 2426 3638 veste
2471 3579 2546 3640 ad

499 3667 778 3724 hominem
812 3665 1172 3724 transfertur.
1230 3668 1353 3723 Ast
1396 3666 1494 3722 illi
1527 3674 1745 3722 tremat
1791 3674 2015 3722 omento
2056 3664 2147 3735 (II,
2180 3671 2328 3736 47),
2374 3668 2545 3724 nimia

498 3748 858 3830 pinguedine,
889 3760 1092 3808 venter
1108 3794 1129 3821 ,
1164 3768 1325 3829 quein
1349 3768 1568 3827 popam
1613 3747 1768 3819 dicit,
1800 3750 1929 3828 quia
1960 3770 2167 3827 popae,
2196 3753 2293 3829 qui
2326 3751 2545 3809 hostias

499 3836 820 3895 mactabant
874 3836 1239 3914 reliquiisque
1287 3855 1480 3894 earum
1530 3834 1899 3903 fruebantur,
1971 3835 2115 3893 unde
2164 3846 2224 3892 et
2281 3837 2544 3914 popinam

500 3940 778 3980 exercere
808 3919 1068 3979 videntur
1110 3922 1213 3998 (cf.
1253 3920 1689 3998 osenbruggen.
1731 3917 1802 3979 ad
1834 3921 1954 3979 Cic.
1999 3940 2053 4000 p.
2097 3920 2218 3978 Mil.
2263 3925 2370 3994 24,
2411 3926 2545 3994 65),

501 4027 676 4084 saepe
709 4005 869 4065 obesi
906 4017 1090 4065 erant.
