2764 4738
507 402 640 473 252
970 406 1236 479 scum..
1279 406 1389 469 An
1437 406 1602 470 sA'r.
1647 410 1695 483 1,
1741 413 2046 473 17—2o.

685 581 787 640 17.
830 579 1085 656 Liquido
1111 599 1237 639 eum
1258 580 1578 659 plasmate.
1641 576 1911 656 Πλάσμα
1938 576 2143 640 dicitur
2172 577 2559 640 medicamen-

509 674 662 735 tum,
706 683 817 743 quo
848 674 1185 725 recreantur
1214 666 1415 725 fauces
1447 666 1697 726 clamore
1725 667 2034 726 sauciatae.
2093 664 2233 724 Item
2266 666 2561 744 liquidus-

504 750 739 827 plasma
759 792 781 819 ‚
828 768 941 828 quo
970 770 1083 809 vox
1107 751 1418 824 formatur,
1461 751 1571 811 hoc
1606 760 1700 811 est
1726 769 1834 831 per
1860 748 2116 810 humidas
2146 752 2349 811 fauces
2378 751 2561 822 venit,

512 845 572 893 ut
600 833 808 912 virgil.
835 840 887 893 ¹:

1347 931 1410 980 et
1439 922 1592 980 udae
1628 922 1786 981 vocis
1827 922 1962 979 iter.

511 1001 623 1062 Vel
660 1006 897 1083 plasma
943 1005 1084 1064 lenis
1125 1005 1445 1077 cantilena,
1498 1006 1593 1066 vel
1653 1004 1971 1066 deficientis
2015 1006 2260 1083 gutturis
2304 1001 2563 1064 medica-

509 1099 756 1149 mentum
787 1095 832 1149 ².
897 1089 1008 1150 Vel
1039 1090 1262 1169 liquido
1286 1092 1619 1169 plasmate,
1651 1090 1708 1150 id
1739 1101 1866 1161 est,
1897 1092 2212 1170 exquisito,
2243 1102 2516 1169 tanquam
2535 1095 2564 1129 ³

511 1193 584 1234 eo
614 1174 860 1247 laveris,
890 1195 1086 1255 purum
1116 1173 1434 1235 reddideris
1461 1187 1658 1255 guttur
1683 1178 1818 1235 fietu
1848 1177 2131 1236 foemineo
2160 1176 2460 1254 agitatum.

686 1264 786 1323 18.
830 1262 1118 1321 Pawanti
1151 1259 1403 1339 fractus
1459 1264 1665 1322 ocello.
1752 1264 2008 1321 Fructus
2066 1259 2122 1319 id
2178 1270 2273 1320 ost
2316 1259 2562 1331 solutus,

511 1343 891 1405 effeminatus.
950 1347 1269 1417 Patranti,
1302 1348 1731 1406 consummanti.
1819 1344 1841 1367 ⁶
1872 1349 1971 1405 Pa
1987 1347 2236 1405 tratio
2282 1357 2403 1406 cst
2445 1347 2561 1405 rei

508 1448 897 1490 venereae
956 1431 1338 1509 perfectio
1396 1432 1513 1491 vel
1583 1433 2157 1502 consummatio,
2229 1428 2424 1489 unde
2484 1440 2562 1490 et

502 1525 779 1592 patres
820 1515 1019 1575 dicti
1061 1536 1184 1587 eo,
1249 1514 1442 1596 quod
1488 1517 1916 1617 patratione
1971 1526 2296 1595 peracta
2348 1516 2563 1574 filios

509 1611 923 1677 procreant
948 1603 1000 1660 4.
1086 1600 1266 1660 Item
1308 1603 1567 1660 ocello
1612 1621 1738 1681 per
1784 1597 2328 1681 ὑποκόρισμαε
2386 1602 2563 1679 qnia

510 1684 715 1742 illum
761 1682 1290 1745 contrahendo
1337 1688 1685 1745 minorem
1743 1686 1966 1756 facit,
2022 1682 2211 1743 unde
2251 1684 2562 1744 Iuvena-

512 1767 611 1827 lis
650 1772 708 1827 ⁵.
764 1772 1189 1848 oculosque
1232 1789 1306 1829 ιη
1337 1769 1514 1849 stne
1556 1770 2042 1829 trementes.*
2127 1768 2205 1828 Et
2234 1780 2331 1829 est
2359 1768 2563 1848 hypal-

512 1852 674 1931 lage,
706 1864 799 1913 ut:
840 1856 1037 1933 pictus
1069 1875 1180 1914 acu
1211 1857 1575 1934 chlamydem
1609 1859 1672 1926 ⁶,
1719 1853 1865 1935 quod
1896 1855 2018 1913 fieri
2049 1854 2203 1913 solet
2231 1875 2349 1913 nou
2380 1855 2561 1914 solum

511 1938 756 1997 ablativo
800 1958 970 2010 casu,
1028 1959 1168 1999 vero
1200 1941 1369 1999 etiam
1396 1942 1757 2010 accusativo,
1796 1951 1892 1998 ut:
1942 1940 2101 1998 nuda
2140 1959 2306 2017 genu
2346 1945 2387 1997 ⁷.

687 2027 787 2087 19.
832 2027 945 2083 Hic
989 2044 1176 2102 neque
1220 2045 1379 2084 more
1411 2026 1620 2105 probo.
1708 2027 1823 2084 Hic
1849 2023 1986 2084 dicit
2015 2026 2071 2083 iu
2102 2023 2423 2095 auditorio,
2468 2024 2564 2084 ubi

511 2110 756 2168 recitant
787 2120 1027 2188 poetae,
1071 2111 1163 2170 vel
1194 2111 1287 2169 laic
1316 2130 1418 2189 pro
1450 2121 1624 2182 tunc,
1673 2120 1733 2169 et
1776 2110 1884 2168 boc
1928 2108 2091 2169 dicit:
2141 2110 2282 2167 Cum
2314 2111 2565 2169 molliter

512 2195 777 2273 leguntur
819 2197 1100 2266 carmina,
1143 2194 1485 2254 audientium
1528 2215 1748 2275 quoque
1780 2196 1948 2254 animi
1978 2193 2048 2253 ad
2079 2193 2370 2254 libidinem
2404 2199 2564 2255 exci-

509 2290 719 2338 tantur.
791 2278 1161 2339 Laudantium
1207 2281 1477 2339 laetitiam
1521 2282 1867 2352 insectatur,
1913 2300 2035 2339 cum
2075 2291 2172 2339 aut
2217 2281 2561 2340 tumultuose

513 2366 791 2435 clamant,
843 2376 941 2425 aut
971 2366 1292 2426 obscoenos
1324 2378 1508 2426 motus
1539 2365 1713 2426 edunt
1741 2363 1811 2425 ad
1842 2364 2194 2426 dulcedinem
2226 2368 2560 2436 carminum,

512 2470 658 2531 quae
701 2451 1022 2510 effeminant
1067 2471 1237 2512 aures
1280 2453 1587 2525 intantum,
1634 2463 1697 2511 ut
1733 2451 2072 2511 audientium
2120 2472 2350 2531 quoque
2392 2454 2562 2512 animi

513 2535 911 2595 dissolvantur.

683 2626 786 2684 21).
831 2625 1111 2700 Ingentes
1155 2632 1342 2682 autem
1394 2625 1553 2681 Titos
1597 2619 1736 2682 dicit
1764 2633 1860 2682 aut
1887 2622 2240 2701 generaliter
2268 2622 2560 2682 Romanos

514 2717 813 2766 senatores
855 2727 889 2765 a
932 2708 1060 2766 Tito
1105 2708 1270 2766 Tatio
1313 2707 1647 2767 Sabinorum
1692 2728 1868 2787 rege,
1925 2718 2024 2767 aut
2066 2719 2225 2767 certe
2258 2727 2295 2766 a
2326 2708 2561 2768 membri

512 2793 692 2853 virilis
753 2791 1132 2871 magnitudine
1192 2793 1327 2852 dicti
1370 2793 1503 2868 Titi.
1592 2791 1745 2853 Idem
1786 2794 2059 2854 valuisset
2106 2793 2153 2851 si
2203 2791 2420 2851 Lucios
2466 2805 2561 2853 aut

510 2877 742 2937 Marcos
790 2888 886 2936 aut
923 2878 1152 2937 Publios
1197 2877 1457 2937 dixisset.
1640 2882 1835 2950 Titos,
1899 2876 2227 2960 εἰρωνικῶς
2269 2877 2559 2938 Romanos

512 2966 769 3042 equites,
814 2965 1096 3043 principes
1135 2984 1375 3041 magnae
1421 2967 1774 3023 auctoritatis
1819 2975 1880 3023 et
1922 2963 2172 3022 honoris.
2382 2966 2559 3023 Titos.

512 3048 660 3107 Tres
706 3051 854 3108 euim
902 3052 1094 3108 curiae
1141 3050 1367 3108 fuerunt
1409 3051 1589 3128 primo
1620 3049 1866 3120 Romae,
1914 3049 2239 3118 Titienses,
2269 3047 2560 3120 Ramnes,

511 3132 803 3194 Luceres:
851 3133 1134 3194 Titienses
1180 3154 1213 3192 a
1259 3135 1389 3194 Tito
1431 3135 1596 3194 Tatio
1641 3154 1782 3212 rege
1828 3133 2157 3193 Sabinorum
2190 3136 2474 3213 participe
2506 3137 2559 3194 in

512 3238 692 3297 regno
725 3217 962 3278 Romuli.
1008 3219 1251 3279 Ramnes
1284 3240 1317 3279 a
1350 3219 1583 3279 Romulo
1614 3223 1705 3300 qui
1738 3219 1966 3278 Romam
1999 3216 2264 3280 condidit.
2298 3219 2560 3280 Luceres

513 3325 548 3365 a
576 3304 937 3376 Lucumone,
980 3307 1073 3386 qui
1106 3303 1405 3385 aliquando
1437 3305 1671 3364 Romulo
1703 3306 1966 3364 auxilium
1996 3302 2188 3376 dedit,
2172 3328 2187 3342 ·
2236 3303 2332 3362 alii
2365 3325 2400 3363 a
2433 3306 2559 3365 luco

512 3392 951 3450 nominaverunt.
1011 3391 1086 3450 Et
1129 3401 1220 3450 est
1260 3411 1502 3450 sensus.
1556 3391 1710 3450 Haec
1753 3393 1899 3450 enim
1947 3410 2070 3449 cum
2118 3389 2446 3450 effeminate
2478 3391 2560 3449 le-

513 3487 722 3554 guntur
761 3479 1044 3548 carmina,
1104 3475 1443 3536 audientium
1493 3495 1714 3557 quoque
1760 3476 2050 3534 solvuntur
2094 3476 2282 3534 animi.
2361 3475 2559 3560 Itaque

515 3580 699 3642 neque
746 3580 903 3621 more
946 3561 1223 3633 honesto,
1281 3581 1467 3642 neque
1525 3582 1668 3622 voce
1722 3560 1869 3621 virili
1929 3558 2175 3620 laudaut.
2383 3560 2558 3621 Item.

518 3748 540 3799 1
583 3745 729 3812 Virg.
767 3746 897 3797 Aen.
938 3745 1048 3805 vn,
1089 3747 1187 3798 533
1216 3762 1292 3812 sq.

514 3819 550 3872 2
584 3814 638 3865 Iu
676 3817 790 3866 cod.
841 3815 961 3867 Par.
1012 3816 1147 3868 8272
1185 3816 1313 3866 haec
1351 3815 1614 3866 annotatio
1650 3822 1765 3880 est:
1821 3813 2173 3878 „Plasmote,
2214 3818 2557 3879 gargarismo,

584 3884 812 3935 fonnsco.
884 3883 1145 3935 Fonascus
1193 3885 1387 3936 dieitur
1438 3898 1469 3935 a
1505 3881 1737 3942 Graeco,
1789 3882 1919 3949 quod
1957 3890 2037 3933 est
2071 3880 2224 3948 φωνή
2263 3899 2403 3942 vox,
2444 3886 2560 3935 inde

583 3955 716 4005 enim
756 3968 852 4003 vox
890 3956 1206 4019 purgatur.“
1628 3950 1659 4002 3
1698 3950 1825 4015 Leg.
1866 3957 1980 4001 tum
2019 3954 2178 4002 cum?

517 4026 550 4076 ⁴
585 4023 709 4074 lsid.
750 4023 918 4086 origg.
959 4021 1093 4082 Vlss,
1134 4024 1182 4074 5.
1640 4021 1670 4070 5
1708 4019 1819 4070 luv.
1859 4018 1973 4082 Vll,
2009 4022 2134 4071 24⁸.

518 4092 549 4144 6
586 4090 734 4158 Virg.
774 4093 905 4144 Aen.
944 4089 1039 4153 lx,
1080 4091 1201 4148 582.
1432 4088 1464 4143 7
1488 4086 2556 4157 Virg.Aeu.1‚320.0vid.luet.xt‚535.
