2764 4738
555 382 681 450 170
1224 389 1392 451 8ΛΤ.
1424 390 1523 464 IV,
1569 397 1647 454 14
1678 425 1763 437 —-
1799 396 1895 455 19.

556 577 728 619 ausus
771 565 886 632 est)
930 558 1252 620 Detrahere
1297 572 1358 620 et
1396 560 1636 640 pellem,
1679 558 1884 619 nitidus
1931 579 2041 639 qua
2084 560 2315 639 quisque
2344 578 2438 637 per
2462 578 2579 617 ora

555 643 825 716 Cederet,
855 647 1159 705 introrsum
1198 649 1399 724 turpis.
1445 647 1588 725 Epp.
1620 646 1664 716 l,
1700 651 1798 717 16,
1829 651 1946 707 45:
2005 644 2308 703 Introrsum
2338 657 2576 723 turpem,

554 731 873 807 speciosum
919 732 1067 809 pelle
1111 731 1345 791 decora.
1439 731 1554 790 Cur
1595 733 1766 809 igitur
1805 751 1913 789 non
1960 729 2056 802 (de
2088 732 2479 808 significatione
2511 750 2575 787 v.

555 817 695 893 quin
739 836 792 873 v.
838 815 1009 874 Haas.
1056 815 1126 874 ad
1180 816 1336 876 Reis.
1397 837 1486 896 gr.
1532 817 1629 875 lat.
1688 837 1744 875 n.
1789 820 1938 889 492)
1992 817 2178 893 potius
2234 816 2440 875 desinis
2458 835 2577 893 po-

544 900 707 978 pello
740 900 862 974 (vl,
895 906 999 963 50.
1034 902 1174 962 flor.
1222 922 1351 981 epp.
1395 902 1442 974 1,
1474 907 1533 972 7,
1567 906 1671 971 65)
1706 902 1952 971 blando,
1995 902 2089 980 qui
2120 911 2356 961 externa
2383 902 2578 978 specie

554 983 828 1064 deceptus
861 987 958 1044 tibi
987 985 1233 1058 blandit,
1264 998 1403 1045 ante
1433 991 1581 1046 diem
1599 1031 1620 1057 ,
1653 999 1950 1066 antequam
1985 997 2209 1064 tempus
2237 988 2402 1056 venit,
2430 1005 2577 1044 eau-

554 1072 688 1128 dam
713 1071 988 1131 iactare?
1029 1070 1141 1132 Pro
1171 1092 1263 1144 eo,
1295 1071 1442 1151 quod
1472 1074 1706 1150 vulgare
1737 1083 1828 1131 est
1855 1092 1920 1130 se
1945 1074 2176 1131 auctare
2206 1070 2462 1145 (Brockb.
2497 1068 2580 1128 ad

553 1153 722 1233 Prop.
754 1155 822 1226 ll,
860 1160 958 1228 19,
994 1163 1118 1229 15),
1148 1161 1275 1217 sich
1294 1157 1564 1228 hrasten,
1597 1159 1689 1216 eui
1704 1157 2024 1235 adiungitur
2038 1156 2260 1215 dativus
2280 1174 2578 1235 personae,

552 1259 743 1299 coram
774 1261 883 1319 qua
917 1244 1041 1322 quis
1072 1262 1137 1302 se
1167 1246 1342 1302 iactat
1368 1262 1583 1322 suaque
1596 1243 1845 1320 gloriose
1863 1240 2118 1301 venditat
2149 1239 2582 1314 (Liv.xxxlx.

552 1329 656 1397 43,
686 1330 747 1387 2.
780 1327 916 1384 Hor.
957 1347 1132 1386 carm.
1165 1328 1210 1400 I,
1241 1333 1302 1398 2,
1339 1332 1418 1390 17
1449 1348 1535 1408 sq.
1584 1328 1775 1387 Iuven.
1810 1327 1850 1396 l,
1884 1331 2010 1397 62),
2042 1326 2187 1385 dixit
2216 1328 2451 1385 caudam
2482 1328 2579 1383 ia-

551 1420 743 1481 ctare,
776 1410 925 1490 quod
964 1413 1054 1471 vel
1086 1432 1207 1472 cum
1242 1413 1580 1472 Casaubono
1611 1434 1644 1470 a
1675 1432 1927 1492 pavone,
1960 1413 2049 1471 vel
2081 1412 2153 1470 ab
2185 1431 2328 1490 equo
2358 1409 2580 1469 desum·

553 1506 665 1553 tum
695 1494 873 1555 videri
906 1507 1116 1575 potest,
1147 1500 1240 1578 qui
1278 1509 1393 1556 tum
1425 1498 1667 1577 superbe
1698 1496 1908 1556 incedit
1936 1495 2173 1556 caudam
2206 1499 2391 1555 iactat.
2463 1495 2581 1553 Cur

550 1581 722 1657 igitur
751 1585 943 1658 pergis
987 1584 1246 1662 populum
1292 1585 1492 1644 fallere
1539 1584 1733 1662 specie
1777 1582 2009 1652 decora,
2056 1594 2113 1640 tu
2146 1583 2478 1660 quimelior
2515 1599 2584 1638 es

550 1665 793 1724 sorbere
824 1666 976 1739 (Val.
1009 1668 1093 1726 Fl.
1137 1669 1180 1740 Ι,
1223 1674 1350 1731 424
1393 1669 1592 1727 melior
1634 1666 2017 1738 contundere,
2058 1668 2136 1726 cf.
2172 1667 2214 1736 l,
2250 1671 2387 1736 59),
2416 1685 2580 1745 quem

551 1749 789 1810 sorbere
820 1753 1020 1812 melius
1066 1755 1251 1823 foret,
1294 1756 1651 1830 Anticyras,
1705 1751 1852 1832 qnod
1897 1751 2173 1811 audacter
2212 1754 2448 1831 positum
2479 1770 2581 1829 pro

552 1834 864 1907 helleboro,
896 1836 1045 1915 quod
1088 1838 1162 1896 ibi
1207 1841 1470 1916 optimum
1503 1840 1755 1895 nascitur
1784 1850 1842 1895 et
1889 1840 2149 1896 insaniae
2195 1835 2474 1904 medetur,
2503 1837 2579 1892 cf.

551 1918 687 1978 Hor.
721 1931 829 1980 sat.
874 1921 944 1994 II,
987 1926 1048 1993 3,
1080 1927 1195 1984 83:
1242 1923 1457 1982 Nescio
1501 1943 1570 1981 an
1616 1922 1948 2001 Anticyram
1991 1924 2138 1980 ratio
2183 1920 2293 1979 illis
2340 1919 2586 1979 destinet

551 2021 792 2063 omnem.
832 2005 907 2065 A.
954 2006 1017 2064 P.
1058 2011 1213 2070 30οε
1261 2009 1442 2067 tribus
1485 2008 1779 2085 Anticyris
1827 2019 1995 2085 eaput
2038 2006 2376 2065 insanabile.
2424 2002 2581 2064 Ovid.

549 2107 678 2166 epp.
711 2090 808 2161 lv,
841 2095 899 2161 3,
934 2095 1013 2153 53
1047 2112 1173 2171 sq.=
1218 2092 1262 2163 1,
1294 2092 1446 2163 bibe,
1478 2092 2088 2169 dixissem,purgantes
2110 2103 2344 2169 pectora
2361 2109 2584 2157 succos,

551 2173 825 2252 Quicquid
857 2189 916 2235 et
945 2179 999 2234 in
1031 2188 1150 2235 tota
1166 2181 1421 2237 nascitur
1434 2177 1731 2256 Anticyra.
1764 2178 1882 2236 Iuv.
1914 2175 2067 2247 XIII,
2100 2181 2203 2238 97.
2237 2175 2382 2234 Plin.
2400 2175 2584 2243 XXV,

551 2262 610 2328 5,
653 2263 754 2320 21.
798 2260 960 2319 Duae
1002 2274 1165 2322 erant
1209 2263 1557 2346 Anticyrae,
1604 2262 1674 2320 ad
1718 2264 1897 2320 sinum
1941 2262 2243 2320 Maliacum
2287 2263 2501 2329 altera,
2532 2262 2585 2316 in

548 2341 798 2404 Phocide
843 2347 1025 2407 altera
1068 2350 1174 2406 sita
1219 2347 1445 2427 (Stepb.
1479 2347 1622 2426 Byz.
1655 2367 1702 2405 s.
1734 2352 1856 2419 v.);
1904 2349 2144 2406 maxima
2193 2347 2343 2405 fama
2377 2344 2588 2423 gaude-

547 2428 645 2486 bat
677 2428 1000 2491 helleborus
1031 2434 1312 2493 Phocicae
1346 2435 1500 2492 urbis
1523 2433 1713 2506 (Paus.
1747 2433 1823 2504 X,
1854 2438 1959 2503 36,
1989 2438 2050 2495 3.
2082 2432 2341 2510 Alciphr.
2376 2431 2471 2499 111,
2502 2436 2585 2502 2).

550 2511 756 2572 Strabo
789 2515 892 2588 (IX
924 2537 977 2594 p.
1005 2521 1131 2579 418
1162 2518 1260 2589 D.,
1292 2528 1521 2591 narrat,
1553 2520 1817 2597 optimum
1848 2517 2069 2597 quidem
2103 2520 2262 2576 nasci
2295 2518 2587 2584 Oetaeum,

547 2600 755 2676 optime
787 2612 973 2660 autem
1003 2605 1331 2681 praeparari
1351 2606 1405 2662 in
1425 2604 1669 2663 Pbocica
1685 2603 1963 2682 Anticyra
1981 2605 2082 2676 (cs.
2100 2602 2244 2662 Plin.
2268 2601 2452 2673 XXII,
2474 2606 2586 2669 24,

549 2687 651 2745 64.
683 2683 882 2745 Diosc.
917 2686 1015 2757 lv,
1054 2693 1217 2759 152).
1275 2691 1593 2759 Meroe-as,
1627 2688 1697 2747 ad
1729 2690 1982 2748 insaniae
2013 2690 2122 2747 vim
2155 2686 2482 2757 notandam,
2514 2686 2587 2746 cf.

548 2766 684 2827 Bor.
718 2787 844 2846 epp.
878 2771 946 2839 n,
978 2777 1037 2843 2,
1075 2777 1230 2834 ¹372
1289 2773 1519 2852 Expulit
1549 2773 1841 2833 helleboro
1872 2774 2123 2832 morbum
2154 2775 2440 2852 bilemque
2470 2792 2587 2832 me-

547 2872 702 2912 raco.
778 2857 1014 2913 Summa
1059 2857 1200 2916 bom·
1238 2879 1506 2917 summum
1553 2860 1758 2918 bonum
1817 2861 1918 2932 (cf.
1978 2859 2226 2918 Bouich.
2287 2859 2404 2917 lex.
2451 2858 2587 2916 Tac.

547 2959 602 3016 p.
634 2943 807 3010 448).
850 2942 1033 2999 Uncto
1064 2944 1286 3002 υἰωιζςεε
1304 2947 1557 3021 patella,
1592 2943 1850 3003 delicatis
1882 2945 2023 3004 cibis
2056 2946 2188 3013 frui,
2219 2945 2300 3004 ef.
2333 2943 2430 3010 111,
2451 2948 2587 3005 102.

554 3025 789 3081 Curare
818 3036 1005 3083 cutem
1050 3028 1172 3086 sive
1207 3030 1553 3106 pelliculam
1598 3028 1668 3088 de
1701 3050 1841 3088 cura
1884 3031 2145 3107 corporis
2176 3032 2233 3086 in
2266 3029 2588 3087 universum

548 3105 770 3178 dicitur,
817 3111 898 3168 cs.
949 3110 1086 3171 Hor.
1134 3132 1267 3191 epp.
1298 3112 1342 3184 Ι,
1374 3117 1437 3185 2,
1469 3118 1585 3185 29ς
1630 3120 1692 3184 4,
1730 3121 1828 3175 15.
1873 3114 1993 3172 Sat.
2027 3114 2095 3182 ll,
2130 3119 2190 3182 5,
2233 3118 2339 3175 38.
2373 3113 2493 3171 Iuv.
2525 3113 2588 3183 Il,

553 3196 694 3261 105,
725 3193 803 3251 ita
836 3204 894 3251 ut
924 3196 1143 3255 nimiam
1190 3200 1313 3257 fere
1361 3198 1665 3274 significet.
1727 3198 1889 3272 Quod
1937 3200 2027 3258 hic
2072 3197 2145 3257 ad
2176 3201 2587 3258 accuratiorem

547 3277 977 3353 explicationem
1009 3279 1234 3342 additur
1262 3285 1501 3341 assiduo
1547 3286 1672 3342 sole
1702 3296 1926 3363 spectat
1956 3283 2027 3343 ad
2058 3283 2444 3342 Romanorum
2476 3304 2589 3341 mo-

547 3379 687 3431 rem,
720 3383 829 3442 qno
861 3368 1010 3422 uncti
1030 3368 1084 3423 in
1119 3370 1240 3427 sole
1272 3368 1651 3439 ambulabant,
1683 3389 1846 3449 quem
1881 3373 1935 3427 in
1966 3389 2126 3428 usum
2145 3368 2592 3428 aedificabantur

549 3446 759 3506 solaria
791 3449 996 3521 (Plaut.
1042 3450 1160 3510 Mil.
1206 3453 1275 3523 11,
1307 3457 1365 3524 3,
1400 3457 1501 3515 69.
1554 3453 1716 3513 Suet.
1756 3454 1951 3513 Claud.
2001 3459 2079 3516 10
2113 3454 2190 3512 ib.
2223 3454 2416 3525 Ern.),
2448 3452 2589 3533 quod

550 3535 801 3608 quamvis
832 3533 902 3593 ad
934 3536 1310 3596 valetudinem
1342 3538 1666 3597 firmandam
1692 3542 2024 3617 pertineret,
2059 3541 2376 3598 otiosorum
2411 3553 2590 3598 tamen

548 3618 894 3691 potissimum
942 3628 1017 3693 (v.
1064 3626 1165 3683 33.
1211 3623 1351 3681 Plin.
1396 3643 1524 3702 epp.
1575 3624 1670 3695 111,
1705 3629 1763 3695 5,
1802 3630 1901 3697 10)
1936 3636 1996 3682 et
2025 3626 2314 3683 seniorum
2360 3626 2468 3683 ruit
2499 3625 2590 3697 (V,

554 3704 693 3763 179.
728 3703 867 3762 Plin.
900 3725 1033 3784 epp.
1070 3708 1165 3779 III,
1203 3714 1256 3779 1,
1289 3712 1347 3770 8.
1396 3708 1517 3767 Cic.
1552 3710 1677 3768 Cat.
1709 3712 1838 3768 mai.
1877 3714 1976 3779 16,
2010 3714 2139 3782 56).
2186 3712 2496 3789 Exspecta
2526 3731 2591 3769 ex

551 3804 650 3844 usu
690 3790 939 3867 vulgaris
986 3797 1298 3864 sermonis,
1344 3794 1422 3851 cs.
1472 3792 1609 3853 Seu.
1654 3794 1724 3853 de
1770 3794 1960 3854 benef.
1995 3795 2070 3865 V,
2109 3798 2220 3856 12:
2270 3796 2479 3864 „Dicis
2512 3815 2590 3853 me

550 3869 756 3932 abesse
798 3877 869 3934 ab
919 3895 1021 3947 eo,
1064 3881 1154 3957 qui
1197 3897 1411 3956 operae
1455 3881 1690 3956 pretinm
1725 3881 1897 3951 facit,
1943 3882 2109 3937 immo
2153 3890 2335 3939 totam
2368 3902 2590 3959 operam

548 3952 697 4015 bona
741 3960 849 4021 lide
896 3960 1175 4040 perdere?
1219 3966 1538 4041 Exspecta:
1600 3967 1767 4024 etiam
1826 3965 1937 4024 hoc
1979 3963 2175 4023 verius
2227 3963 2437 4025 dices“
2481 3978 2587 4026 etc.

550 4039 714 4102 Haec
744 4066 932 4119 anm,
993 4067 1068 4108 ex
1113 4050 1296 4110 intima
1340 4049 1663 4128 plebecula,
1721 4070 1867 4130 qnae
1899 4049 2066 4110 modo
2097 4054 2398 4123 occurrit,
2448 4054 2596 4112 hand

468 4398 665 4541 Ἣ
