2764 4738
734 387 1003 452 Senot..
1045 388 1151 452 An
1197 388 1367 452 sAT.
1411 390 1457 465 1,
1489 393 1792 457 63-70.
2147 388 2277 457 263

229 556 454 620 Deinde
485 568 667 619 motus
697 558 1079 639 indignatione
1099 520 1220 619 tam
1260 580 1474 638 parvae
1504 557 1877 638 digressionis
1908 563 2274 640 parenthesin

231 646 394 705 facit.
440 644 587 705 Nam
617 656 916 706 contextus
945 645 1037 705 hic
1066 656 1188 706 est.
1232 645 1448 708 Verum
1498 645 1631 706 mihi
1675 644 1850 708 dieite
1880 645 1953 709 de
1984 667 2104 720 me,

228 730 437 875 {3¹:132
467 732 837 894 ‘sffgm‘tssfi
877 730 1157 876 ¹3?;.5·²
1204 730 1575 894 23:¹32?ss
1606 731 2275 879 “2¹:21⁰225-22212‘223

230 902 538 980 responsio
567 902 839 961 convivae
872 901 1019 961 illius
1051 899 1361 962 adulatoris
1393 912 1506 974 est,
1534 912 1632 960 aut
1660 902 1837 981 ipsius
1868 896 2072 962 Persii.
2124 901 2271 977 Quid

228 984 418 1058 aliud,
465 987 572 1046 nisi
612 984 760 1067 qnod
806 986 941 1046 talia
986 988 1232 1047 carmina
1278 988 1460 1060 facis,
1500 1006 1647 1067 qnae
1692 988 1923 1048 mollitie
1970 1000 2030 1047 et
2068 999 2271 1049 tenero

228 1071 426 1132 levore
472 1092 575 1130 suo
619 1072 893 1131 inoffensa
923 1070 1174 1132 defluunt
1216 1084 1276 1133 et
1319 1073 1523 1151 unguis
1575 1092 1836 1147 severum
1868 1071 2128 1134 iudicium
2161 1094 2273 1134 non

229 1154 577 1216 formidant?
641 1154 802 1230 Quod
834 1168 1019 1216 autem
1052 1156 1190 1217 dicit
1219 1178 1487 1236 ungues,
1533 1167 1772 1218 tractum
1801 1179 1835 1218 a
1866 1161 2270 1231 marmorariis,

228 1243 324 1322 qni
354 1243 617 1322 quotiens
646 1242 838 1302 volunt
868 1243 1014 1302 bene
1046 1254 1365 1322 coaptatam
1398 1244 1709 1302 iuncturam
1742 1246 2034 1303 marmoris
2065 1264 2272 1324 appro-

226 1326 405 1398 bare,
452 1347 639 1405 ungue
671 1329 1070 1407 experiuntur,
1114 1330 1162 1387 si
1210 1329 1322 1388 ulla
1362 1327 1735 1407 inaequalitas
1777 1330 1955 1407 ipsam
1988 1329 2270 1389 levitatem

229 1410 483 1471 offendit.
540 1412 617 1472 Et
644 1432 845 1472 versus
876 1414 954 1471 ita
984 1411 1187 1474 deduci
1218 1424 1278 1474 et
1307 1411 1474 1492 dirigi
1505 1424 1764 1492 oportet,
1815 1425 1879 1473 ut
1906 1416 2093 1475 solent
2124 1415 2270 1474 fabri

228 1499 513 1557 rubricata
546 1495 698 1556 linea
728 1518 869 1578 opus
901 1496 1188 1576 dirigere,
1232 1519 1343 1580 quo
1374 1499 1588 1558 certius
1617 1496 1878 1559 videantx
1922 1498 1993 1559 ad
2037 1520 2271 1581 quornm

228 1581 646 1642 similitudinem
677 1581 983 1661 diligenter
1022 1604 1228 1644 versus
1273 1584 1398 1643 siue
1442 1603 1639 1642 norma
1684 1585 1933 1658 faciunt,
1977 1586 2271 1646 versifica-

207 1670 367 1741 =tioni
405 1675 429 1708 ¹
460 1679 676 1728 tantum
709 1668 1029 1729 studentes.

400 1757 504 1816 66.
549 1757 648 1813 Ac
687 1755 750 1814 si
781 1756 951 1814 oculo
993 1755 1315 1814 rubricam.
1379 1752 1647 1813 Tractum
1676 1773 1712 1813 a
1745 1752 1958 1826 fabris,
2009 1755 2102 1854 qui
2132 1774 2273 1835 qno·

227 1837 376 1896 tiens
406 1835 604 1896 volunt
642 1837 1034 1899 rectitudinem
1076 1839 1262 1899 lineae
1305 1838 1712 1918 comprobare,
1757 1841 1987 1898 retortis
2017 1840 2071 1898 in
2105 1857 2271 1899 unam

227 1932 447 2000 partem
488 1920 670 1981 oculis
714 1919 1019 1993 ambobus,
1062 1922 1265 1981 lineam
1308 1941 1385 1982 ex
1431 1921 1657 1981 rubrica
1699 1923 1906 1983 factam
1952 1924 2271 2002 inspiciunt,

225 2002 299 2060 ob
330 2001 441 2061 hoc
471 2003 726 2077 scilicet,
758 2024 829 2064 ne
858 2023 963 2085 per
991 2002 1282 2064 oculorum
1315 1999 1645 2061 divisionem
1675 1999 1863 2063 iudicii
1892 2007 2105 2066 veritas
2133 2025 2271 2066 eon-

230 2085 521 2147 fundatur.

441 2173 544 2232 67.
587 2171 728 2230 Sive
757 2189 903 2248 opus
934 2171 995 2227 in
1026 2188 1255 2243 mores
1299 2168 1355 2228 in
1388 2166 1772 2242 comoediam·
1832 2169 1892 2227 in
1926 2170 2167 2240 luxum,
2212 2168 2272 2227 in

227 2265 518 2334 satyram·
582 2257 642 2314 in
677 2255 942 2334 prandia
993 2274 1239 2332 regum,
1287 2254 1344 2336 in
1391 2253 1760 2334 tragoediam.
1831 2253 1906 2312 Et
1950 2254 2056 2312 lioc
2101 2251 2269 2312 dicit:

227 2339 506 2422 Quicquid
554 2342 640 2401 eis
689 2341 872 2419 poetis
917 2340 1108 2420 operis
1154 2340 1527 2417 imposueris,
1571 2360 1681 2400 non
1712 2341 1967 2399 invenies
1998 2338 2125 2397 illos
2156 2335 2272 2397 dis—

227 2428 443 2487 similes
475 2428 583 2485 sui.
632 2424 695 2485 Si
727 2426 974 2486 volueris
1004 2445 1130 2484 enm
1163 2426 1420 2485 scribere
1453 2423 1815 2496 comoedias,
1854 2423 1908 2485 id
1940 2434 2031 2483 est
2059 2443 2272 2496 mores,

225 2533 352 2571 nam
414 2510 710 2571 comoedia
773 2530 963 2571 mores
1008 2510 1288 2570 hominum
1333 2512 1598 2589 exprimit
1640 2506 2269 2589 conversationemque.

225 2597 288 2657 In
337 2599 523 2656 luxum
571 2594 741 2667 dicit,
787 2597 835 2655 si
875 2596 1124 2655 volueris
1167 2593 1424 2655 scribere
1469 2605 1756 2675 satyram,
1798 2614 1947 2675 quae
1992 2595 2272 2653 inventio-

225 2702 354 2743 nem
395 2689 421 2721 2
448 2683 701 2741 continet
728 2681 1041 2752 hominum3
1091 2699 1217 2739 nam
1250 2682 1483 2757 satyrici
1515 2681 1622 2739 hoc
1652 2679 1880 2739 habent.
1944 2677 2004 2737 ln
2031 2676 2271 2758 prandia

225 2787 459 2845 regum,
515 2767 622 2827 hoc
668 2777 786 2838 est3
831 2768 888 2824 in
934 2763 1261 2844 tragoedias
1304 2766 1562 2836 Orestis,
1622 2763 1817 2836 Atrei,
1872 2763 2163 2842 Thyestae
2212 2774 2274 2824 et

225 2851 508 2912 Proetiae.
567 2851 716 2912 Nam
759 2850 906 2911 tales
946 2848 1281 2928 tragoediae
1312 2870 1618 2910 coenarum
1651 2850 2099 2909 facinorosamm
2133 2869 2269 2908 con—

226 2940 405 2998 tinent
449 2936 921 3017 descriptionem,
979 2937 1222 3016 qualiter
1272 2936 1494 2996 scilicet
1537 2945 1919 3016 apposuerunt
1967 2933 2266 3016 Thyestae

229 3023 516 3102 ignoranti
547 3022 798 3082 membra
827 3021 923 3080 filii
954 3018 1321 3081 comedenda.

405 3110 509 3171 69.
558 3111 713 3167 Ecce
756 3107 922 3166 modo
967 3108 1182 3165 heroas
1221 3126 1450 3166 sensus.
1521 3104 1724 3165 Adhue
1763 3102 1834 3164 de
1879 3104 2039 3162 malis
2085 3104 2272 3182 poetis

227 3194 506 3274 loquitur,
549 3204 608 3252 et
637 3190 806 3252 dicit:
850 3190 1123 3252 Videmus
1154 3211 1291 3264 eos,
1333 3192 1427 3272 qui
1459 3192 1567 3250 hoc
1596 3201 1807 3249 tantum
1840 3190 2056 3262 sciunt,
2101 3207 2274 3268 grae-

226 3299 329 3338 cas
376 3297 556 3356 nugas
597 3279 793 3338 verbis
837 3295 1216 3357 componere,
1261 3276 1410 3337 velle
1454 3287 1639 3335 tamen
1670 3276 1838 3335 etiam
1866 3276 2049 3334 fortes
2080 3285 2142 3334 et
2169 3294 2274 3332 no-

223 3364 372 3424 biles
404 3383 609 3423 sensus
640 3363 976 3423 carminibus
1008 3382 1260 3441 pangere
1280 3404 1298 3435 ,
1345 3382 1472 3422 cum
1517 3380 1703 3442 neque
1731 3361 1866 3420 vilia
1896 3370 1992 3421 aut
2021 3360 2274 3440 agrestia

225 3450 479 3511 earmina
512 3446 810 3509 didicerint
838 3449 1118 3509 scribere.

399 3538 500 3597 70.
549 3535 677 3593 Nec
710 3553 935 3612 ponere
978 3535 1170 3592 lucum
1218 3532 1482 3608 artifices
1495 3572 1519 3601 ,
1564 3531 1621 3592 id
1650 3545 1771 3606 est,
1800 3531 2002 3591 doctos
2031 3530 2122 3592 vel
2152 3528 2275 3589 ido·

228 3639 392 3680 neos.
453 3622 681 3678 Ponere
723 3616 862 3678 dicit
889 3619 1145 3678 scrihere
1163 3659 1182 3690 ,
1214 3628 1275 3676 ut
1303 3616 1499 3675 Horat.
1523 3620 1587 3681 δε

484 3707 762 3784 Scriptor
789 3706 1139 3764 honoratum
1182 3705 1245 3762 si
1265 3699 1443 3782 sorte
1470 3705 1708 3786 reponis
1740 3703 2059 3765 Achillem.

234 3929 258 3982 1
299 3944 484 3980 versus
512 3943 546 3978 a
571 3930 1061 3996 nemausam
1082 3929 1482 3995 versificatores
1505 3928 1590 3982 ed.
1621 3944 1700 3998 pr.

231 3999 267 4052 2
305 3999 658 4049 invectionem
680 3998 761 4049 ed.
791 4014 873 4066 pr.

236 4067 270 4120 3
312 4064 495 4119 Horat.
521 4065 587 4119 A.
614 4064 673 4119 Ρ.
707 4067 823 4122 120.
