2764 4738
732 405 1000 471 scum..
1028 389 1138 470 'An
1169 406 1341 472 su.
1373 408 1421 483 1,
1450 412 1750 476 εει-95.
2122 408 2255 478 269

201 577 418 679 scripta
459 597 565 638 sna
606 597 822 641 canore
866 580 1025 641 vocis
1064 578 1548 642 commendantem
1564 621 1584 653 ,
1641 599 1754 641 non
1797 576 2073 661 dignitate
2115 603 2246 646 car-

201 684 394 723 minis.
644 686 665 703 ··

375 752 480 812 90.
528 750 786 821 Verum,
830 769 941 810 nee
965 759 1134 810 noete
1154 762 1460 831 paratum.
1523 753 1744 811 Verum
1777 771 1975 812 nomen
2007 772 2113 832 pro
2139 751 2244 816 ad-

200 832 402 893 verbio
448 853 586 893 vere
626 836 846 913 posuit,
894 835 1003 895 boc
1042 847 1134 895 est
1172 856 1286 896 non
1328 837 1640 908 simulate,
1687 847 1748 897 et
1776 836 1886 898 boe
1917 835 2086 899 dicit:
2134 841 2242 913 Qui

200 928 456 978 nostram
487 921 641 997 cupit
669 920 887 980 elicere
917 920 1399 994 misericordiam,
1445 942 1555 982 non
1586 933 1859 982 exerceat
1887 924 2244 984 lamentatio·

87 1065 100 1077 ,
200 1023 333 1065 nem
360 1015 531 1065 noete
554 1016 875 1084 paratam,
909 1007 1322 1085 excogitatam·
1377 1009 1508 1088 quia
1537 1025 1626 1067 me
1669 1026 1782 1066 non
1822 1010 2102 1082 inflectet,
2147 1030 2243 1084 eo,

199 1087 353 1169 quod
381 1091 552 1149 otium
582 1092 733 1149 omni
762 1089 855 1151 die
886 1091 1092 1163 babet,
1133 1103 1195 1152 et
1223 1112 1288 1152 se
1319 1092 1544 1172 plorare
1574 1092 1754 1171 fingit.

374 1178 477 1238 92.
523 1177 649 1235 Sed
682 1177 943 1236 numeris
992 1179 1172 1236 decor
1219 1188 1328 1238 est.
1406 1178 1665 1237 Obiectio
1717 1180 2048 1257 superioris.
2123 1176 2241 1241 Sed

197 1256 367 1331 vide,
397 1261 564 1339 quia,
593 1263 643 1320 si
672 1280 873 1322 versus
903 1262 1219 1363 laevigatus
1250 1265 1357 1334 sit,
1402 1282 1514 1322 non
1543 1281 1649 1341 pro
1678 1263 1850 1323 nibilo
1880 1275 1991 1325 est.
2048 1265 2126 1325 Et
2153 1276 2243 1327 est

197 1343 374 1405 ordo:
419 1346 685 1406 Numeris
715 1346 905 1407 crudis
936 1346 1125 1407 addita
1153 1349 1412 1408 iunctura
1440 1346 1620 1407 decor
1647 1357 1772 1421 est,
1802 1346 1859 1408 id
1888 1359 2013 1422 est,
2043 1351 2241 1411 metris

197 1428 393 1490 addita
435 1432 692 1491 iunctura
734 1432 1006 1493 bonorem
1037 1432 1225 1493 affert.
1285 1432 1443 1513 Ergo
1477 1431 1936 1513 quemadmodum
1967 1439 2243 1497 semicru-

198 1513 307 1575 dus
338 1515 498 1576 cibus
527 1517 749 1576 lacerat
789 1528 1046 1590 mentes,
1091 1520 1176 1578 sic
1219 1528 1280 1577 et
1317 1538 1521 1580 versus
1552 1516 1903 1579 semicrudus
1945 1521 2236 1583 interficit.

201 1600 536 1661 Sareasmos
594 1601 808 1663 obiicit.
885 1601 1003 1663 Sed
1055 1602 1357 1678 videlicet,
1414 1604 1621 1683 inquit,
1678 1613 1876 1684 putant
1926 1625 1993 1666 se
2036 1627 2238 1666 novum

105 1689 109 1693 ’
200 1687 401 1747 facere
440 1684 869 1769 decoremque
853 1690 1141 1750 iuvenisse
1169 1687 1359 1749 crudis
1390 1700 1452 1749 et
1479 1689 1635 1748 duris
1664 1691 1958 1761 sensibus,
2008 1693 2056 1750 si
2086 1713 2242 1752 com-

198 1773 366 1853 positi
409 1773 524 1832 sint
565 1773 752 1854 aliqua
796 1773 1066 1846 lenitate,
1109 1785 1171 1834 et
1210 1776 1398 1834 statim
1443 1775 1695 1853 legitima
1738 1787 1998 1853 poemata
2043 1787 2243 1857 putant

199 1877 267 1918 se
298 1857 587 1930 scribere,
618 1860 667 1918 si
696 1878 897 1920 versus
927 1856 1266 1939 spondeicus
1296 1870 1543 1940 ponunt,
1586 1858 1803 1919 dnobus
1834 1861 2039 1921 ultimis
2069 1883 2241 1945 spon-

197 1940 324 2003 deis
354 1941 780 2016 claudentibus,
811 1955 873 2005 ιιι
900 1945 1255 2024 Virgilius.
1198 1951 1257 1986 ¹·

421 2031 662 2089 Cornua
691 2031 1022 2090 velatarum
1051 2030 1406 2091 obvertimus
1447 2039 1866 2103 antennarum,

199 2123 262 2174 et
287 2111 573 2192 disyllabo
603 2113 858 2194 spondeo
894 2117 1215 2176 terminant.

373 2203 476 2262 93.
528 2201 825 2260 Claudere
853 2203 942 2260 sic
969 2220 1220 2261 versum.
1280 2200 1350 2261 Hi
1369 2274 1372 2281 Ι
1394 2220 1597 2262 versus
1627 2199 1873 2281 exempli
1902 2219 2076 2260 causa
2105 2219 2244 2279 pro-

198 2283 492 2357 ferunturg
563 2305 675 2344 non
716 2296 905 2347 autem
948 2296 1080 2346 sunt
1132 2285 1354 2358 Persii,
1386 2284 1504 2347 <sed
1560 2296 1770 2366 poetae
1827 2286 2024 2345 nescio
2081 2288 2243 2346 cuius

195 2371 644 2449 graecissautis,
717 2374 810 2452 qui
867 2392 992 2433 cum
1050 2391 1208 2432 mare
1267 2371 1660 2444 desedberet,
1727 2374 1807 2433 ita
1865 2369 2009 2430 dixit
2062 2374 2242 2445 An‘n,

199 2456 438 2535 delphin
481 2457 538 2515 in
583 2458 944 2518 extremitate
988 2477 1288 2531 versuum,
1354 2456 1505 2539 quod
1560 2459 1725 2518 buius
1780 2457 1993 2518 saeculi
2034 2469 2242 2537 poetae

198 2541 470 2602 all'eetant
497 2561 724 2602 suorum
753 2544 890 2603 vitia
930 2562 1220 2603 versuum.
1391 2544 1825 2620 Berecyntht'us
1849 2546 2034 2619 Atys.
2108 2541 2241 2602 Non

199 2624 349 2707 qnod
378 2626 529 2706 Atys
560 2625 973 2708 Berecyntbins
1001 2630 1251 2689 carmina
1282 2629 1582 2708 scripserit
1620 2630 1706 2688 sic
1745 2627 2093 2706 composita,
2138 2625 2245 2688 sed

198 2731 405 2771 nomen
446 2713 562 2772 tale
604 2714 846 2792 positum
888 2733 924 2773 a
967 2723 1138 2793 poeta
1181 2714 1278 2772 illo
1325 2715 1382 2773 in
1429 2713 1538 2773 line
1581 2732 1803 2774 versus.
1874 2711 2146 2772 Similiter
2182 2722 2246 2773 et

198 2797 439 2875 delphin
483 2796 630 2858 bene
675 2809 860 2859 sonat.
919 2798 998 2858 Et
1039 2798 1176 2859 dicit
1218 2799 1323 2859 bos
1370 2817 1574 2859 versus
1602 2796 1852 2859 Neronis
1882 2798 1938 2856 in
1968 2797 2112 2858 baec
2141 2817 2243 2857 no-

199 2884 348 2943 mina
377 2880 728 2944 desinentes.

370 2971 475 3031 94.
534 2970 623 3028 Et
676 2969 783 3048 qui
832 2970 1167 3030 caeruleum
1210 2968 1559 3041 amittebat,
1617 2965 1677 3028 id
1731 2978 1860 3041 est,
1916 2967 2243 3046 separabat.

196 3053 488 3112 Arionem
532 3053 670 3115 dicit
713 3055 1136 3127 citharoedum,
1180 3055 1274 3134 qui
1315 3075 1351 3114 a
1396 3055 1596 3134 piratis
1627 3065 1863 3133 captus,
1915 3073 2039 3113 cum
2070 3052 2142 3112 ab
2173 3054 2243 3115 iis

198 3139 612 3218 imperaretur,
655 3149 717 3199 ut
746 3151 1018 3212 caneret,
1061 3139 1355 3219 delphines
1385 3149 1683 3200 venerunt.
1747 3139 1849 3199 Ille
1893 3157 1960 3198 se
2003 3139 2062 3197 in
2092 3157 2246 3199 mare

195 3224 543 3305 proficiens,
586 3225 656 3285 ab
685 3225 756 3285 iis
787 3236 1063 3305 exceptus
1094 3235 1156 3286 et
1183 3222 1255 3284 ad
1287 3225 1418 3284 litus
1448 3222 1752 3305 perductus
1784 3233 1893 3283 est.

373 3312 479 3372 95.
524 3311 631 3369 Sic
659 3320 876 3371 costam
909 3312 1108 3389 longo.
1191 3313 1467 3383 Costam,
1513 3306 1573 3369 id
1600 3319 1694 3369 cst
1723 3308 2018 3390 syllabam.
2086 3305 2248 3369 Sicut

198 3393 378 3454 robur
404 3395 669 3455 carminis
697 3396 929 3456 levitate
959 3397 1299 3457 evitavimus
1329 3396 1577 3474 linguae,
1606 3393 2044 3454 intermiscendo
2072 3412 2247 3473 grae-⁶

199 3499 302 3540 cas
344 3478 598 3559 glosulas
618 3485 699 3562 2„
729 3480 839 3541 bac
887 3483 1057 3541 etiam
1100 3478 1511 3541 consuetudine
1555 3491 1616 3539 et
1658 3477 1995 3559 spondaicos
2041 3498 2245 3539 versus

196 3565 534 3624 tentavimus
565 3566 799 3639 facere,
851 3576 914 3626 et
940 3563 1012 3626 de
1042 3565 1389 3645 longitudine
1420 3565 1587 3625 metri
1616 3564 1832 3624 heroici
1862 3563 2134 3644 syllabam
2164 3565 2246 3624 ita

200 3650 617 3724 subtraximus,
660 3664 923 3731 tanquam
968 3650 1040 3712 de
1089 3648 1436 3731 longitudine
1478 3648 1764 3728 Apennini
1793 3651 1997 3708 montis
2027 3660 2245 3729 partem

199 3736 443 3816 aliquam
490 3733 868 3797 demeremus.
929 3737 1027 3798 Sic
1069 3737 1238 3817 longo
1282 3734 1477 3796 versui
1505 3735 1546 3795 i.
1578 3755 1633 3795 e.
1665 3735 1933 3807 heroico,
1974 3736 2066 3814 qui
2112 3754 2249 3814 pro·

198 3819 370 3882 lixior
413 3830 539 3894 est,
583 3832 840 3895 costam,
882 3821 940 3883 id
984 3832 1074 3884 est
1115 3821 1431 3912 syllabam,
1471 3818 1868 3895 subduximus,
1909 3831 1971 3880 et
2009 3822 2247 3881 fecimus

201 3906 516 3967 molliorem
544 3925 775 3967 versum
807 3906 1277 3981 σπονδαΐζοπα,
1323 3909 1389 3968 ιιι
1416 3916 1508 3967 est
1537 3907 1857 3988 Apennino
1886 3924 1997 3966 una
2025 3904 2247 3989 syllaba

202 4090 231 4147 ι
271 4088 422 4158 virs.
458 4090 592 4147 Aa.
629 4088 721 4160 ιιι,
758 4092 879 4147 54⁹.
1187 4019 1260 4068 u
1544 4092 1582 4149 2
1615 4090 1928 4146 οιωηιιωι
