2764 4738
753 417 1019 480 scum..
1048 416 1155 480 AD
1189 417 1362 480 SAT.
1397 416 1495 492 vl,
1530 421 1825 482 18—22.
2159 412 2288 482 343
2376 424 2387 432 “

428 593 529 653 18.
573 591 889 669 Dis-crepet
925 592 1020 650 leis
1062 592 1258 663 alim,-
1316 586 1372 649 id
1419 599 1543 661 est,
1583 584 1884 649 dissentiat
1920 588 2010 650 bis
2048 588 2220 650 rebus
2251 609 2287 650 a

254 695 374 749 me,
419 677 511 756 qni
540 676 668 735 volo
698 674 1060 736 mediocriter
1087 677 1315 748 vivere,
1357 695 1483 734 cum
1513 675 1659 735 alius
1698 673 1970 753 prodige,
2013 675 2155 735 nlius
2195 685 2287 735 te-

251 763 440 820 nuiter
470 762 638 820 vivat.
821 763 1085 821 Geminos
1113 763 1430 840 horoscope
1459 779 1626 820 varo.
1683 759 1899 820 Sensus
1944 774 2069 822 est:
2119 759 2288 820 Licet

251 846 569 926 horoscope
599 845 703 906 sub
735 867 842 906 une
874 847 1014 906 bora
1042 849 1299 925 geminos
1330 844 1649 925 producas,
1695 843 2055 905 dissimilibus
2097 856 2287 906 tamen

251 932 385 991 fatis
414 943 476 992 et
504 930 880 992 voluntatibus
911 951 1013 992 eos
1044 935 1098 992 in
1128 935 1296 992 vitam
1329 932 1529 991 trabis.
1695 933 2070 1010 Horoscopus
2099 942 2288 991 autem

250 1027 374 1089 est,
406 1018 499 1098 qui
530 1016 700 1076 boras
730 1018 1039 1078 nativitatis
1069 1018 1347 1078 hominum
1378 1016 1726 1097 speculetur.
1892 1018 2058 1076 Varo
2083 1017 2285 1095 genio,

250 1101 309 1162 id
338 1114 430 1163 est
459 1101 716 1162 dissimili
745 1114 805 1163 et
832 1102 1059 1163 diverso
1091 1104 1229 1163 fato.

427 1208 526 1267 19.
573 1205 732 1264 Solis
759 1206 1076 1264 natalibus.
1135 1204 1387 1265 Avarum
1417 1183 1728 1284 significat,
1774 1204 1870 1284 qui
1908 1201 2289 1263 tantummodo

253 1292 309 1348 in
339 1287 537 1349 diebus
569 1289 734 1350 festis
764 1290 958 1350 caules
989 1291 1119 1350 oleo
1150 1301 1350 1352 unctos
1380 1302 1583 1370 putans
1615 1289 1848 1351 delicias
1878 1285 2141 1349 comedit.

422 1394 526 1453 20.
570 1393 776 1452 Mur-ia
807 1390 1012 1451 dicitur
1041 1393 1321 1473 liquamen
1352 1392 1586 1466 malum,
1615 1393 1706 1452 vel
1738 1392 2056 1473 liquaminis
2087 1391 2288 1462 facies,

253 1475 376 1548 vel,
422 1474 569 1556 quod
598 1479 881 1556 proprium
913 1487 1038 1548 est,
1084 1497 1229 1558 aqua
1258 1479 1425 1537 mista
1453 1497 1579 1537 cum
1620 1478 1742 1538 sale
1773 1484 1815 1536 ¹.
1985 1480 2058 1536 In
2103 1477 2290 1535 calice

254 1572 469 1640 empta.
527 1561 795 1622 Miseram
827 1564 1157 1641 parcitatem
1189 1561 1463 1636 ostendit,
1505 1561 1633 1626 dum
1674 1563 1781 1622 sibi
1813 1564 1869 1621 in
1900 1562 2080 1623 calice
2110 1559 2291 1621 medi-

253 1666 378 1707 cum
409 1648 724 1728 liquaminis
754 1649 949 1708 miseri
978 1646 1113 1708 dicit
1143 1667 1528 1728 comparasse.

422 1772 527 1832 21.
569 1770 708 1848 Ipse
748 1789 986 1828 sacrum
1031 1769 1343 1839 irrorans,
1406 1768 1551 1849 quod
1596 1769 1874 1848 parcitate
1920 1761 2025 1826 sua
2067 1785 2291 1827 sacrum

254 1854 561 1914 existimat.
725 1855 836 1914 Hic
867 1855 1016 1913 bona
1047 1855 1236 1912 dente.
1282 1853 1387 1914 Hic
1417 1855 1581 1914 alium
1614 1875 1648 1915 e
1679 1854 1966 1914 contrario
1996 1850 2289 1933 prodigum

255 1940 565 2018 significat,
596 1949 658 2000 et
686 1937 849 1998 dicit:
892 1938 1054 1998 Alius
1083 1957 1225 1998 vero
1256 1959 1291 1998 a
1320 1942 1565 2020 pueritia
1592 1940 1744 2000 bona
1773 1959 1878 1998 sun
1906 1939 2204 1997 consumit.

423 2063 507 2120 22
538 2078 662 2138 sqq.
722 2060 870 2118 Utar
899 2077 1008 2136 ego
1039 2067 1199 2117 utar.
1258 2057 1348 2118 De
1378 2076 1445 2150 se
1476 2059 1584 2118 boc
1613 2068 1782 2138 poeta
1813 2055 1975 2117 dicit.
2020 2069 2150 2117 utar
2179 2076 2290 2135 ego

253 2154 414 2215 utar,
475 2142 529 2203 id
576 2153 668 2204 est
711 2143 1138 2216 mediocritate·
1201 2163 1310 2202 nec
1364 2137 1608 2202 maiores
1644 2149 1671 2183 2
1711 2140 1945 2202 delicias
1991 2143 2290 2202 clientibus

189 2263 192 2266 Δ
254 2230 393 2288 meis
425 2248 736 2307 apponam,
786 2247 892 2288 nec
923 2226 1068 2287 adeo
1111 2228 1167 2287 in
1199 2228 1308 2288 bne
1340 2249 1408 2289 re
1439 2228 1671 2288 callidus
1704 2247 1855 2299 sum,
1898 2238 1961 2286 ut
2003 2226 2292 2287 turdorum

253 2334 493 2394 sapores
538 2312 873 2375 discernam.
960 2311 1276 2374 *Solent
1330 2317 1522 2375 enim
1581 2312 1867 2396 quidam
1911 2315 2132 2393 gulae
2178 2311 2294 2373 de-

257 2399 402 2461 diti
514 2411 774 2460 tantae
860 2399 1332 2460 subtilitatis
1420 2401 1700 2460 babere
1783 2398 2147 2478 palatum,
2219 2410 2293 2458 ut

254 2496 730 2564 cognoscant
772 2483 1032 2545 turdos
1066 2489 1123 2557 ³,
1172 2505 1259 2544 an
1300 2485 1866 2555 cancellarius,
1925 2504 2008 2543 nn
2051 2495 2292 2544 terra-

252 2573 416 2630 rius
480 2572 675 2641 sit⁴,
734 2581 807 2630 et
849 2571 911 2629 si
969 2571 1341 2629 masculus
1397 2572 1528 2643 sit,
1602 2589 1686 2629 an
1743 2569 2089 2642 femina3*
2148 2588 2292 2649 quos

254 2656 409 2715 velut
450 2657 657 2734 peritia
700 2656 958 2733 procacis
1000 2656 1205 2732 gulae,
1248 2656 1388 2714 fecit
1416 2657 1471 2714 in
1503 2657 1609 2714 hac
1640 2673 1706 2714 re
1737 2663 2003 2714 attentos.
2060 2654 2092 2687 ’⁸‘
2116 2655 2214 2713 Tu
2229 2675 2293 2714 r-

256 2742 520 2799 dorum
564 2740 877 2799 abusive
921 2739 1202 2818 posuit,
1246 2759 1399 2800 cum
1431 2742 1879 2800 turdorum*
1908 2736 2103 2799 dicere
2132 2734 2294 2801 *de-

254 2825 502 2886 buerit
538 2828 592 2896 ὅ,
654 2835 730 2885 ut
773 2825 1461 2904 Horatins⁶ponit=

426 2913 625 2971 Pcne
666 2929 997 2982 macros,
1058 2913 1308 2984 arsit,
1372 2912 1536 2970 dum
1596 2910 1867 2969 turdos
1908 2921 2183 2970 versat
2218 2911 2293 2970 in

1634 2993 1878 3073 ignom*

256 3082 544 3141 Rhombus
574 3090 761 3141 autem
790 3100 972 3161 genus
1000 3091 1093 3142 cst
1121 3083 1297 3163 piscis
1315 3125 1333 3155 ,
1363 3082 1460 3162 qni
1490 3102 1599 3141 non
1629 3081 1863 3161 privatis
1882 3121 1901 3151 ‚
1934 3077 2039 3140 sed
2067 3076 2293 3138 divitum

258 3169 467 3228 mensis
498 3168 754 3227 inservit.

258 3354 285 3407 1
324 3353 610 3421 Pspinsz,
619 3352 856 3416 ‚Muria,
905 3353 1233 3417 crassitudo,
1282 3368 1417 3419 aqun
1451 3352 1629 3415 salse,
1680 3358 1734 3402 et
1781 3366 1872 3419 pro
1917 3350 2196 3417 liqusmine
2233 3350 2295 3400 de

326 3424 528 3473 nominc
561 3423 721 3473 meris
757 3422 966 3473 dicitur.
1021 3421 1233 3489 Proprie
1269 3431 1439 3473 nutem
1475 3437 1609 3488 nqun
1644 3420 1755 3471 sale
1790 3420 2094 3485 commixta,
2148 3418 2295 3486 qussi

324 3484 1880 3558 muris-“Gloss.11.Stcpb.p.141.‚,Mm·i‘a‚‹‘ihny.“

253 3561 290 3616 2
323 3564 559 3612 minores
594 3560 676 3610 ed.
719 3574 829 3626 pr„
867 3560 997 3625 quod
1032 3565 1206 3626 sptnm
1242 3527 1415 3611 videri,
1445 3566 1644 3627 potest,
1682 3560 1729 3611 si
1764 3558 1972 3624 legetur
1992 3556 2292 3620 scombros,-

326 3637 451 3680 tnnc
487 3629 671 3679 lautus
706 3628 901 3679 ironice
936 3628 1309 3696 accipiendum.

257 3698 289 3751 3
330 3697 524 3749 turdus
557 3696 838 3747 Lindcnbr.

256 3769 291 3819 4
324 3782 396 3817 an
430 3768 743 3827 acinarius,
780 3780 854 3815 on
888 3766 1131 3815 vivarius
1164 3769 1243 3816 sit
1275 3764 1344 3815 sl.
1387 3763 1538 3815 codd.

257 3838 288 3888 5
325 3835 407 3887 Cf.
445 3833 701 3887 Vsrronis
737 3835 773 3884 Ι.
814 3833 869 3883 ἰιι
904 3847 1026 3890 nnn.
1058 3834 1204 3885 critt.
1230 3834 1269 3885 1.
1324 3833 1547 3900 Pspissz
1602 3830 1867 3895 „Tm-dae
1909 3846 2036 3883 sves
2069 3845 2101 3882 ι
2134 3830 2297 3882 tardi-

324 3911 434 3954 tnte
471 3904 672 3965 dictae,
725 3903 925 3971 hyemis
970 3903 1102 3954 enim
1140 3902 1360 3954 confinio
1397 3918 1456 3954 se
1492 3899 1782 3962 referuntf
1860 3900 2088 3952 cl.1sid.
2128 3899 2294 3964 origg.

324 3971 445 4034 Xll,
484 3972 550 4025 ⁷:
607 4008 645 4037 ,‚
630 3939 866 4037 ‚⁹1’urdi,
916 3985 948 4022 ι
984 3972 1235 4024 tarditate
1271 3971 1431 4037 dicti,
1478 3970 1662 4022 hiemis
1702 3970 1840 4023 enim
1872 3970 2089 4023 confinio
2123 3985 2181 4022 se
2217 3985 2300 4021 re-

327 4041 567 4092 scruutst‘

259 4110 292 4162 s
329 4109 453 4162 nor.
491 4117 596 4161 m.
635 4108 677 4175 1,
718 4109 770 4175 5,
807 4108 895 4161 72.
