2764 4738
874 415 1618 480 PuoLEGOMENA.
2149 439 2267 483 cer

203 608 377 652 saec.
410 581 545 650 xl!
577 595 742 650 totus
771 582 1028 650 Persius
1061 586 1402 672 descriptus
1433 596 1531 652 est
1545 583 1788 668 (Me).
1836 584 2063 652 Habuit
2093 586 2268 652 buius
2405 648 2408 651 ,

205 689 345 753 eod.
380 710 492 752 vv.
526 688 592 751 ll.
627 685 965 753 Passovius
997 691 1088 771 (v.
1125 711 1180 772 p.
1215 684 1337 751 Vll
1366 688 1518 774 sq.).

380 786 544 852 Cod.
582 788 942 854 chartaceus
974 811 1036 854 u.
1066 788 1196 855 260
1224 788 1335 870 (M
1362 788 1499 874 5.),
1545 794 1742 855 forma
1771 790 2032 853 maxima
2054 834 2072 865 ,
2122 809 2267 857 cou-
2290 796 2352 847 Μ
2375 798 2423 847 5.

205 891 364 956 tinet
404 888 763 955 Iuvenalem
806 902 872 956 et
911 888 1232 968 Persium,
1282 891 1441 957 bene
1487 893 1771 978 scriptos.
1837 887 1908 953 ln
1943 892 2059 954 liue
2092 885 2268 953 Iuve-

204 993 365 1055 nalis
412 993 702 1076 scriptum
749 1003 881 1057 est:
943 990 1133 1056 1470.
1178 992 1355 1056 Laus
1401 994 1540 1058 deo.
1598 995 1827 1080 vigilia
1879 992 2153 1077 symonis
2204 998 2270 1053 et

203 1093 418 1156 iudae.
472 1092 759 1158 Paduae.
826 1092 901 1158 In
932 1096 1052 1159 line
1081 1093 1288 1160 Persii
1316 1095 1575 1180 legitur:
1634 1097 1868 1162 Τελωσ

1557 1189 1676 1280 22·
1717 1203 1788 1272 ὃ.
1823 1205 1918 1269 m.
1956 1202 2012 1271 Ω

1464 1299 1813 1366 Antonius.
1851 1295 2174 1381 Ruedogffi

206 1395 519 1464 Collatum
549 1398 671 1462 iam
703 1398 910 1465 babuit
936 1396 1296 1466 Passovius.

381 1498 546 1565 Cod.
594 1522 660 1565 n.
708 1499 834 1565 526
876 1500 990 1587 (Μ
1008 1500 1149 1579 6.),
1224 1502 1617 1581 chartaceus,
1692 1504 1889 1566 forma
1942 1502 2420 1586 quadrata,Mo.

207 1603 494 1667 eontinet
532 1600 815 1668 Persium
861 1613 922 1667 et
959 1602 1210 1669 scholia.
1260 1601 1333 1666 Iu
1363 1604 1483 1668 fine
1513 1604 1802 1690 scriptum
1834 1616 1969 1669 esta
2030 1602 2279 1687 Scripsi

206 1703 649 1768 Burmannus
691 1703 964 1771 Schedel
1001 1704 1078 1769 de
1120 1704 1565 1789 Nuremberga
1607 1727 1696 1769 ex
1734 1708 2063 1770 veterrimo
2110 1705 2271 1771 libro

208 1805 507 1869 coenobii
530 1805 603 1870 S.
646 1805 937 1873 Udalre‘ci
957 1807 1326 1891 Augustae.
1389 1805 1585 1872 Anno
1618 1804 1788 1872 1470
1817 1805 1917 1870 die
1945 1806 1986 1872 9
2013 1807 2266 1871 Marcii.

205 1906 389 1971 Laus
433 1907 597 1971 Deo.
673 1905 766 1971 Ita
809 1920 979 1973 recte
1025 1908 1270 1973 tradidit
1311 1905 1757 1973 Passovius
1806 1910 1890 1991 (p.
1928 1905 2124 1989 Vll),
2172 1908 2271 1991 qui

207 2010 500 2072 collatum
563 2029 699 2074 eum
755 2008 996 2089 habuit,
1055 2022 1120 2075 et
1173 2010 1427 2088 nescio,
1490 2010 1633 2094 quid
1692 2009 1987 2075 acciderit
2047 2006 2126 2074 C.
2182 2008 2267 2072 E.

206 2105 605 2189 Krausio,
663 2111 764 2195 qui
822 2111 885 2174 iu
945 2112 1194 2176 dissert.
1257 2114 1332 2177 de
1390 2111 1479 2176 A.
1539 2110 1737 2176 Persii
1798 2108 2007 2175 Flacci
2065 2110 2270 2176 satiris

207 2210 421 2290 (Gau.
463 2210 630 2277 1830
659 2236 715 2299 p.
744 2209 859 2296 20)
893 2215 1247 2292 contendit,
1296 2235 1540 2279 errasse
1583 2211 1985 2290 Passovium‚
2035 2223 2098 2277 et
2127 2212 2266 2276 cod.

208 2315 581 2399 descriptum
639 2335 779 2382 esse
842 2316 917 2381 ad
975 2316 1295 2403 exemplar
1351 2313 1623 2383 Udalrici
1677 2309 1960 2382 Venetiis
2018 2314 2264 2380 editum.

209 2416 346 2483 Hos
377 2418 563 2482 codd.
600 2418 832 2483 contuli
862 2439 922 2483 a.
961 2417 1150 2484 1834.

380 2534 542 2601 Cod.
604 2539 767 2624 sign.
827 2518 917 2639 Ῑῖ,
964 2536 1029 2599 iu
1074 2538 1181 2601 sol.
1231 2535 1268 2601 1
1313 2520 1559 2602 lib‘SE·
1592 2536 1978 2601 Emmerami
2000 2536 2108 2619 (M
2136 2534 2265 2618 7.)‚
2291 2554 2425 2609 1117.

210 2655 547 2719 membran.
568 2699 587 2732 ‚
638 2656 833 2719 forma
863 2654 1189 2739 quadrata,
1238 2675 1404 2720 saec.
1437 2653 1560 2719 XI.
1609 2654 1787 2720 Hunc
1819 2655 2089 2720 codicem
2123 2674 2272 2720 euu-

211 2760 351 2823 dem
400 2776 539 2821 esse
582 2757 895 2842 suspicor,
948 2758 1023 2821 de
1076 2777 1193 2839 quo
1249 2755 1644 2823 Krausius
1701 2759 1776 2839 (l.
1812 2757 1855 2821 l.
1891 2779 1950 2842 p.
1987 2753 2069 2821 16
2099 2760 2269 2839 sqq.)

211 2861 366 2925 baec
408 2859 622 2923 affert:
673 2855 1024 2935 „Continet
1068 2860 1248 2923 etiam
1297 2859 1606 2924 Horatii
1647 2859 1916 2925 carmina
1947 2868 2009 2922 et
2037 2878 2270 2922 sermo-

213 2982 327 3025 nes
348 3009 368 3039 ,
416 2962 757 3044 fragmenta
801 2961 1088 3045 quaedam
1136 2973 1200 3027 et
1228 2962 1496 3027 libellum
1527 2963 1828 3045 integrum
1862 2960 1937 3024 de
1969 2960 2268 3025 divisione

211 3064 397 3127 unius
440 3063 572 3127 sive
614 3061 770 3126 assis
815 3063 949 3127 siue
996 3062 1176 3127 dubio
1221 3064 1539 3149 scriptoris
1583 3064 1852 3142 veteris,
1914 3083 2270 3146 quamquam

210 3165 477 3249 proximi
508 3161 816 3229 Martiano
849 3161 1136 3248 Capellae
1156 3209 1176 3242 ,
1227 3175 1294 3228 ut
1322 3166 1518 3251 stylus
1548 3165 1772 3249 arguit.
1834 3163 1952 3228 Hic
1991 3164 2144 3228 liber
2170 3165 2269 3228 lit·

211 3278 411 3331 teram
452 3266 496 3330 Ιι
542 3287 664 3329 nou
710 3266 957 3344 scribit,
984 3267 1114 3331 sed
1161 3267 1292 3330 eius
1322 3268 1458 3330 loco
1490 3267 1762 3352 spiritum
1794 3287 2075 3353 asperum
2110 3266 2270 3332 auti-

214 3391 395 3451 quum
429 3367 840 3458 (1-)ponitv.
876 3390 933 3433 c.
979 3365 1160 3458 l-abet
1202 3388 1313 3452 pro
1357 3367 1586 3444 habet,
1630 3367 1890 3459 l-ederae
1931 3390 2042 3454 pro
2082 3366 2268 3432 laede-

212 3491 365 3546 rem,
416 3470 603 3534 utitur
632 3471 813 3534 etiam
845 3470 1069 3534 notulis
1098 3470 1216 3534 illis
1248 3471 1596 3535 criticorum
1638 3481 1792 3536 vett.
1816 3516 1835 3548 ,
1882 3491 2030 3553 quas
2073 3468 2267 3534 Isido-

213 3592 320 3636 rus
351 3569 735 3656 Hispalensis
767 3570 980 3656 (Orig.
1012 3567 1068 3650 l,
1107 3570 1172 3655 1)
1203 3571 1380 3636 nobis
1413 3573 1827 3637 conservavit.
1886 3569 1957 3636 lu
1989 3571 2265 3654 margine

215 3675 458 3757 glossae
530 3673 966 3752 inveniuntur,
1039 3685 1102 3736 et
1153 3674 1218 3737 iu
1275 3672 1579 3738 schedulis
1637 3674 1941 3739 nonnullis
2011 3673 2267 3739 adiectis

215 3776 554 3859 stragmenta
609 3776 772 3840 illius
833 3776 1289 3854 commentarii,
1367 3777 1467 3858 qui
1522 3775 1708 3860 vulgo
1768 3774 2161 3854 Cornuto,
2227 3795 2268 3839 a

218 3889 431 3942 nostro
463 3878 676 3942 codice
708 3876 1044 3943 Valerio
1087 3875 1339 3942 Probo
1382 3880 1774 3961 grammatico
1821 3878 2142 3957 tribuitur,
2187 3876 2264 3942 ab

216 3980 330 4044 alia
376 4001 563 4044 manu
602 3979 912 4064 scripta.“
985 3977 1119 4046 Hac
1165 3980 1241 4045 de
1283 3999 1355 4045 re
1395 4001 1492 4045 me
1533 3979 1677 4044 nibil
1705 3980 2048 4046 accuratius
2076 3979 2262 4056 seire,

220 4082 417 4146 doleo.
