2764 4738
887 407 1055 471 SAT.
1087 409 1160 483 V,
1196 415 1315 474 135
1335 442 1416 457 -
1440 415 1583 474 140.
2095 404 2224 474 203

170 576 449 651 Heind.),
492 599 639 660 quae
661 579 793 640 Ceis
841 600 1063 661 quoque
1107 580 1352 641 vindicat
1382 578 1698 641 Brondsted
1733 586 1888 660 (voy.
1920 590 1980 639 et
2009 581 2169 640 reeb.
2197 580 2225 641 1

166 686 225 743 p.
271 670 365 727 83
393 675 525 744 up).
590 668 771 745 Piper
812 665 1058 727 Indicum
1106 673 1235 741 (55)
1283 688 1359 727 ex
1398 666 1556 726 India
1600 667 1831 726 camelis
1876 668 2222 745 potissimum

168 750 583 810 Alexandriam
643 753 1041 830 asportabatur
1100 753 1266 826 (Ptin.
1324 753 1422 824 VI,
1476 756 1581 824 23,
1622 757 1725 816 26.
1780 753 1856 812 cf.
1904 752 2220 825 Hililmann,

171 836 634 914 Handeisgescb.
681 836 737 895 d.
783 837 1012 897 Griecb.
1045 859 1100 917 p.
1143 842 1269 900 217
1300 845 1473 918 sqq.),
1520 837 1649 897 inde
1693 837 1944 896 Romam.
2003 835 2223 898 Noster

165 923 353 1000 igitur
380 942 584 981 reeens
606 924 818 1001 piper,
851 921 999 1002 quod
1030 922 1191 982 modo
1223 935 1575 1002 asportatum
1606 936 1731 994 est,
1755 925 1987 1002 primus
2019 923 2222 981 tollere

165 1008 423 1077 iubetur,
456 1027 566 1087 qno
595 1010 772 1067 maius
803 1009 1016 1068 lucrum
1047 1008 1276 1081 babeat,
1306 1010 1384 1069 cs.
1410 1010 1590 1068 Lucil.
1609 1010 1775 1087 frgm.
1807 1009 1967 1079 v‚3:
2016 1006 2222 1078 „Sicut

165 1113 300 1151 cum
346 1093 488 1152 licus
531 1095 743 1171 primus
792 1095 1027 1173 propola
1079 1105 1347 1153 recentes
1390 1094 1630 1153 Protulit
1672 1106 1733 1154 et
1775 1096 1959 1172 pretio
2003 1094 2221 1171 ingenti

165 1176 269 1238 dat
318 1179 566 1257 primitu'
605 1197 817 1257 paucos
851 1189 949 1252 (cx
980 1179 1023 1239 Ι.
1061 1178 1340 1257 Scaliger-i
1371 1178 1638 1253 emend.).
1716 1180 1986 1238 Cametas
2017 1178 2221 1239 dicitur

162 1266 407 1336 sinens,
443 1267 573 1344 quia
602 1263 696 1323 diu
727 1267 874 1323 sitim
904 1265 1154 1324 tolerare
1185 1276 1375 1344 potest
1412 1266 1578 1339 (Plin.
1611 1265 1819 1335 XVIII,
1857 1270 1980 1337 18).
2035 1268 2221 1325 Verte

165 1351 445 1428 aliquid,
490 1361 552 1408 ut
595 1361 813 1409 mutare
858 1357 932 1424 (v.
967 1355 1072 1422 54)
1107 1349 1177 1410 de
1207 1362 1565 1422 mercatura,
1613 1350 1792 1411 Plaut.
1826 1350 1992 1411 Cure.
2024 1350 2126 1423 lv,
2161 1356 2218 1424 1,

164 1440 251 1497 23
287 1436 362 1494 ci.
398 1435 573 1494 Gron.
605 1434 675 1495 de
710 1456 838 1515 pec.
875 1448 1018 1496 vett.
1054 1436 1152 1507 IV,
1190 1441 1305 1510 143
1356 1435 1503 1517 quod
1547 1447 1730 1496 tamen
1774 1447 1901 1514 post
1929 1455 2031 1508 ea,
2073 1455 2218 1516 quae

167 1519 565 1598 praecedunt,
612 1521 773 1581 valde
818 1523 1076 1600 frigeret.
1144 1521 1415 1582 Fortasse
1456 1523 1628 1601 igitur
1670 1533 1901 1581 vertere
1946 1520 2087 1580 dixit
2114 1542 2219 1602 pro

168 1627 487 1666 versuram
502 1606 753 1685 facere,
788 1606 937 1687 quod
968 1620 1091 1678 est,
1125 1618 1274 1666 teste
1306 1608 1349 1666 F
1354 1619 1514 1679 este,
1546 1619 1788 1666 mutuam
1821 1609 2114 1686 pecuniam
2146 1608 2218 1668 ab

168 1694 364 1772 aliquo
396 1712 625 1752 sumere
668 1695 770 1764 (cf.
803 1696 976 1771 intpp.
1008 1692 1079 1752 ad
1112 1693 1248 1752 Ter.
1283 1693 1507 1753 Phorm.
1539 1694 1612 1765 V,
1645 1698 1705 1763 2,
1742 1699 1879 1767 15);
1923 1703 2035 1751 tum
2068 1691 2218 1773 quod

169 1778 330 1836 addit
374 1781 513 1836 iura
556 1779 726 1837 facile
768 1779 1133 1856 inteliigitur‚
1179 1798 1265 1839 sc.
1317 1791 1374 1839 te
1423 1800 1535 1838 non
1566 1781 1863 1858 accepisse
1893 1781 2212 1857 pecuniam.

166 1863 356 1922 Nemo
406 1865 625 1935 nescit,
685 1875 1036 1943 quantopere
1087 1865 1141 1922 in
1187 1866 1426 1924 foenore
1486 1866 1833 1944 potissimum
1889 1862 2217 1924 exercendo

167 1950 316 2009 fides
347 1950 613 2008 violetur.
672 1950 938 2008 Ceterum
970 1969 1276 2009 versuram
1299 1948 1522 2027 facere
1539 1992 1560 2020 ,
1594 1960 1656 2008 ut
1683 1949 1945 2009 Donatus
1976 1948 2048 2008 ad
2076 1950 2214 2010 Ter.

168 2035 205 2094 1.
239 2035 276 2093 Ι.
314 2036 430 2104 ait,
472 2032 678 2092 dicitur
708 2037 908 2106 etiam,
954 2055 1078 2094 cum
1121 2037 1335 2094 minore
1370 2037 1607 2094 foenore
1639 2047 1929 2114 acceptam
1960 2037 2083 2116 quis
2115 2055 2219 2114 pe-

165 2122 394 2178 cuniam
430 2121 641 2179 maiore
688 2132 949 2198 occupat.
1017 2123 1140 2179 Sed
1177 2123 1453 2198 luppiter
1468 2166 1490 2193 ,
1538 2122 1629 2200 qui
1662 2123 2006 2199 peierantem
2039 2123 2217 2200 punit,

165 2207 416 2264 undeet!
461 2207 624 2264 Varo
662 2207 782 2264 sive
814 2207 959 2265 baro
979 2250 997 2276 ,
1030 2218 1094 2264 ut
1123 2225 1155 2264 e
1188 2207 1329 2264 locis
1360 2207 1417 2264 in
1449 2226 1578 2265 ann.
1611 2208 1738 2266 crit.
1772 2204 2011 2265 laudatis
2043 2227 2217 2284 appa-

166 2303 295 2362 ret,
341 2289 569 2348 stultum
617 2292 929 2368 significat3
991 2290 1061 2350 de
1105 2310 1247 2350 voce
1288 2293 1619 2372 ceteroquin
1663 2292 1905 2351 obscura
1950 2293 2040 2374 qui
2086 2291 2214 2351 VV.

164 2378 300 2437 DD.
352 2379 668 2436 sententias
714 2398 1069 2456 cognoscere
1113 2379 1300 2447 volet,
1349 2377 1520 2436 adeat
1558 2389 1790 2457 praeter
1828 2380 2004 2456 intpp.
2052 2379 2109 2437 ΙΙ.
2155 2378 2214 2439 11.

163 2464 381 2522 Aiciat.
417 2482 643 2539 parerg.
677 2464 782 2522 iur.
816 2463 887 2533 V,
924 2467 1025 2525 16.
1079 2463 1367 2522 pithoeum
1403 2462 1564 2523 advv.
1589 2463 1659 2534 11,
1678 2468 1736 2525 8.
1769 2462 2018 2523 Turneb.
2050 2462 2215 2524 advv.

165 2548 269 2618 lx,
304 2553 371 2609 2.
408 2547 540 2619 XX,
578 2553 631 2609 1.
665 2548 837 2606 Voss.
871 2549 1061 2628 Etym.
1096 2569 1143 2606 s.
1177 2569 1231 2607 v.
1278 2548 1544 2627 Rutgers.
1580 2549 1734 2608 lectt.
1768 2549 1988 2609 Venus.
2024 2569 2076 2608 e.
2110 2554 2213 2612 23.

164 2635 462 2704 Ballborn‚
494 2643 629 2691 actt.
663 2653 783 2693 soc.
818 2634 944 2692 Lat.
976 2633 1095 2693 len.
1120 2633 1214 2712 lp.
1232 2639 1375 2697 203.
1410 2633 1737 2704 Doderlein,
1759 2634 1884 2692 Lat.
1903 2633 2115 2711 Synon.
2134 2634 2216 2693 lv

164 2741 220 2798 p.
251 2723 407 2782 226.
466 2721 733 2796 Perages
772 2739 855 2777 sc.
905 2722 1105 2789 vitam,
1151 2731 1213 2778 ut
1257 2719 1602 2779 Graecorum
1638 2715 1865 2797 διάγειν
1895 2720 2214 2792 (Demosth.

164 2826 217 2863 c.
250 2806 512 2881 Aristog.
546 2801 570 2860 l
602 2806 634 2882 ξ
665 2807 746 2865 82
779 2825 831 2882 p.
865 2809 1009 2867 794.
1042 2805 1192 2864 Xen.
1225 2805 1364 2883 Cyr.
1401 2804 1445 2877 Ι,
1477 2809 1537 2876 4,
1569 2809 1665 2866 14.
1699 2804 1943 2863 Theocr.
1976 2806 2075 2877 XI,
2109 2809 2211 2869 81.

162 2891 355 2968 Long.
392 2900 542 2968 past.
579 2888 657 2948 111
687 2910 740 2966 p.
775 2894 855 2951 88
887 2891 1044 2963 vm.)
1066 2934 1082 2960 ,
1115 2901 1420 2949 contentus
1448 2890 1753 2948 terebrare
1781 2891 2069 2963 salinum,
2104 2911 2215 2970 quo

165 2975 450 3034 Graecum
497 2976 853 3051 proverbium
899 2972 1072 3033 ἁλίαν
1129 2977 1361 3056 τρυπᾶν
1407 2976 1702 3054 exprimit,
1758 2974 1904 3053 apud
1947 2977 2213 3054 Aponon.

163 3061 351 3138 Tyan.
405 3080 534 3138 epp.
579 3060 716 3119 vus
758 3055 933 3137 Ἐμοὶ
976 3058 1042 3118 δὲ
1087 3058 1178 3133 εἴη
1206 3055 1313 3133 τὴν
1363 3056 1537 3118 ἁλίαν
1568 3061 1801 3141 τρυπᾶν
1843 3057 1906 3118 ἐν
1956 3060 2217 3138 Θέμιδος

167 3145 319 3224 οἴκῳ
339 3191 363 3217 ‚
416 3143 563 3225 quod
597 3166 718 3203 cum
752 3157 947 3203 nostro
979 3145 1106 3204 loco
1138 3147 1394 3203 certatim
1428 3156 1864 3224 composuerunt
1893 3145 2020 3206 VV.
2052 3147 2215 3218 DD.‚

167 3233 243 3289 cf.
264 3232 331 3289 1..
371 3232 484 3289 Bos
512 3228 827 3289 animadvv.
864 3251 922 3310 p.
944 3235 1026 3292 43
1045 3252 1129 3310 sq.
1162 3230 1379 3289 vineis.
1415 3230 1484 3288 ad
1516 3230 1698 3308 Long.
1718 3251 1771 3308 p.
1791 3235 1935 3293 209.
1970 3232 2215 3305 Becker,

167 3316 684 3392 Charicl.1p.448.
719 3316 1038 3374 Hemsterh.
1074 3326 1219 3388 (not.
1241 3315 1309 3373 ad
1330 3315 1520 3374 lambi.
1541 3314 1631 3374 ed.
1651 3336 1682 3374 a
1700 3316 1896 3376 Geelio
1928 3317 2213 3377 Zeitscbr.

166 3404 206 3460 f.
252 3404 563 3461 Alterthw.
617 3405 780 3462 1840
811 3422 864 3478 p.
905 3405 1028 3472 17).
1102 3402 1372 3460 Sale'num
1421 3404 1604 3459 tenuis
1649 3413 1708 3459 et
1753 3403 1986 3480 frugalis
2030 3404 2214 3462 victus

168 3490 489 3565 proprium,
521 3497 892 3563 regustatum
916 3531 934 3556 ,
980 3488 1180 3545 iterum
1213 3488 1528 3566 iterumque
1561 3497 1832 3545 tentatum
1852 3531 1869 3558 ,
1914 3490 2098 3565 dae'gt’to
2127 3499 2215 3547 te-

167 3574 421 3631 rebrare
467 3573 856 3651 pauperrimus
905 3581 1113 3630 tantum
1145 3573 1387 3649 cogitur.
1451 3574 1526 3630 Si
1567 3573 1796 3643 tendis,
1830 3584 1890 3630 ut
1920 3571 2215 3633 intendere

166 3657 264 3736 (11,
296 3660 447 3735 49),
481 3657 711 3715 studere
742 3658 819 3715 cf.
855 3657 987 3715 flor.
1022 3676 1154 3735 epp.
1189 3657 1257 3727 11,
1289 3661 1348 3728 2,
1385 3662 1486 3719 57.
1518 3656 1635 3715 Iuv.
1666 3657 1742 3728 X,
1776 3662 1888 3729 54,
1920 3679 2046 3717 cum
2076 3662 2215 3717 Iove

167 3747 406 3814 uivere,
471 3744 551 3801 ita
595 3753 658 3800 ut
701 3743 881 3800 facias
927 3741 1074 3821 quod
1121 3743 1296 3801 iubet.
1376 3742 1479 3801 His
1526 3740 1697 3820 igitur
1741 3741 2214 3803 admonitionibus

165 3829 431 3888 effectum
465 3838 574 3897 est,
605 3837 665 3884 nt
695 3829 1108 3905 navigationem
1142 3847 1331 3906 pares.
1367 3830 1493 3885 Iam
1523 3830 1646 3905 ipse
1676 3830 2030 3901 succinctus,
2064 3829 2216 3909 quod

167 3916 364 3972 facere
412 3913 675 3971 solebant
719 3913 811 3990 qui
856 3933 920 3972 se
963 3915 1123 3990 operi
1155 3914 1321 3972 alicui
1354 3911 1764 3991 expediebant,
1810 3915 1886 3972 cf.
1920 3914 2059 3973 Hor.
2097 3926 2210 3976 sat.

166 3999 232 4069 11,
266 4003 325 4069 6,
365 4002 505 4060 107.
537 3997 707 4055 Mart.
739 3997 867 4067 xil,
897 4002 1002 4069 24,
1035 4003 1093 4068 7,
1117 4000 1328 4076 pueris
1350 4041 1367 4068 ,
1403 4000 1617 4070 servis,
1650 4001 1743 4078 qui
1776 4010 1832 4057 te
1865 4000 2213 4059 comitabun-

167 4094 272 4155 tur,
305 4095 485 4168 aptas
511 4083 765 4161 pellem,
800 4103 908 4162 qua
938 4085 1215 4143 sarcinam
1248 4083 1549 4143 involutam
1580 4095 1808 4163 portent
1839 4085 1940 4158 (cs.
1976 4085 2210 4146 Petron.
