2764 4738
418 422 548 490 332
879 424 1142 488 SCHOL.
1170 425 1278 488 AD
1311 425 1481 488 SAT.
1506 424 1581 501 V,
1615 430 1737 491 102
1759 458 1834 474 -
1857 429 1998 491 112.

595 600 733 661 102.
777 597 1003 657 Navem
1030 598 1093 658 si
1105 608 1335 677 poscat.
1367 596 1491 657 Hoc
1522 595 1683 676 dicitg
1718 596 1781 658 Si
1808 598 1946 659 velit
1972 597 2221 657 rusticus
2250 616 2451 658 navem

417 683 774 763 gubernare,
819 702 945 742 cum
976 702 1082 743 nec
1114 684 1297 755 freta,
1339 702 1448 743 nec
1479 681 1723 743 siderum
1753 686 2028 743 rationem
2059 685 2315 754 noverit,
2345 702 2454 743 ex-

417 771 625 831 clamet
651 768 949 828 Melicerta
980 768 1182 828 nullum
1214 789 1349 829 esse
1396 766 1824 849 *pudoremg
1880 770 2220 849 templum
2265 771 2452 828 enim

418 853 734 937 pudoris
777 864 893 913 est
939 854 1219 913 frona*

597 943 736 1002 103.
781 940 1160 1018 Melicertes,
1205 935 1346 998 deus
1388 940 1668 1010 marinus,
1712 938 1844 999 Inus
1886 940 2067 1011 filius,
2118 939 2177 997 in
2220 935 2452 997 deorum

419 1045 708 1085 numerum
749 1025 962 1085 relatus
984 1066 1003 1096 ,
1048 1025 1160 1105 qui·
1186 1023 1411 1085 Graece
1450 1023 1824 1103 Παλαίμων,
1870 1024 2075 1085 Latine
2117 1024 2454 1083 portumnus

420 1110 644 1172 dicitur.
911 1163 916 1168 .

600 1199 739 1257 104.
787 1194 921 1251 Tibi
941 1204 1103 1254 recto
1135 1195 1329 1253 vivere
1361 1195 1499 1254 talo.
1567 1195 1705 1253 Tali
1727 1204 1857 1253 sunt
1886 1191 2020 1254 dicti
2050 1214 2086 1254 a
2112 1194 2250 1254 tolo.
2307 1192 2455 1253 Nam

422 1281 572 1340 tolus
604 1289 696 1339 est
724 1280 977 1338 eminens
1008 1278 1357 1352 rotu'nditas,
1398 1278 1547 1339 unde
1587 1291 1647 1339 et
1694 1281 1976 1359 fastigium
2008 1281 2200 1359 templi
2230 1276 2457 1338 rotundi

421 1367 571 1424 tolus
612 1374 848 1424 vocatur
871 1370 918 1424 ¹.
993 1363 1164 1425 Licet
1207 1366 1427 1443 possint
1472 1364 1800 1443 simpliciter
1842 1363 1915 1424 ad
1959 1367 2263 1425 Cornutum
2306 1363 2457 1425 dicta

419 1451 688 1528 intelligi,
748 1450 1047 1510 manifeste
1105 1460 1295 1509 tamen
1351 1448 1679 1533 εἰρωνικῶς
1734 1448 1805 1510 ad
1861 1451 2012 1510 illum
2062 1448 2233 1523 dicit,
2291 1470 2457 1531 quem

425 1537 692 1614 castigat.
2113 1554 2117 1557 ’

598 1624 739 1684 105.
782 1621 911 1679 Ars
952 1620 1150 1690 dedite,
1196 1618 1452 1679 doctrina
1492 1620 1645 1681 vitae
1688 1632 1903 1681 rectum
1945 1623 2223 1681 tramitem
2249 1618 2460 1680 -decla-

426 1708 589 1766 ravit.
762 1707 847 1764 Ee
874 1706 1005 1763 veri
1024 1706 1292 1782 speciem.
1339 1704 1425 1764 Ita
1455 1704 1692 1766 callidus
1741 1711 1826 1766 es*
1852 1705 2269 1766 similitudinem
2308 1708 2461 1765 veri-

420 1794 556 1852 tatis
587 1809 941 1870 agnoscere,
985 1799 1047 1849 ut
1089 1810 1191 1850 aes
1230 1790 1551 1851 obvolutum
1583 1811 1723 1851 auro
1753 1791 2120 1871 percutiendo
2150 1791 2458 1869 intelligas,

371 1876 375 1880 ’
424 1880 574 1937 sicut
603 1876 949 1936 nummularii
980 1876 1226 1948 faciunt,
1270 1878 1362 1956 qui
1408 1875 1646 1936 nondum
1677 1879 1969 1950 instructi,
2022 1876 2287 1938 denarios
2318 1897 2459 1936 auro

421 1964 667 2022 infectos
697 1982 801 2042 pro
831 1981 971 2020 auro
1002 1964 1317 2042 accipiunt,
1368 1963 1502 2043 quia
1544 1983 1704 2024 usum
1730 1961 2240 2043 dignoscendamm
2269 1981 2459 2024 rerum

425 2067 619 2108 earum
651 2068 762 2107 non
793 2046 1024 2107 babent.

604 2138 749 2196 106.
795 2133 1134 2194 Subaerato
1162 2135 1494 2193 mendosum
1539 2135 1792 2207 tinniat5
1835 2130 2275 2218 ἀλληγορικῶς,
2321 2134 2461 2192 vitia

426 2219 705 2280 hominum
735 2217 925 2278 verbis
958 2216 1180 2278 decoris
1212 2219 1560 2278 ornatavult
1587 2219 1857 2297 intelligi,
1904 2232 1966 2280 ut
1994 2221 2258 2280 Horatius
2285 2224 2343 2279 2:

1175 2305 1486 2385 verbisque
1525 2306 1754 2364 decoris

766 2390 1038 2450 Obvolvz's
1069 2392 1294 2449 vitium.
2323 2436 2331 2443 .

604 2478 748 2538 107.
803 2476 1079 2552 Quaeque
1123 2478 1422 2554 sequenda
1451 2473 1685 2555 forent.
1753 2473 1881 2536 Scis
1925 2478 2106 2549 enim,
2162 2494 2306 2556 quae
2352 2477 2466 2535 sint

431 2559 718 2642 sequenda
750 2570 811 2619 et
839 2580 985 2640 quae
1017 2559 1356 2639 respuenda.

601 2649 742 2709 108.
785 2647 907 2706 Illa
933 2646 1106 2724 prius
1133 2656 1320 2706 creta.
1359 2643 1564 2718 Modo,
1597 2666 1740 2727 quae
1772 2642 2063 2726 probanda
2093 2655 2254 2723 sunt,
2284 2656 2468 2719 creta,

431 2751 575 2813 quae
606 2730 869 2791 damnata
897 2741 1056 2803 sunt,
1089 2731 1338 2790 carbone
1368 2731 1687 2804 adnotasti,
1733 2742 1795 2791 ut
1823 2732 2089 2793 Horatius
2109 2735 2171 2790 ³2

693 2818 981 2893 Quorsum
1010 2817 1231 2876 abeant
1253 2818 1433 2876 sani?
1461 2828 1626 2877 creta
1647 2862 1665 2889 ,
1701 2837 1778 2877 an
1809 2817 2064 2877 carbone
2098 2818 2386 2876 notandi?

606 2906 747 2964 110.
799 2905 927 2962 Ιαηι
983 2922 1140 2962 nunc
1195 2905 1541 2981 astrt‘ngas3
1608 2899 1794 2976 scias,
1848 2900 2070 2982 quando
2125 2903 2468 2982 parsimonia

435 3007 577 3069 opus
609 2988 714 3058 sit,
745 2997 805 3046 et
835 2985 1053 3068 quando
1084 2987 1246 3065 large
1276 2986 1571 3047 vivendum
1603 2989 1694 3046 sit.

608 3077 748 3135 111.
819 3076 1006 3151 Inque
1065 3074 1184 3132 luto
1237 3072 1441 3151 fiscum
1458 3118 1482 3155 ρ
1572 3071 1629 3132 id
1688 3083 1811 3132 estt
1903 3069 2198 3131 Sordidum
2256 3072 2468 3132 lucrum

434 3159 692 3240 spernis,
738 3169 836 3217 aut
878 3169 1036 3218 certe
1078 3159 1254 3217 visum
1301 3159 1357 3217 in
1404 3158 1520 3217 luto
1553 3179 1825 3217 nummum
1856 3159 2293 3237 praetermittis,
2339 3160 2469 3238 quia

435 3245 621 3304 solent
651 3244 813 3321 pueri
833 3285 852 3313 ,
881 3254 943 3302 ut
972 3241 1187 3301 ridendi
1219 3262 1447 3303 causam
1480 3243 1758 3313 habeant,
1797 3262 1984 3302 assem
2018 3244 2071 3301 iu
2104 3244 2264 3302 silice
2294 3243 2472 3321 plum-

435 3329 624 3389 batum
667 3329 939 3407 infigere,
984 3338 1046 3387 ut
1087 3329 1179 3408 qui
1219 3327 1497 3400 viderint,
1544 3348 1608 3387 se
1651 3327 1723 3387 nd
1765 3323 2140 3405 colligendum
2180 3329 2469 3399 inclinent,

434 3434 543 3475 nec
582 3425 771 3472 tamen
813 3414 1037 3494 possint
1080 3413 1365 3486 avellere,
1412 3433 1521 3494 quo
1564 3413 1720 3473 facto
1759 3414 1924 3495 pueri
1953 3414 2122 3473 etiam
2152 3412 2472 3474 acclamare

436 3501 625 3560 solent
658 3504 705 3558 ⁴.

613 3587 752 3646 112.
796 3584 924 3642 Nec
946 3583 1119 3660 gluto
1146 3583 1391 3642 sorbere
1418 3584 1687 3643 salivam.
1747 3582 1943 3662 Cupidi
1987 3585 2301 3662 pecuniae,
2345 3603 2471 3643 cum

439 3669 650 3729 lucrum
680 3665 907 3739 vident,
952 3667 1123 3727 veluti
1153 3666 1338 3747 gulosi
1367 3670 1507 3728 visis
1538 3666 1790 3742 deliciis,
1822 3669 2055 3729 salivam
2085 3669 2342 3748 glutiunt.

438 3753 1039 3815 *Mercurialem
1084 3752 1252 3814 ideo
1296 3752 1519 3827 dixit,
1567 3756 1735 3835 quia
1777 3756 2012 3834 ipsum
2051 3752 2254 3814 deum
2283 3754 2475 3814 lucri

440 3908 469 3963 1
506 3907 698 3960 Eadem
734 3906 980 3970 leguntur
1012 3906 1149 3972 apud
1183 3906 1308 3958 lsid.
1347 3905 1515 3971 origg.
1552 3904 1650 3973 xl,
1691 3908 1740 3973 1,
1777 3906 2006 3976 Papiam,
2045 3904 2118 3959 lo.
2145 3920 2177 3959 a
2199 3905 2379 3960 Ianua.

441 3979 476 4031 2
511 3978 636 4028 Hor.
675 3981 776 4026 snt.
815 3975 880 4037 ll,
919 3976 972 4038 7,
1009 3975 1070 4026 41
1102 3976 1213 4043 ιφ,
1249 3975 1339 4027 uhi
1374 3975 1639 4029 obvolvas.

443 4047 475 4100 3
515 4046 638 4097 Hor.
679 4051 783 4095 sat.
823 4043 884 4105 ll,
924 4043 976 4105 3,
1014 4045 1137 4097 246.

444 4117 479 4170 4
514 4113 597 4167 Cf.
636 4115 700 4166 ad
737 4114 865 4182 prol.
904 4113 935 4165 6
974 4118 1081 4164 not.
