2764 4738
867 423 1034 485 sAT.
1064 426 1110 500 1,
1150 429 1234 489 9⁷
1266 457 1349 472 —-
1385 427 1524 488 100.
2085 416 2211 482 105

207 600 350 669 verti,
378 595 521 678 quod
549 616 675 657 cum
703 595 797 656 vel
827 594 1088 677 augendo
1117 594 1209 655 vel
1241 593 1539 656 minuendo
1580 594 1711 667 fiat,
1743 590 1913 654 facile
1943 592 2211 672 intelligi·

207 694 301 756 ω,
324 681 593 765 ¹quomodo
623 682 678 741 id
707 683 764 740 iu
794 693 1085 762 utramque
1116 693 1332 760 partem
1378 680 1487 741 dici
1519 682 1717 760 possit.
1763 679 1851 737 Cf.
1884 677 2107 739 Heindr.
2138 678 2210 737 ad

207 769 326 828 Hor.
361 769 475 828 Sat.
521 769 565 840 1,
596 772 659 838 2,
706 771 845 830 129.
921 768 1042 827 Hoc
1086 769 1256 844 igitur
1296 769 1377 826 ait
1414 765 1680 826 Persius=
1744 764 1903 824 Sicut
1939 766 1995 822 in
2053 784 2210 823 ramo

206 856 313 913 viva
335 857 416 913 vis
447 855 613 912 nimio
644 851 787 932 quod
830 855 1073 913 increvit
1115 853 1322 912 subere
1363 871 1633 932 repressa
1677 851 1964 910 exarescit
2005 860 2066 909 et
2109 868 2213 909 ex·

211 942 497 1017 stinguitur,
529 941 608 997 ita
640 940 805 997 nimio
850 938 945 997 illo
989 936 1172 996 studio
1217 939 1529 997 orationem
1575 935 1807 995 ornandi
1839 953 2212 1013 numerosque

210 1024 501 1103 expoliendi
540 1026 665 1103 ipsa
706 1024 792 1082 vis
835 1026 1062 1101 poetica
1113 1021 1367 1093 deletur,
1428 1023 1563 1082 nibil
1607 1032 1791 1081 restat
1834 1023 1938 1080 nisi
1983 1039 2212 1098 corpus,

209 1108 332 1188 quod
361 1111 522 1168 nimio
553 1118 754 1167 ornatu
785 1127 1142 1186 oppressum,
1172 1110 1465 1187 animaque
1496 1118 1555 1167 et
1585 1109 1769 1166 animo
1799 1116 1977 1166 caret.
2050 1101 2215 1178 Quod

211 1214 301 1252 non
328 1195 642 1274 intelligens
673 1192 1067 1265 adversarius,
1114 1194 1203 1252 eui
1235 1192 1329 1252 ille
1378 1204 1610 1253 ornatus
1642 1212 1908 1253 summum
1953 1193 2008 1249 in
2054 1192 2217 1271 poesi

212 1291 303 1350 est,
329 1279 470 1339 aliud
501 1280 817 1358 exemplum
848 1280 954 1338 sibi
1000 1277 1344 1338 afferendum
1390 1288 1581 1357 putat,
1628 1277 1773 1357 quod
1805 1278 2013 1337 clarius
2045 1278 2214 1336 etiam

210 1362 548 1436 demonstret,
581 1384 727 1444 quae
745 1365 911 1424 unice
929 1366 1165 1442 egregia
1180 1364 1407 1423 babeat.
1451 1365 1654 1442 Igitur
1683 1364 1920 1441 egregie
1951 1364 2217 1422 convenit

208 1451 643 1529 interrogationi,
701 1468 847 1528 quae
894 1469 1017 1507 cum
1062 1447 1426 1508 admiratione
1470 1451 1562 1519 fit,
1607 1470 1661 1507 v.
1706 1446 1885 1508 Hand.
1932 1446 2104 1506 Turs.
2140 1446 2217 1506 111

210 1553 255 1612 p.
285 1539 396 1597 190
425 1554 538 1614 sq„
570 1534 716 1614 quod
747 1536 854 1592 iam
888 1554 940 1592 v.
975 1535 1247 1611 quidnam
1278 1532 1578 1593 iudicatur.
1628 1532 1910 1592 Teucrum
1929 1576 1946 1604 ‚
1977 1544 2038 1591 ut
2066 1528 2216 1610 apud

213 1617 576 1689 Quintilianum
611 1619 733 1693 (lx,
752 1625 812 1689 4,
843 1623 985 1692 31):
1032 1617 1239 1690 „Adeo
1269 1620 1482 1696 refugit
1513 1629 1771 1678 teneram
1803 1614 2215 1695 delicatamque

213 1702 496 1762 modulandi
527 1703 889 1781 voluptatem,
922 1714 982 1761 ut
1009 1703 1364 1762 currentibus
1397 1722 1501 1780 per
1540 1721 1605 1760 se
1638 1703 1902 1773 numeris,
1934 1698 2082 1780 quod
2112 1720 2215 1759 eos

213 1789 492 1856 inhiberet,
524 1786 872 1846 obiiceret.“
957 1789 1131 1845 Lacca
1188 1789 1390 1845 cermlv
1448 1787 1892 1846 effeminatorum
1953 1796 2099 1845 erat.
2158 1805 2215 1844 v.

211 1871 432 1930 Heiuek.
468 1873 691 1950 frgmm.
723 1891 865 1929 com.
897 1890 985 1949 gr.
1019 1871 1098 1930 IV
1127 1874 1381 1950 p.·612‚
1413 1882 1473 1930 et
1501 1870 1608 1930 boc
1640 1881 1802 1932 vetat
1847 1871 2217 1944 Quintilianus

214 1954 269 2024 (l,
297 1960 386 2025 11,
417 1959 503 2027 9),
536 1975 609 2015 ne
654 1954 864 2014 dicenti
895 1958 1092 2015 cervix
1134 1956 1403 2015 utrolibet
1448 1957 1712 2015 inclinata
1741 1959 1834 2014 sit.
1889 1958 2113 2014 Torvus
2144 1955 2216 2013 ab

212 2038 452 2118 adspectu
485 2042 828 2099 transfertur
856 2040 927 2099 ad
960 2061 1173 2112 sonum,
1205 2042 1281 2100 cf.
1314 2042 1475 2119 Virg.
1507 2040 1632 2111 Vll,
1664 2045 1788 2103 399
1838 2043 2085 2101 Torvum
2121 2060 2218 2099 re-

210 2135 358 2201 pente
385 2128 607 2185 clamat
634 2124 729 2199 (de
771 2125 974 2184 Amata
1023 2126 1284 2186 Bacchae
1330 2146 1488 2186 more
1536 2128 1811 2199 furente).
1860 2127 2028 2206 Apul.
2061 2126 2216 2185 Flor.

214 2229 257 2285 p.
284 2215 396 2274 357
426 2212 606 2270 Elam
656 2213 790 2269 Vox
818 2212 1063 2269 bominis
1093 2212 1268 2270 tubae
1299 2214 1521 2270 rudore
1553 2214 1797 2273 torvior.
1893 2215 2214 2281 Cornuum,

211 2297 332 2354 utin
361 2297 614 2355 omnibus
646 2297 826 2355 sacris
859 2298 1199 2375 orgiasticis,
1228 2299 1306 2356 ita
1336 2301 1390 2355 in
1412 2297 1706 2357 Bacchicis
1738 2299 2009 2378 frequens
2039 2316 2213 2369 ususg

208 2401 376 2441 eorum
408 2392 596 2442 autem
639 2393 702 2441 ut
742 2382 993 2441 tubarum
1037 2385 1226 2460 gravis
1273 2394 1332 2441 et
1362 2404 1568 2443 raucus
1612 2403 1781 2443 sonus
1814 2383 2050 2443 bombus
2077 2382 2219 2442 diei·

206 2476 301 2536 tur,
339 2467 568 2527 Lucret.
613 2467 711 2538 lV,
759 2472 916 2529 544:
974 2467 1051 2527 Et
1094 2479 1330 2528 revocat
1388 2469 1565 2540 (tuba)
1627 2489 1853 2528 raucum
1902 2479 2057 2527 retro
2103 2469 2220 2527 cita

205 2551 423 2611 barbara
468 2552 749 2613 bombum.
837 2551 1006 2632 Apul.
1052 2553 1189 2612 Met.
1235 2553 1290 2613 X
1332 2574 1388 2633 p.
1431 2560 1557 2616 254
1598 2554 1780 2612 Elim:
1859 2554 2217 2612 Permiseeus

208 2635 401 2697 bombis
436 2638 729 2715 gravibus
774 2638 966 2696 tinitus
998 2649 1195 2697 acutos
1242 2641 1295 2697 in
1343 2637 1558 2698 modum
1611 2639 1800 2699 tubae.
1845 2641 2216 2698 Mimallones

206 2735 405 2793 autem,
464 2743 605 2802 quas
647 2723 701 2780 iu
748 2724 1013 2782 comitatu
1059 2723 1267 2783 Bacchi
1315 2735 1586 2784 memorat
1643 2726 1811 2783 etiam
1874 2722 2079 2782 Strabo
2139 2722 2219 2794 (X

203 2825 251 2884 p.
276 2812 440 2882 468),
470 2809 605 2867 talia
634 2827 774 2886 prae
817 2810 1031 2867 ceteris
1073 2805 1384 2881 decebant,
1426 2830 1548 2869 cum
1580 2810 1785 2870 bellico
1817 2811 2011 2869 furore
2043 2809 2220 2886 potis-

206 2894 380 2951 simum
408 2892 747 2971 gauderent,
780 2893 858 2953 cf.
911 2891 1180 2972 Polyaen.
1227 2893 1403 2953 Strat.
1446 2894 1545 2965 lv,
1598 2901 1652 2957 1.
1701 2896 1986 2964 Creuzer‚
2021 2892 2217 2970 Symb.

205 2976 267 3037 Ill
294 2998 345 3057 p.
381 2983 501 3041 193
533 2998 657 3057 sqq.
705 2978 971 3037 Ceterum
1002 2978 1380 3039 conferendus
1413 2991 1504 3039 est
1520 2979 1720 3039 Catulli
1750 2999 1952 3039 versus
1986 2978 2217 3054 (LXIV,

203 3065 370 3133 264).
415 3065 629 3123 Multis
659 3065 1000 3123 raucisonos
1027 3062 1326 3146 efflabant
1351 3084 1574 3124 cornua
1604 3065 1848 3124 bombos.
1883 3064 1969 3124 De
2000 3068 2218 3123 Bassa·
2282 3093 2287 3097 ·

204 3149 435 3220 ridibus,
470 3167 774 3227 earumque
806 3149 995 3207 babitu
1043 3171 1095 3207 v.
1139 3148 1387 3208 Schoen.
1434 3149 1506 3210 de
1539 3170 1903 3228 personarum
1935 3152 1988 3209 in
2022 3151 2216 3228 Eurip.

203 3229 393 3293 Baecb.
431 3234 620 3292 babitu
653 3253 812 3293 scen.
857 3254 910 3313 p.
949 3240 1068 3296 147
1100 3253 1221 3313 sqq.
1272 3237 1532 3294 Vz’tulum
1559 3236 1893 3314 superbum,
1928 3238 2017 3294 cui
2049 3245 2221 3317 caput

203 3317 441 3378 ablatura
487 3329 580 3377 est
623 3318 921 3390 Bassaris,
961 3319 1130 3397 vulgo
1174 3321 1495 3397 intelligunt
1536 3319 1605 3380 de
1649 3321 1903 3380 Pentheo
1960 3341 1991 3379 a
2039 3330 2218 3380 matre

206 3402 473 3475 lacerat03
520 3423 666 3483 quae
729 3405 924 3463 furore
971 3415 1237 3483 correpta
1268 3405 1474 3464 animal
1506 3425 1568 3465 se
1600 3403 1929 3483 discerpere
1959 3404 2218 3465 credidit.

206 3485 342 3559 Quod
362 3509 697 3570 quamquam
732 3510 839 3548 nou
869 3509 980 3547 uuo
1012 3488 1176 3548 modo
1209 3491 1625 3570 ascriptoribus
1652 3501 1919 3551 narratur
1948 3492 2049 3564 (cf.
2080 3489 2219 3549 diss.

203 3591 390 3634 neam:
440 3574 729 3633 Pentheus
760 3572 871 3634 und
912 3573 1003 3634 die
1033 3573 1331 3634 Mainaden
1381 3597 1438 3654 p.
1476 3581 1607 3648 14),
1639 3595 1802 3635 nemo
1833 3586 2039 3645 tamen,
2072 3573 2219 3654 quod

205 3660 394 3730 teian,
440 3659 513 3720 de
558 3660 734 3718 vitulo
781 3659 1125 3719 memoravit.
1224 3660 1427 3740 Neque
1471 3663 1691 3720 omnino
1734 3670 1919 3739 aptum
1980 3658 2220 3730 videtur,

206 3741 317 3818 bie,
361 3744 457 3804 ubi
488 3743 831 3804 describitur
859 3766 1058 3825 pompa
1093 3745 1436 3825 Dionysiaca
1463 3766 1585 3805 cum
1618 3744 1929 3824 orgiastico
1962 3745 2216 3814 tumultu,

206 3833 405 3889 narrari
451 3829 582 3889 illud
628 3828 860 3907 Agavcs
892 3832 1143 3902 facinus,
1188 3829 1336 3910 quod
1382 3833 1557 3891 semel
1591 3842 1798 3891 tantum
1832 3842 2216 3909 perpetratum

207 3924 312 3984 est,
380 3916 540 3995 quasi
597 3934 723 3974 cum
779 3917 991 3975 ceteris
1046 3918 1102 3974 in
1149 3915 1308 3975 bisce
1366 3919 1547 3976 sacris
1604 3917 1726 3976 fieri
1771 3919 1988 3985 soleat,
2035 3936 2217 3996 neque

208 3997 275 4055 ita
300 4011 617 4070 tractatum,
648 4012 709 4059 ut
737 4000 891 4060 clarc
923 4003 1192 4079 cognosci
1235 4011 1422 4080 queat.
1484 4002 1653 4061 Immo
1696 4004 1750 4062 b.
1784 4023 1868 4061 vs.
1903 4002 2036 4060 nibil
2068 4000 2219 4060 aliud

206 4083 549 4160 significatur,
582 4087 689 4144 uisi
722 4084 868 4165 quod
914 4088 968 4146 in
995 4087 1176 4148 -bisee
1207 4088 1382 4165 orgiis
1433 4088 1684 4148 solemne
1731 4107 1864 4147 esse
1896 4087 2215 4165 putabatur,
