2764 4738
461 427 591 495 308
637 522 662 550 Ι
925 431 1192 495 scum..
1237 432 1346 495 AD
1378 433 1548 496 SAT.
1580 433 1679 510 111,
1710 437 2049 499 94-103.

465 602 714 663 moriens
748 612 808 662 et
837 604 1080 664 monitor
1107 604 1442 686 loquentes,
1479 619 1717 686 quorum
1749 605 1971 666 alterna
1999 607 2299 685 responsio
2332 617 2449 667 est.

465 690 642 747 Nihil
665 698 774 748 est.
839 688 1034 748 Verba
1064 693 1227 768 aegri
1256 711 1447 751 curam
1477 694 1831 771 spernentis;
1865 703 1927 750 et
1954 690 2242 752 medicus:
2291 694 2522 752 Videas·

471 785 662 833 tamen
696 776 859 833 istud
887 777 1170 853 quicquid
1199 778 1263 835 id
1295 787 1406 836 est.

640 863 743 922 95.
787 861 1012 936 Surgzt
1036 864 1216 920 tacete
1245 861 1361 920 ti‘b1
1385 864 1546 921 lutea
1569 862 1787 940 pelles,
1838 860 1894 920 id
1925 873 2017 921 est
2047 863 2328 922 tumescit.
2391 862 2517 942 ny-

469 942 715 1023 dropicis
746 946 891 1004 enim
926 945 1109 1004 lutens
1141 946 1303 1006 color
1330 958 1456 1019 est,
1487 946 1542 1006 id
1576 958 1664 1006 est
1693 947 2064 1006 subcroceus.

639 1031 743 1092 96.
786 1034 878 1089 At
905 1040 970 1089 tu
1001 1032 1264 1091 ‹ieter-tus
1287 1033 1506 1111 palles.
1560 1033 1695 1092 Item
1729 1043 1998 1110 aegrotus
2028 1029 2410 1103 incandescit,
2452 1012 2517 1092 et

467 1113 634 1175 dicit·
682 1113 824 1186 Quid
858 1135 945 1174 me
976 1120 1215 1176 mones?
1380 1119 1476 1177 Ne
1504 1119 1588 1177 sis
1617 1119 1764 1177 milet
1803 1128 2002 1189 tutor,
2046 1137 2211 1197 quem
2242 1138 2354 1196 ego
2400 1118 2513 1176 iam

468 1198 684 1280 pridem
729 1201 943 1271 extuli,
985 1199 1041 1259 id
1084 1212 1177 1261 est
1217 1202 1404 1263 obrui.
1587 1205 1673 1262 Tu
1715 1213 1952 1273 restas,
2014 1201 2070 1261 id
2115 1214 2205 1262 est
2249 1205 2513 1276 resistis,

467 1296 566 1346 aut
595 1295 790 1345 certe:
822 1297 882 1344 tu
913 1287 1061 1346 alter
1090 1297 1243 1346 tutor
1271 1307 1371 1359 es,
1404 1298 1502 1346 aut
1531 1288 1656 1360 ille,
1688 1308 1852 1368 quem
1884 1289 2140 1367 sepelivi.
2289 1290 2511 1367 Perge,

469 1370 696 1432 tacebo.
772 1370 847 1430 Et
890 1369 1179 1432 mcdicus:
1226 1372 1370 1445 Quia
1414 1392 1758 1452 perseveras
1799 1394 1912 1433 non
1957 1375 2180 1447 curari,
2228 1374 2403 1445 sileo,
2451 1385 2518 1433 et

472 1454 731 1516 discedo.

639 1544 744 1603 98.
796 1542 1096 1620 Turgidus
1127 1542 1224 1601 hic
1252 1543 1467 1621 epulis.
1512 1540 1775 1602 Ostendit
1792 1542 2176 1622 negligentiae
2195 1562 2366 1603 causa
2384 1543 2517 1602 fieri

468 1626 614 1700 boc,
658 1624 786 1685 dum
817 1628 1166 1706 impatientia
1196 1630 1366 1704 gulae
1398 1637 1587 1686 tantos
1619 1627 1779 1687 cibos
1807 1631 2009 1700 sumit,
2056 1648 2195 1708 quos
2243 1628 2516 1707 digerere

468 1710 699 1772 difficile
743 1713 842 1774 sit.
1027 1714 1350 1792 Tur-gitium
1394 1711 1533 1773 dicit
1575 1711 1841 1785 crudum,
1903 1712 2274 1792 indigestum,
2319 1725 2381 1773 nt
2420 1713 2520 1773 Iu—

469 1797 689 1858 venalis
726 1803 780 1855 ¹:

734 1883 1036 1960 Tur-gidus
1064 1893 1126 1942 ct
1151 1884 1397 1943 crudum
1418 1901 1704 1962 pavonem
1737 1885 1798 1944 in
1837 1884 2052 1944 balnea
2075 1894 2308 1964 portas.

472 1969 631 2028 Albo
660 1977 899 2040 ventre,
934 1966 1187 2048 hydrope
1219 1967 1448 2049 pallido.

641 2074 745 2134 99.
808 2072 1060 2129 Gutture
1129 2070 1525 2148 sulphur-eas,
1601 2068 1659 2130 id
1717 2081 1809 2131 est
1880 2092 1989 2130 non
2049 2082 2269 2131 coctum
2327 2070 2515 2131 cibum

469 2167 722 2215 ructans.
894 2157 1270 2234 Sulphureas
1297 2157 1578 2235 mephites
1598 2200 1617 2229 ,
1657 2176 1692 2215 a
1720 2155 1849 2217 loeo
1882 2156 2097 2217 foetido
2128 2157 2301 2231 dixit,
2331 2159 2424 2236 qui
2454 2159 2515 2216 in

470 2241 632 2302 Italia
659 2242 917 2320 graviter
947 2244 1126 2320 spirat
1145 2284 1161 2312 ,
1204 2251 1265 2300 ut
1293 2241 1569 2320 Virgilius
1602 2246 1657 2300 2:

801 2345 1150 2406 saevamque
1179 2327 1437 2387 exhalat
1461 2344 1647 2407 opaca
1677 2326 1977 2407 meplu'tt'n.

469 2411 532 2474 ld
576 2424 669 2473 est
710 2411 1173 2491 indigestionem3
1239 2414 1480 2472 vomitus
1511 2414 1768 2471 sulfurei.
1836 2411 1946 2472 Vel
1977 2410 2321 2491 sulfureas,
2365 2410 2517 2471 indi-

469 2508 700 2578 gestas,
732 2509 1053 2577 corruptum
1085 2509 1312 2558 ructans
1335 2541 1352 2568 ,
1386 2509 1484 2557 aut
1513 2496 1759 2577 putidas.

644 2606 672 2663 1
684 2605 790 2663 00.
846 2601 1231 2677 Calidumque
1265 2601 1516 2660 triental
1540 2602 1786 2659 excutit.
1838 2601 2112 2660 Triental
2138 2604 2166 2639 ³
2192 2597 2330 2658 dicit
2371 2598 2518 2659 cali·

471 2707 596 2748 cem
640 2687 811 2746 talem
828 2729 847 2760 ,
888 2688 983 2766 qui
1026 2687 1249 2745 tertiam
1306 2697 1526 2765 partem
1574 2687 1809 2745 sextarii
1862 2689 2047 2765 capit,
2108 2696 2205 2745 aut
2242 2696 2364 2744 tres
2409 2684 2520 2744 he-

469 2792 675 2832 minas.

647 2860 788 2920 103.
833 2857 986 2915 Hinc
1030 2856 1171 2917 tuba
1188 2898 1210 2930 ‚
1258 2857 1564 2916 candelae.
1641 2856 1786 2929 Quia
1827 2855 2120 2936 sepultura
2167 2855 2318 2915 tubis
2362 2852 2519 2934 apud

473 2944 732 3024 antiquos
764 2941 1164 3002 celebrabatur
1177 2986 1194 3015 ,
1224 2952 1285 3001 ut
1313 2941 1589 3020 Virgilius
1608 2946 1639 2981 ⁴
1657 2964 1673 3001 z

725 3028 765 3087 Ι
765 3038 793 3086 t
816 3027 981 3086 caelo
1011 3029 1349 3106 clamorque
1379 3029 1571 3087 virum
1618 3027 1983 3104 clangorque
2015 3024 2310 3085 tubarum.

479 3113 782 3174 Candelae
825 3114 995 3171 etiam
1039 3114 1094 3173 in
1138 3114 1444 3193 sepulturis
1492 3123 1624 3172 ante
1670 3122 1923 3170 mortuos
1952 3108 2407 3192 praecedebant:
2453 3121 2520 3169 nt

470 3197 619 3261 idem
649 3197 922 3276 Virgilius
942 3202 996 3256 ⁵:

1468 3293 1531 3342 et
1555 3285 1628 3342 dc
1658 3303 1815 3343 more
1845 3291 2075 3342 vetusto

936 3370 1241 3428 Funereas
1268 3386 1531 3447 rapuere
1544 3366 1742 3447 saces.

471 3456 761 3515 Beatulus
793 3452 956 3524 dicit,
1006 3474 1117 3513 non
1149 3451 1295 3533 quod
1324 3454 1526 3514 beatus
1570 3455 1675 3524 sit,
1717 3450 1820 3513 sed
1861 3455 1891 3488 ¹*
1917 3472 1950 3532 q
1968 3448 2103 3511 uod
2158 3471 2242 3510 nu
2260 3470 2444 3530 nqua
2462 3471 2519 3511 m

474 3538 999 3621 splendidiore
1046 3539 1307 3598 babitu
1355 3537 1679 3612 fuerit,*
1740 3558 1899 3619 quam
1944 3557 2046 3608 eo,
2092 3557 2201 3616 quo
2234 3536 2516 3609 effertur,

472 3632 643 3686 *aut
710 3636 959 3697 certe,
1034 3624 1205 3705 quia
1278 3622 1642 3684 Romanae
1716 3620 2297 3684 consuetudinis
2371 3623 2523 3680 fuit

470 3713 650 3791 simp
673 3712 941 3771 liciter
1010 3709 1389 3789 sepelire,
1462 3709 1935 3769 ambitionem
1992 3705 2310 3779 irridet,
2371 3727 2523 3768 non

472 3796 644 3877 quia
687 3793 1034 3878 μάκαρες
1063 3806 1138 3855 et
1178 3790 1566 3878 μακάριοι
1609 3791 1968 3854 dicuntur
2005 3793 2316 3865 mortui,
2375 3813 2524 3852 non

474 3995 499 4048 1
538 3994 719 4047 iuven.
759 3993 799 4058 1,
842 3995 959 4047 143.
1540 3995 1576 4050 2
1610 3991 1757 4058 Virg.
1796 3991 1929 4045 Aen.
1966 3990 2078 4056 vn,
2114 3992 2202 4044 84.

471 4063 503 4114 3
540 4062 617 4114 lla
651 4062 774 4115 Vin.
814 4067 1071 4114 mentem
1105 4062 1190 4113 ed.
1227 4078 1309 4131 pr.
1538 4064 1571 4115 4
1605 4060 1754 4129 Virss.
1792 4060 1925 4115 Aen.
1962 4059 2062 4126 xl,
2100 4060 2220 4115 1⁹2.

471 4135 502 4184 5
541 4131 688 4197 Vin-g.
728 4136 860 4185 Aen.
896 4128 993 4196 XI,
1032 4131 1132 4186 142
1156 4146 1235 4197 sq.
