2764 4738
504 427 719 473 ccxxx
1164 402 1885 467 PRoLEGoMENA.

503 574 907 643 describendo
937 573 1305 659 potissimum
1338 573 1750 640 emendatoris
1769 591 2016 656 operam
2044 583 2351 638 versatam
2383 594 2555 652 esse,

501 699 692 760 eaque
737 678 936 740 claros
982 676 1148 740 viros
1195 678 1434 740 functos
1479 696 1639 740 csse.
1703 672 1894 739 Addit
1924 670 2211 738 Flavius:
2261 685 2324 738 et
2353 675 2557 739 adno-

502 781 652 843 tavi.
714 777 868 840 Tria
898 787 1077 840 eraut
1107 778 1294 842 officia
1326 778 1493 855 eius,
1539 778 1641 859 qni
1681 776 2038 859 scriptorem
2069 776 2296 852 edidit,
2344 796 2557 839 emen-

500 881 717 957 dandi,
766 878 1214 960 distinguendi,
1261 878 1628 957 adnotandi,
1674 889 1741 941 ut
1786 875 2151 942 de.Valerio
2189 874 2400 940 Probo
2453 897 2555 939 re-

502 984 622 1045 fert
667 979 1000 1046 Suetonius
1058 981 1182 1062 (gr.
1212 979 1355 1060 24).
1423 978 1655 1042 Eadem
1702 978 2019 1060 coniungit
2075 980 2255 1043 etiam
2313 975 2560 1042 Fronto

501 1086 663 1167 (epp.
695 1082 771 1144 ad
802 1102 922 1144 am.
957 1077 1041 1156 11,
1075 1081 1187 1159 2):
1249 1080 1693 1144 Ciceronianos
1732 1081 2086 1145 emendatos
2124 1090 2191 1143 et
2221 1079 2559 1143 dtis-tinctos

497 1181 753 1247 habebis
769 1229 788 1258 ,
836 1180 1171 1246 adnotatos
1214 1202 1256 1244 a
1297 1202 1395 1244 me
1437 1181 1616 1266 leges
1657 1182 1789 1266 ipse
1803 1229 1824 1255 ,
1872 1184 1938 1244 in
1983 1183 2212 1266 volgus
2250 1185 2411 1244 enim
2445 1202 2554 1245 eos

499 1286 681 1347 exim
708 1303 904 1368 quare
931 1284 1123 1346 nolim
1138 1329 1157 1357 ,
1203 1282 1471 1346 scribam
1513 1282 1602 1346 ad
1638 1292 1698 1344 te
1738 1282 2127 1368 diltgentius.
2188 1281 2554 1347 Distinctio-

499 1387 594 1450 nis
635 1371 896 1449 fortasse
941 1407 1145 1450 curam
1188 1405 1310 1447 non
1356 1383 1563 1449 habuit
1604 1382 1704 1448 Fl.
1740 1381 1967 1461 Iuliu8‚
2017 1395 2184 1449 certe
2230 1406 2354 1447 non
2387 1405 2555 1447 com-

498 1488 890 1565 memoravit,
935 1499 1002 1552 ut
1051 1486 1315 1550 'l'urcius
1363 1485 1511 1549 fecit
1565 1485 1630 1548 in
1687 1486 2131 1570 subscriptione
2178 1484 2546 1569 virgiliana.

500 1585 688 1653 Cuius
719 1589 962 1670 generis
995 1598 1196 1651 autem
1242 1587 1553 1651 adnotatio
1595 1587 1697 1649 illa
1738 1588 1960 1662 fuerit,
2007 1607 2132 1649 non
2163 1597 2365 1670 potest
2394 1586 2549 1649 diiu-

499 1690 723 1768 dicari,
772 1700 835 1753 et
879 1710 958 1754 ne
1004 1686 1149 1752 illud
1193 1688 1431 1770 quidem
1463 1709 1572 1773 pro
1604 1698 1776 1753 certo
1808 1688 2088 1753 affirmari
2119 1699 2360 1772 potest,
2410 1708 2549 1753 enm

496 1792 560 1855 in
595 1811 908 1855 numerum
939 1790 1330 1873 interpretum
1362 1808 1499 1854 csse
1528 1791 1947 1854 referendum.
2006 1788 2171 1854 Nam
2216 1789 2550 1854 adnotandi

495 1892 744 1957 verbum
790 1893 968 1956 etiam
1011 1892 1094 1956 ita
1143 1892 1425 1976 ponitur,
1472 1902 1540 1955 ut
1581 1892 1882 1975 significet
1926 1903 2101 1955 notas
2141 1892 2427 1975 quasdam
2473 1892 2552 1957 iis

497 1995 646 2060 locis
676 2015 978 2079 apponere
999 2041 1018 2073 ,
1065 1993 1166 2075 qui
1195 1994 1297 2059 vel
1325 1991 1625 2076 vituperio
1658 1993 1822 2076 digni
1857 1995 1958 2057 vel
1988 1994 2165 2059 aliam
2198 1992 2274 2055 ob
2304 2014 2551 2057 causam

496 2096 919 2161 memorabiles
972 2096 1298 2161 videantur
1352 2091 1546 2177 (Plin.
1597 2115 1733 2179 epp.
1782 2091 1900 2172 111,
1949 2092 2014 2157 5.
2072 2090 2219 2171 Vll,
2270 2093 2375 2159 17.
2421 2091 2550 2169 IX,

494 2195 608 2279 26)
650 2207 695 2261 ¹.
770 2197 1042 2262 Exstant
1092 2196 1330 2281 quidem
1387 2196 1449 2258 in
1510 2196 1645 2258 cod.
1691 2194 2238 2279 Montepessulano
2283 2196 2546 2274 scholia,

495 2302 603 2365 sed
650 2320 724 2362 ea
766 2300 850 2364 ita
896 2310 1247 2385 comparata
1290 2318 1430 2362 esse
1475 2298 1790 2372 affirmavit
1827 2295 2235 2378 Duebneru8‚
2285 2310 2352 2362 ut
2380 2299 2550 2362 nullo

498 2403 672 2465 modo
717 2402 792 2465 ad
843 2402 956 2466 hoc
1002 2422 1220 2467 aevum
1264 2400 1485 2465 referri
1533 2401 1765 2483 possint
1817 2410 1881 2463 ct
1923 2419 2073 2464 vcro
2119 2422 2155 2464 a
2197 2403 2554 2466 recentiora

498 2524 677 2566 mann
707 2504 905 2568 addita
942 2510 990 2565 2.
1054 2501 1161 2565 Ex
1202 2522 1371 2565 more
1417 2501 1648 2564 addidit
1678 2501 1938 2583 denique
1969 2502 2089 2565 loci
2121 2513 2185 2566 et
2213 2502 2356 2566 anni
2390 2502 2552 2566 noti-

497 2605 664 2667 tiam.
720 2602 958 2687 Nempe
1004 2603 1422 2668 Barcellonao
1466 2603 1768 2685 (notanda
1812 2602 1960 2666 haec
1992 2605 2182 2667 forma
2216 2625 2360 2688 prae
2393 2604 2552 2667 anti·

495 2705 769 2789 quiornm
813 2703 1197 2782 Barcinonc)
1240 2714 1418 2787 atque
1464 2702 1756 2767 Arcadio
1799 2713 1864 2767 et
1905 2704 2188 2769 Honorio
2239 2703 2312 2768 V
2337 2725 2543 2768 conss.

494 2809 540 2871 i.
577 2830 636 2872 e.
672 2829 731 2871 a.
766 2829 826 2891 p.
864 2803 1015 2870 Chr.
1049 2802 1178 2868 402
1221 2803 1612 2888 (v..Reland.
1662 2805 1801 2869 fasti
1843 2828 2013 2870 cons.
2049 2830 2110 2891 p.
2145 2804 2298 2888 544)
2343 2825 2553 2869 emen·

499 2910 664 2973 davit
704 2909 972 2973 codicem
1018 2929 1216 2971 sunm.
1278 2906 1475 2971 Huius
1514 2907 1701 2990 igitur
1742 2930 1777 2970 a
1810 2904 2023 2970 Flavio
2056 2906 2208 2971 Iulio
2241 2907 2551 2971 emendati

498 3012 726 3076 codicis
771 3011 1090 3095 imaginem
1137 3008 1431 3074 exhibent
1475 3011 1677 3073 codex
1726 3007 2301 3093 Moutepessulauus
2351 3008 2551 3093 (Mp.)

499 3111 792 3177 Haenelio
822 3123 1073 3178 auctore
1107 3131 1274 3175 saec.
1310 3108 1430 3189 IX,
1479 3121 1541 3173 et
1574 3108 1908 3174 Vaticanus
1938 3111 2217 3195 (Rom),
2268 3129 2352 3172 ex
2390 3108 2551 3174 Nie-

498 3214 694 3278 bubrii
725 3213 1030 3278 sententia
1059 3233 1227 3278 saec.
1259 3211 1351 3290 X,
1401 3233 1485 3276 ex
1512 3211 1839 3277 archivarii
1869 3234 2039 3277 saec.
2072 3209 2172 3274 XI
2201 3211 2460 3296 scriptus
2495 3219 2546 3274 ³.

564 3400 751 3452 Saem‘o
775 3400 944 3467 (Suet.
981 3416 1196 3466 gramm.
1235 3400 1319 3465 5),
1358 3405 1459 3451 aut
1503 3399 1733 3464 Tirone,
1784 3403 1887 3449 aut
1922 3398 2110 3464 Aelio,
2159 3404 2262 3449 aut
2290 3398 2546 3458 Statilio,

499 3540 523 3591 1
564 3473 668 3587 git
686 3469 928 3588 {filim
964 3538 1097 3588 notis
1147 3537 1325 3589 Senec.
1364 3553 1476 3604 epp.
1519 3536 1611 3596 vl,
1651 3538 1702 3589 4.
1755 3534 1892 3587 Gen.
1934 3533 2093 3599 XVll,
2130 3537 2185 3592 2.
2225 3534 2452 3588 ‚Wower
2485 3536 2548 3587 de

564 3606 751 3672 polym.
792 3622 839 3657 c.
883 3607 965 3658 16.
1005 3605 1246 3658 Renvens
1283 3606 1512 3657 colleclt.
1553 3605 1656 3656 litt.
1696 3621 1746 3672 p.
1789 3604 1886 3656 107
1911 3619 1987 3669 sq.

496 3677 530 3729 2
564 3675 610 3724 A
656 3674 942 3725 recentiore
988 3689 1143 3727 mann
1196 3678 1351 3726 etiam
1399 3676 1595 3741 aliquot
1644 3675 1772 3724 locis
1808 3673 1998 3724 codicis
2035 3672 2282 3724 lectiones
2317 3681 2550 3725 mutatae

566 3748 708 3791 sunt.

496 3812 528 3863 3
562 3809 737 3860 Codex
784 3810 1004 3860 archivii
1057 3811 1209 3861 basil.
1260 3809 1431 3861 Vatic.
1488 3817 1693 3862 notatos
1743 3818 1825 3862 est
1861 3827 1913 3860 n.
1953 3810 2018 3862 36
2059 3809 2134 3871 {13
2185 3817 2238 3861 et
2272 3817 2332 3860 nt
2369 3826 2434 3861 ex
2471 3811 2546 3860 in-

564 3878 801 3941 signibus
846 3884 1054 3944 apparet
1104 3895 1135 3930 a
1185 3878 1341 3929 Card.
1391 3879 1637 3931 Giordani
1676 3895 1816 3930 saec.
1853 3877 1954 3931 XV
1989 3879 2228 3930 donatus.
2287 3878 2552 3929 Exaratns

564 3953 646 3997 est
682 3947 940 4013 scriptura
978 3946 1087 3997 fere
1124 3949 1403 4012 continua,
1444 3950 1699 3999 interdum
1741 3955 1979 4015 punctum
2019 3949 2244 4015 ponitur.
2305 3946 2550 3998 Continet

563 4014 839 4067 Boethii
887 4015 1344 4067 Aritbmeticu
1394 4017 1485 4069 fol.
1539 4018 1787 4080 1-57,
1837 4032 2055 4068 vacnum
2091 4018 2310 4084 spatium
2350 4015 2438 4066 sol.
2484 4015 2548 4068 57

563 4085 778 4154 complet
825 4083 1031 4136 initium
1092 4091 1449 4137 tractatus
1516 4085 1946 4152 theologicig
2012 4085 2248 4138 Persii
2304 4082 2547 4137 Flacci
