2764 4738
33 4133 283 4311 pr

455 444 655 490 emm
1113 419 1834 484 PnoL·ssGOMENA.

453 596 584 659 rios
627 593 693 657 in
729 591 998 679 primam
1028 588 1239 655 Persii
1258 599 1581 676 satyram,
1626 612 1748 655 non
1779 590 1960 666 illos,
2008 592 2124 676 qai
2165 589 2521 657 Cornuti

452 698 697 761 nomine
754 692 1325 776 circumferuntur,
1387 703 1452 757 et
1503 714 1664 778 quos
1714 692 2094 757 Hermolaus
2136 703 2211 757 ut
2249 695 2522 759 Probi

456 803 612 864 citat
662 798 745 862 II
791 798 1026 881 castig.
1085 798 1149 858 in
1206 796 1377 860 Plin.
1442 797 1508 859 in
1565 794 1753 858 verbo
1811 794 2123 871 Barba,
2171 795 2291 859 sed
2342 797 2515 860 alios

454 905 645 986 longe
701 901 934 964 maiori
981 919 1137 962 cura
1197 920 1275 963 ac
1327 899 1585 983 ingenio
1642 899 2037 983 compositos.
2135 897 2214 961 In
2267 900 2350 961 iis
2409 900 2513 961 ita

451 1007 753 1091 screptmn
798 1003 1067 1087 legimus
1083 1026 1106 1065 .-
1170 999 1441 1079 „Cur-os
1480 1000 1553 1063 A
1566 1020 1759 1064 cron
1777 1002 1808 1063 i
1850 1002 2121 1088 proprie
2164 1000 2374 1064 dicere
2414 1002 2511 1063 vi·

454 1106 673 1181 detur,
740 1125 899 1191 quae
954 1105 1017 1167 si
1065 1104 1312 1168 utiliter
1371 1113 1752 1167 exercentur
1774 1150 1794 1179 ‚
1851 1105 2106 1166 virtutis
2157 1105 2354 1166 locum
2400 1101 2510 1165 ob·

454 1213 679 1286 tinent,
728 1209 791 1270 si
814 1209 879 1270 in
907 1226 1382 1293 supervacuum,
1420 1203 1781 1269 desidiae.“
1825 1204 1941 1269 Ea:
1970 1206 2190 1292 quibus
2212 1217 2507 1292 apparet,

451 1313 772 1380 Acronem
818 1308 1029 1374 Probo
1055 1309 1278 1393 suine
1317 1310 1736 1373 venestiorem.
1814 1306 1983 1373 Haec
2024 1310 2186 1373 nullo
2219 1311 2392 1373 modo
2423 1309 2507 1373 ad

451 1413 766 1500 Berytium
811 1411 1032 1476 referri
1075 1419 1361 1495 possunt,
1424 1432 1639 1493 quem,
1707 1413 1824 1476 etsi
1871 1411 1944 1476 dc
1990 1412 2254 1476 Acronis
2299 1422 2507 1475 aetate

451 1538 576 1581 non
625 1515 773 1580 satis
819 1524 1090 1591 constat,
1152 1513 1268 1577 hoo
1323 1515 1511 1577 multo
1571 1514 1736 1599 prius
1795 1514 2029 1579 vixisse
2091 1525 2321 1578 certum
2380 1524 2504 1577 est.

453 1618 763 1683 Habemus
821 1617 1005 1699 igitur
1060 1615 1159 1680 hic
1218 1636 1453 1698 quoque
1513 1617 1789 1680 notitiam
1862 1615 2118 1681 iunioris
2191 1614 2506 1678 cuiusdam

450 1719 637 1786 Probi
699 1717 1108 1804 grammatici,
1168 1718 1339 1782 cuius
1399 1738 1468 1783 se
1527 1718 1744 1802 ubique
1803 1721 1934 1783 fere
1994 1719 2162 1802 quasi
2206 1717 2504 1802 quaedam

450 1822 662 1887 umbra
722 1820 937 1885 obtulit
995 1830 1057 1883 et
1113 1821 1273 1885 sicut
1328 1821 1525 1884 visum
1585 1821 1974 1899 obscuravit,
2033 1822 2117 1884 ita
2176 1829 2505 1883 accuratae

452 1923 795 2011 quaestioni
836 1942 904 1986 se
947 1922 1270 1987 subtraxit.
1345 1920 1715 2005 Quamquam
1759 1933 1960 1987 autem
2005 1920 2121 1986 hoc
2151 1921 2505 1986 testimonio

453 2028 720 2092 nondum
765 2027 966 2089 omnia
1008 2045 1300 2091 corruere
1344 2025 1725 2111 putaverim,
1787 2043 1939 2108 quae
1980 2022 2276 2108 disputata
2329 2034 2501 2100 sunt,

450 2142 653 2195 tamen
700 2151 824 2193 non
868 2129 1296 2213 negligendum
1341 2129 1492 2206 fuit,
1554 2138 1617 2192 et
1660 2127 1710 2191 si
1768 2129 1926 2191 forte
1974 2127 2032 2191 hi
2082 2126 2505 2191 commentarii

450 2235 669 2298 iterum
699 2230 1128 2310 inveniantur,
1176 2229 1306 2296 fieri
1350 2241 1553 2315 potest
1580 2240 1648 2294 ut
1675 2229 1842 2294 litem
1875 2230 2160 2294 dirimant
2196 2237 2242 2291 ¹.

619 2364 853 2432 Verum
886 2366 1037 2432 haec
1067 2366 1428 2433 Acronis
1471 2367 1700 2432 mentio
1733 2367 1852 2432 alio
1887 2379 2086 2432 vocat.
2139 2361 2305 2431 Idem
2337 2364 2497 2429 enim

451 2472 631 2536 etiam
660 2470 723 2534 iu
756 2469 978 2533 nostris
1023 2469 1268 2534 scholiis
1315 2470 1633 2534 adhibetur
1679 2468 1780 2556 (ad
1814 2463 1896 2550 ll,
1933 2468 2083 2551 56),
2130 2467 2230 2532 ubi
2270 2470 2341 2532 de
2372 2466 2498 2532 Da-

451 2573 694 2638 naidum
738 2572 953 2636 statuis
998 2572 1060 2634 in
1107 2572 1407 2658 Apollinis
1445 2571 1710 2638 Palatini
1750 2572 1983 2657 porticu
2016 2573 2324 2637 collocatis
2357 2593 2504 2635 nar-

446 2687 567 2742 rat.
632 2671 761 2740 Iam
790 2672 1120 2741 verisimile
1154 2683 1249 2739 est
1268 2721 1287 2754 ,
1335 2673 1497 2740 hunc
1528 2696 1762 2761 quoque
1793 2674 1958 2739 inter
1987 2673 2264 2758 antiquos
2293 2672 2500 2738 Persii

453 2884 476 2937 1
513 2881 903 2946 Proborum,
956 2882 1110 2933 etiam
1147 2897 1357 2946 eorum,
1396 2882 1483 2949 qui
1519 2879 1755 2934 doctrina
1802 2886 2113 2949 floruerunt,
2169 2883 2311 2950 larga
2350 2885 2502 2952 eopia

516 2952 804 3003 acrioribus
839 2952 1181 3019 temporibus,
1222 2967 1365 3003 nemo
1403 2959 1570 3002 tamen
1608 2960 1761 3003 notus
1797 2961 1912 3016 est,
1951 2955 2015 3004 ad
2052 2969 2200 3020 quem
2234 2956 2358 3005 haee
2380 2968 2504 3020 pro·

515 3022 759 3072 habiliter
793 3020 1117 3071 deferantur.
1179 3020 1256 3072 De
1305 3020 1471 3071 Probo
1517 3021 1692 3088 aliquo
1735 3024 2065 3086 grammatice
2100 3025 2248 3074 docto
2283 3026 2356 3074 ita
2392 3023 2504 3075 Eu·

517 3091 699 3140 nodius
736 3090 867 3156 (epp.
906 3088 1041 3152 Vm,
1080 3088 1206 3154 21)2
1265 3087 1345 3140 Tu
1364 3090 1617 3154 feceras,
1656 3091 1801 3155 quod
1833 3094 2084 3157 sapiens,
2125 3096 2223 3157 qui
2255 3092 2361 3144 soli
2401 3092 2504 3143 do·

516 3173 641 3210 mno
688 3158 734 3208 P
750 3173 823 3209 ro
839 3159 867 3207 b
883 3173 913 3208 ο
930 3194 948 3220 ,
1001 3162 1175 3209 artem
1199 3162 1403 3208 tenenti
1422 3161 1572 3209 inter
1589 3158 1792 3224 doctos,
1821 3175 2005 3210 versus
2030 3176 2175 3212 meos
2197 3162 2493 3227 relegeras.

513 3253 584 3265 -—-
608 3226 760 3278 Vade
791 3241 925 3292 ergo
960 3227 1033 3277 ad
1065 3226 1315 3278 domnam
1338 3226 1571 3278 Probum
1606 3251 1672 3262 —·
1709 3234 1763 3279 et
1800 3230 2047 3281 osculare
2071 3230 2158 3280 illi
2182 3245 2357 3297 genua
2387 3247 2502 3296 pro

514 3312 599 3347 me
634 3301 691 3346 et
724 3293 809 3346 dic
844 3295 964 3359 illi,
1016 3294 1082 3346 de
1128 3296 1226 3346 illo
1272 3302 1519 3347 extremo
1562 3312 1718 3348 versu
1761 3295 2117 3349 Terentianus
2151 3314 2235 3349 me
2270 3299 2499 3350 indu-vit

516 3369 571 3416 in
610 3364 703 3415 illo
740 3365 1021 3430 eoeemplo:
1059 3364 1154 3416 Sie
1170 3367 1346 3431 satur
1380 3365 1691 3433 lacrymans
1709 3401 1726 3427 ,
1762 3367 2030 3432 classique
2060 3370 2314 3418 immittit
2334 3368 2502 3419 habe·-

512 3448 631 3484 nas.
698 3433 888 3483 Omnia
935 3439 1111 3484 tamen
1160 3450 1298 3499 quae
1330 3433 1558 3495 fuerunt
1592 3435 1759 3500 digna
1794 3440 2157 3497 correctione,
2189 3437 2492 3502 praevidit.

511 3501 585 3552 De
622 3502 795 3552 eodem
834 3517 885 3551 v.
924 3499 1123 3553 Ennod.
1164 3518 1374 3569 pernen.
1415 3518 1462 3569 p.
1493 3503 1613 3555 446.
1655 3519 1767 3570 epp.
1796 3502 1907 3568 vn,
1934 3505 2001 3557 27
2027 3505 2096 3555 ib.
2127 3504 2279 3557 Sirm.
2319 3504 2497 3558 Alium

513 3569 732 3622 Probum
770 3573 1181 3622 commemoravit
1217 3573 1320 3622 iam
1357 3571 1629 3635 Pithoeus,
1678 3575 1740 3622 de
1789 3589 1889 3640 quo
1936 3574 2060 3624 baec
2096 3574 2281 3625 scribit
2313 3573 2500 3640 Lupus

513 3639 674 3690 abbas
712 3639 847 3706 (epp.
884 3639 992 3692 XX
1027 3657 1075 3707 p.
1112 3641 1181 3695 27
1194 3640 1304 3705 b.):
1343 3640 1467 3692 Non
1502 3645 1809 3709 scripsisti,
1848 3642 1978 3707 qaid
2010 3643 2276 3694 Probus
2309 3649 2501 3696 noster

511 3713 785 3772 exerceat,
820 3709 1024 3759 scilicet
1048 3713 1232 3760 utrum
1256 3712 1311 3759 in
1337 3710 1486 3760 saltu
1515 3709 1834 3760 Germaniae
1870 3710 2187 3777 disciplinas
2221 3712 2495 3773 liberales,

513 3782 578 3827 nt
614 3780 753 3828 serio
789 3778 967 3828 dicere
1001 3779 1196 3829 solitus
1230 3783 1384 3841 erat,
1434 3778 1620 3830 ordine
1665 3783 1860 3829 currat
1875 3815 1892 3841 ,
1949 3795 2018 3830 an
2065 3786 2209 3830 certe
2242 3785 2497 3847 satyram

513 3847 855 3909 inchoatam,
896 3845 1043 3911 quod
1073 3850 1254 3912 magis
1289 3850 1581 3913 existimo,
1617 3854 1834 3899 struens
1875 3848 2184 3899 Ciceronem
2219 3855 2271 3900 et
2307 3849 2360 3900 V
2359 3854 2495 3917 irgi-

513 3915 644 3965 lium
684 3920 1026 3980 caeterosque
1060 3918 1303 3980 opinione
1333 3919 1449 3967 eius
1465 3918 1884 3982 probatissimos
1909 3920 2050 3969 viros
2093 3920 2148 3967 in
2198 3919 2494 3970 electorum

512 3984 797 4050 colleg-iam
834 3983 1112 4033 admittat.
1176 3983 1244 4035 Et
1272 3985 1460 4037 iterum
1497 3987 1632 4054 (epp.
1670 3984 1902 4037 xxxtv
1939 4003 1989 4053 p.
2026 3988 2216 4051 47⁸.):
2257 3988 2495 4039 Probum

509 4067 615 4102 non
655 4059 763 4103 tam
802 4051 1011 4117 aliquid
1043 4051 1271 4103 edidisse
1304 4054 1583 4120 admiror,
1621 4070 1784 4122 quam
1821 4069 1925 4106 non
1952 4057 2196 4107 omnibns
2221 4060 2330 4108 iam
2355 4063 2496 4109 scri-

513 4122 668 4172 bendi
698 4123 989 4173 materiam
1021 4122 1328 4173 abstulisse.
