2764 4738
566 392 688 458 132
1306 395 1478 456 sA‘r.
1513 396 1584 467 11,
1617 400 1697 458 52
1728 402 1941 488 -‚55.

565 580 674 640 tur,
706 589 757 626 v.
806 566 1068 644 exempla
1114 563 1260 644 apud
1304 567 1601 628 Muncker.
1648 565 1788 625 diss.
1820 564 1892 624 de
1938 563 2146 643 Hygin.
2199 586 2258 644 p.
2300 569 2382 628 10
2414 586 2498 646 sq.
2543 577 2594 624 et

566 674 705 733 quos
737 652 926 712 laudat
958 651 1127 710 HaaS.
1161 649 1230 710 ad
1260 651 1478 731 Reisig.
1510 672 1743 730 gramm.
1778 653 1874 710 lat.
1907 651 1938 728 §
1971 655 2074 712 77.
2126 653 2389 710 Cratera
2418 663 2594 710 autem

565 737 711 818 apud
742 738 1076 797 Ciceronem
1110 737 1303 810 (Verr.
1335 738 1433 809 IV,
1467 743 1568 806 59,
1606 742 1773 812 131),
1805 736 2093 795 Horatium
2129 736 2343 810 (Carm.
2377 736 2470 808 111,
2504 740 2594 802 18,

566 831 625 886 7.
660 823 804 882 Satt.
835 823 904 893 11,
936 827 997 894 4,
1029 826 1133 893 80)
1172 824 1425 902 aliosque
1458 824 1683 898 legitur.
1757 824 1926 880 Dona
1966 822 2187 898 pingui
2218 841 2373 879 auro
2402 824 2593 880 incuso

568 909 640 969 ad
668 929 810 969 vasa
839 928 1044 985 aspera
1077 910 1361 986 pertinere
1409 909 1576 967 facile
1608 908 1966 986 intelligitur3
1999 908 2047 963 si
2077 909 2404 966 accuratius
2436 908 2595 984 inspi-

569 997 709 1059 cias,
739 993 811 1052 nd
842 993 1186 1052 Graecorum
1220 989 1612 1069 ἕμπαιστικήν
1636 990 1944 1052 reserenda
1973 990 2255 1063 videntur,
2285 1013 2342 1051 v.
2373 991 2593 1051 Lobeck

568 1078 638 1139 ad
670 1079 849 1157 Soph.
881 1079 976 1137 Αἰ.
1011 1083 1155 1139 847.
1184 1077 1329 1136 Nam
1360 1099 1496 1137 vasa
1528 1098 1561 1137 e
1593 1079 1845 1157 pretioso
1876 1078 2098 1135 metallo
2131 1078 2287 1136 facta
2316 1097 2442 1136 cum
2472 1096 2595 1134 ana·

569 1165 793 1244 glypbis
826 1165 1015 1222 ornari
1059 1164 1345 1236 solerent,
1390 1166 1569 1242 potnit
1614 1165 1721 1222 boc
1752 1162 1979 1221 diverso
2012 1160 2177 1220 modo
2208 1163 2370 1233 fieri,
2410 1173 2502 1221 aut
2526 1164 2593 1220 ita

571 1263 631 1309 ut
662 1271 736 1310 ex
767 1253 891 1326 ipso
923 1249 1148 1307 metallo
1181 1249 1342 1307 caelo
1372 1249 1463 1308 vel
1483 1249 1685 1308 malleo
1717 1246 2149 1308 elaborareutur
2177 1248 2420 1326 figurae,
2453 1249 2594 1307 cuius

439 1367 454 1383 ·
570 1338 801 1413 generis
847 1332 995 1392 baud
1035 1353 1216 1412 pauca
1248 1333 1542 1413 hodieque
1592 1345 2107 1412 supersunt-vasa,
2150 1346 2251 1392 aut
2290 1333 2595 1412 anaglypha

571 1422 807 1480 seorsim
840 1420 1100 1497 perfecta
1131 1420 1489 1478 extrinsecus
1516 1417 1860 1479 adderentur
1888 1419 2159 1488 vasculis,
2191 1438 2343 1497 quae
2375 1430 2595 1477 crustae

570 1506 660 1565 vel
707 1506 1047 1564 emblemata
1096 1502 1426 1563 dicebantur
1464 1505 1605 1578 (Cic.
1652 1505 1822 1564 Verr.
1863 1504 1963 1575 lv,
1994 1507 2098 1573 23,
2132 1509 2276 1576 52);
2328 1503 2474 1583 quod
2501 1503 2595 1560 hoc

573 1590 734 1650 modo
766 1600 1019 1649 ornatum
1052 1600 1196 1662 erat,
1226 1588 1522 1649 dicebatur
1553 1585 1898 1666 ἐμπαιστόν,
1931 1591 2215 1647 mensum.
2291 1589 2384 1648 De
2415 1587 2593 1647 eadem

572 1697 637 1735 re
669 1677 913 1755 loquitur
944 1673 1167 1734 Seneca
1200 1681 1352 1753 (epp.
1385 1675 1457 1746 V,
1489 1680 1590 1747 2):
1638 1674 1808 1746 „Non
1840 1675 2147 1733 habeamus
2193 1686 2521 1752 argentum,
2549 1674 2594 1729 in

573 1759 721 1841 quod
777 1760 941 1820 solidi
986 1763 1107 1818 auri
1151 1761 1442 1819 caelatura
1483 1759 1916 1820 descenderit.“
1960 1759 2240 1838 Exemplo
2282 1762 2363 1819 sit
2417 1770 2594 1838 patera

574 1867 751 1906 aurea
796 1844 943 1924 apud
986 1845 1256 1904 Millinum
1304 1845 1482 1920 (Mon.
1533 1844 1687 1905 laed.
1736 1846 1843 1925 Ip.
1875 1849 2001 1907 225
2047 1851 2238 1925 sqq.),
2279 1848 2376 1904 cui
2418 1843 2594 1904 inserti

577 1942 708 1991 sunt
751 1931 1140 1991 emblematum
1181 1931 1309 1989 loco
1354 1933 1555 1989 nummi
1602 1932 1779 1990 aurei.
1839 1933 2052 1990 Pectus
2096 1932 2330 1989 laevum
2364 1930 2511 2000 dicit,
2545 1938 2597 1986 ut

575 2018 850 2095 Virgilius
899 2015 1045 2089 (Ecl.
1092 2016 1136 2086 1,
1194 2020 1291 2077 16.
1336 2016 1490 2076 Aen.
1536 2016 1606 2088 11,
1656 2022 1760 2090 54)
1796 2019 1891 2086 ait,
1939 2015 2047 2088 „Si
2092 2036 2253 2076 mens
2300 2037 2414 2075 non
2455 2015 2592 2072 laeva

578 2103 847 2173 suisset,“
879 2121 953 2160 ex
983 2102 1191 2160 usitato
1234 2121 1392 2160 more
1424 2099 1708 2181 loquendi,
1742 2122 1849 2180 quo
1879 2113 2077 2180 pectus
2109 2103 2354 2161 animum
2386 2103 2595 2178 eiusque

575 2188 813 2247 affectus
845 2197 1021 2256 notat,
1055 2189 1146 2267 qui
1178 2207 1253 2245 ex
1283 2191 1566 2246 sententia
1598 2186 1942 2266 quorundam
1988 2187 2091 2245 sub
2135 2199 2378 2265 pectore
2409 2187 2595 2245 latebat

576 2274 678 2344 (cs.
699 2272 897 2350 Lange
927 2291 1103 2330 verm.
1127 2270 1290 2331 Scbr.
1326 2294 1377 2350 p.
1419 2277 1536 2334 112
1568 2273 1801 2352 sq.).1ta
1833 2272 2135 2332 Lucretius
2171 2273 2288 2346 (111,
2314 2277 2432 2335 137
2446 2276 2595 2350 sqq.)-

575 2359 739 2431 Dico,
770 2360 867 2428 ait,
899 2369 1067 2436 caput
1096 2379 1229 2418 esse
1263 2360 1442 2438 quasi.
1469 2369 1529 2418 et
1559 2356 1845 2418 dominare
1889 2359 1945 2418 in
1977 2379 2218 2436 corpore
2266 2369 2389 2417 toto
2420 2356 2595 2416 Consi·

577 2446 726 2514 lium,
758 2444 903 2523 quod
935 2464 1038 2501 uos
1070 2447 1308 2502 animum
1326 2456 1681 2524 mentemque
1711 2464 2001 2515 vocamus,
2030 2443 2198 2524 idque
2231 2447 2400 2502 situm
2429 2443 2595 2502 media

577 2532 818 2607 regione
849 2532 908 2587 in
932 2531 1196 2609 pectoris
1228 2530 1448 2588 haeret.
1519 2530 1623 2589 Hic
1655 2531 1900 2589 exsultat
1930 2531 2074 2588 enim
2107 2549 2287 2608 pavor
2317 2550 2388 2589 ac
2417 2539 2595 2591 metus,

580 2618 727 2675 haec
781 2617 907 2673 loca
948 2616 1165 2674 circum
1208 2616 1503 2674 Laetitiae
1547 2617 1823 2674 mulcent.
1895 2615 2175 2694 Antiquos
2221 2616 2508 2684 homines,
2547 2621 2597 2669 ut

579 2721 705 2772 nos,
736 2720 875 2778 prae
905 2698 1111 2777 gaudio
1158 2699 1398 2758 sudasse
1432 2712 1491 2759 et
1522 2701 1879 2772 lacrimasse,
1911 2702 1989 2758 ita
2020 2703 2165 2759 euim
2195 2695 2593 2778 intelligendum

582 2796 673 2845 cst
713 2795 923 2863 guttas
963 2795 1275 2856 excutere,
1338 2807 1450 2843 non
1510 2797 1600 2844 est
1658 2785 1815 2865 'quod
1872 2786 2013 2844 locis
2074 2787 2259 2845 allatis
2320 2785 2591 2845 doceatur.

589 2872 1039 2947 Prae-trepidum
1069 2890 1172 2929 cor
1200 2891 1253 2928 v.
1286 2869 1354 2928 ad
1388 2871 1433 2943 Ι,
1464 2875 1566 2933 20.
1596 2872 1787 2941 Hine,
1832 2891 1907 2930 ex
1947 2872 2056 2930 hoc
2107 2891 2385 2948 perverso
2415 2870 2595 2928 affectu

578 2956 763 3015 subiit
784 2957 1057 3026 animum,
1120 2954 1265 3035 quod
1307 2957 1434 3015 aliis
1481 2958 1619 3015 locis
1651 2955 1874 3014 additur
1920 2955 2069 3029 (Liv.
2103 2956 2389 3028 XXXVI,
2418 2958 2511 3024 20,
2539 2956 2590 3013 3.

582 3040 746 3100 Ovid.
783 3041 921 3099 Met.
970 3040 1096 3111 XII,
1141 3045 1328 3113 472),
1373 3043 1499 3099 aliis
1545 3043 1817 3100 omittitur
1865 3040 2055 3114 (Ovid.
2092 3041 2267 3100 Trist.
2298 3041 2394 3113 111,
2425 3045 2480 3110 8,
2507 3041 2592 3099 38.

582 3126 727 3185 Plin.
763 3125 831 3184 fl.
862 3125 936 3184 N.
968 3125 1156 3197 XXV,
1205 3130 1266 3197 3,
1297 3132 1356 3188 7.
1389 3126 1634 3197 XXXV,
1680 3133 1740 3199 7,
1773 3130 1902 3197 31),
1946 3124 2095 3206 quod
2130 3145 2345 3185 sacras
2390 3125 2593 3184 deorum

566 3211 767 3291 facies
807 3213 1090 3289 perducis
1129 3210 1316 3288 (Virg.
1364 3211 1576 3290 Georg.
1623 3211 1723 3283 lV,
1765 3216 1914 3285 416)
1964 3230 2114 3270 auro
2146 3213 2250 3285 (cf.
2301 3212 2460 3289 Virg.
2487 3207 2594 3267 Ecl.

581 3296 703 3368 vll,
737 3301 817 3359 35
849 3317 933 3376 sq.
965 3295 1193 3375 Priape,
1233 3296 1398 3356 Nunc
1429 3309 1485 3357 te
1518 3316 1888 3356 marmoreum
1920 3298 2193 3370 fecimus,
2235 3307 2296 3355 at
2325 3309 2406 3369 tu,
2437 3294 2494 3353 Si
2521 3294 2595 3350 se·

584 3395 707 3440 tura
738 3402 975 3460 gregem
1018 3380 1382 3460 suppleverit,
1432 3402 1640 3442 aureus
1672 3388 1848 3456 esto),
1882 3381 2031 3462 quod
2074 3393 2307 3441 ovatum
2352 3379 2595 3442 audacter

469 3461 476 3470 ⁶
583 3465 797 3526 dixisse
827 3465 1069 3538 videtur,
1100 3479 1161 3526 ut
1192 3466 1425 3527 Ovidius
1459 3476 1611 3546 (epp.
1644 3488 1719 3525 ex
1750 3467 1926 3527 Ponto
1958 3468 2028 3540 11,
2064 3474 2119 3538 1,
2152 3473 2258 3538 41)
2295 3465 2596 3545 triumpha-

583 3564 702 3611 tum
734 3573 969 3624 aurum,
1003 3551 1151 3632 quod
1180 3554 1232 3610 in
1266 3554 1544 3611 orationis
1577 3573 1779 3633 pompa
1810 3554 2035 3613 allatum
2080 3565 2141 3611 et
2184 3551 2593 3612 circumductum

586 3640 708 3698 ruit.
767 3638 1085 3697 Aurearum
1133 3649 1441 3696 statuarum
1488 3641 1748 3716 exempla
1793 3638 1939 3716 apud
1981 3640 2240 3716 antiquos
2286 3655 2593 3696 commemo·

584 3734 782 3781 rantur
812 3722 958 3782 haud
991 3724 1067 3781 ita
1101 3744 1299 3800 pauca,
1347 3724 1423 3782 cf.
1455 3723 1683 3781 Martin-
1718 3723 1788 3781 ad
1817 3724 2046 3782 Ernesti
2080 3724 2236 3782 arch.
2271 3725 2376 3781 litt.
2409 3744 2459 3802 p.
2496 3722 2585 3780 171

585 3828 673 3887 sq.
706 3807 973 3866 Ceterum
1020 3809 1096 3866 cf.
1142 3808 1349 3868 Seuec.
1399 3828 1528 3886 epp.
1562 3808 1738 3880 CXV,
1785 3813 1895 3870 11:
1942 3806 2427 3881 „Admirationem
2456 3804 2592 3864 uobis

551 3903 855 3972 ·parontes
900 3894 1023 3951 anri
1062 3896 1395 3973 argentique
1438 3895 1702 3952 fecerunt
1741 3904 1800 3951 et
1853 3896 2071 3952 teneris
2115 3895 2305 3953 infusa
2350 3889 2593 3971 cupiditas

588 3978 739 4038 sedit
767 3981 1057 4057 crevitque
1090 3979 1400 4038 nobiscum.
1446 3978 1666 4038 Deinde
1700 3970 1848 4038 totus
1894 3979 2132 4058 populus
2177 3981 2231 4037 in
2263 3979 2376 4038 alia
2405 3977 2592 4036 discors

587 4067 641 4124 in
673 4064 782 4123 boc
813 4065 1113 4136 convenit3
1147 4064 1253 4123 hoc
1284 4066 1617 4143 suspiciunt,
1650 4064 1757 4123 hoe
1790 4065 1907 4124 suis
1939 4075 2164 4145 optant,
2193 4064 2305 4124 boc
2335 4063 2438 4124 diis
2465 4058 2593 4119 velut

338 4328 357 4337 X
466 4406 695 4583 *-
