2764 4738
477 376 580 422 clv
1138 353 1854 419 PRoLEGoMENA.

473 525 655 603 bilia,
714 523 1202 613 Thestylida
1261 536 1443 611 atquc
1501 525 2074 591 Adoniazusas
2131 521 2207 588 ad
2253 520 2534 610 Sophro-

476 647 733 694 neorum
803 628 1119 693 mimorum
1199 629 1539 713 exemplum
1601 627 1934 714 composita
1994 647 2132 691 esse
2192 627 2532 710 antiquitus

472 731 757 796 traditum
789 741 886 795 est
922 738 968 794 ¹.
1031 728 1136 793 Ex
1181 730 1273 795 his
1318 731 1504 815 igitur
1544 731 1919 816 potissimum
1952 739 2227 793 naturam
2258 739 2324 792 et
2353 728 2536 793 indo·

471 833 591 899 lem
620 833 934 899 mimorum
979 831 1339 899 adumbrare
1384 848 1737 916 possumus,
1786 851 2138 915 quamquam
2178 830 2242 895 in
2288 831 2525 896 ceteris

474 955 707 1022 quoque
738 935 1030 1021 poematis
1060 934 1281 1013 studii,
1331 935 1489 1017 quod
1536 935 1600 999 iu
1632 931 1953 1020 Sophrone
1985 932 2184 1018 posuit
2215 930 2528 997 Theocri-
2603 1008 2610 1015 ‚

472 1048 607 1118 tus,
655 1038 914 1123 vestigia
944 1046 1257 1122 apparent.
1311 1033 1545 1118 Quodsi
1578 1035 1674 1101 hic
1718 1037 1791 1100 ad
1824 1057 1971 1101 suae
2003 1034 2221 1099 aetatis
2252 1035 2528 1118 artisque

469 1140 735 1204 indolem
780 1138 939 1204 haud
984 1160 1169 1224 pauca
1215 1137 1349 1203 sine
1398 1139 1576 1203 dubio
1623 1139 1913 1218 mutavit,
1968 1158 2119 1222 quae
2175 1137 2295 1215 iam
2345 1138 2527 1201 nimis

469 1243 644 1307 rudia
701 1242 1067 1308 videbantur
1124 1240 1455 1325 mitigavit,
1518 1251 1582 1304 et
1639 1241 1884 1307 omnino
1925 1240 1986 1304 in
2034 1238 2419 1323 expoliendis
2461 1250 2529 1304 et

469 1344 809 1430 levigandis
866 1344 1120 1430 singulis
1176 1342 1252 1408 ad
1310 1345 1493 1428 longe
1538 1342 1786 1406 maioris
1832 1341 2223 1427 perfectionis
2280 1339 2527 1407 laudem

469 1444 799 1530 aspiravit,
847 1466 1110 1510 summas
1143 1455 1342 1508 tamen
1375 1445 1668 1524 virtutes,
1718 1443 1957 1528 quasin
1990 1439 2310 1527 Sophrone
2345 1444 2529 1509 mira·

470 1547 693 1611 bantur
734 1546 1002 1630 antiqui,
1052 1567 1136 1611 ex
1168 1544 1507 1613 Theocrito
1542 1547 1803 1610 maxime
1833 1545 2253 1610 diiudicamuS.
2329 1544 2528 1611 Prae-

360 1714 367 1721 ,
468 1658 747 1732 terquam
778 1647 935 1713 enim
968 1648 1125 1732 quod
1155 1649 1396 1733 singula
1418 1693 1436 1727 ,
1484 1669 1636 1731 quae
1674 1648 1749 1712 de
1784 1642 2105 1732 Sophrone
2138 1646 2523 1732 collegimus,

468 1749 623 1833 apud
656 1746 827 1823 hunc,
847 1748 1229 1829 invenimus,
1277 1749 1342 1812 in
1374 1750 1506 1817 eius
1555 1747 1918 1819 carminibus
1962 1747 2236 1831 spiritum
2284 1771 2525 1834 quoque

471 1850 735 1916 divinum
767 1851 1341 1929 animadvertimus,
1390 1869 1505 1933 quo
1551 1870 1625 1915 ea
1671 1849 1871 1912 omnia
1918 1848 2087 1931 quasi
2118 1850 2179 1912 iu
2210 1851 2394 1915 vitam
2429 1871 2527 1914 re-

467 1960 792 2016 vocantur.
853 1951 1246 2017 Admiramur
1288 1952 1618 2037 ingenuam
1662 1962 1842 2034 atque
1876 1952 2139 2016 nativam
2172 1952 2526 2037 simplicita-

466 2063 588 2117 tem
611 2099 631 2132 ,
679 2075 795 2137 qua
827 2054 1131 2121 hominum
1160 2055 1346 2119 vitam
1379 2064 1442 2119 et
1472 2074 1676 2118 mores
1697 2099 1715 2131 ‚
1752 2053 1986 2117 animos
2019 2062 2084 2116 et
2111 2055 2314 2119 vultus
2335 2101 2354 2134 ,
2389 2076 2527 2120 ser-

467 2175 706 2220 monem
753 2168 815 2221 et
856 2166 1067 2241 gestus
1109 2156 1284 2221 nobis
1332 2156 1644 2241 depingit,
1695 2165 1761 2219 ut
1795 2176 1929 2218 cum
1958 2154 2034 2219 iis
2066 2154 2276 2220 vivere
2309 2156 2524 2222 videa-

466 2279 629 2323 mur.
674 2257 760 2322 Et
792 2257 947 2322 hanc
978 2258 1418 2342 simplicitatem
1450 2268 1629 2340 atque
1676 2256 1992 2329 veritatem
2017 2303 2036 2336 ,
2085 2277 2256 2340 quam
2288 2260 2523 2325 sentire

467 2360 704 2425 facilius
747 2380 923 2443 quam
968 2362 1312 2447 exprimere
1359 2360 1598 2445 possis,
1655 2382 1778 2425 non
1839 2361 2042 2426 minor
2084 2372 2251 2425 certe
2302 2361 2415 2426 suit
2457 2362 2524 2426 in

468 2458 825 2546 Sophrona,
890 2463 1059 2528 cuius
1115 2463 1460 2550 ingenium,
1521 2463 1575 2526 si
1635 2464 1793 2527 forte
1850 2485 1971 2526 non
2018 2474 2138 2528 tam
2182 2463 2356 2528 dulc'e
2403 2485 2521 2529 nec

468 2584 544 2629 ea
586 2574 719 2627 arte
764 2564 1091 2628 emollitum
1139 2567 1288 2644 fuit,
1350 2576 1416 2630 ut
1457 2566 1520 2630 in
1572 2564 1909 2630 Theocrito
1957 2566 2366 2645 admiramur,
2428 2567 2521 2631 vi-

467 2686 616 2751 gore
658 2675 862 2730 tamen
906 2676 968 2731 et
1012 2668 1247 2732 facetiis
1292 2688 1443 2733 vere
1484 2667 1869 2754 popularibus
1928 2668 2520 2754 praestantissimum

467 2779 637 2833 certe
671 2767 807 2833 fuit.
1499 2795 1520 2811 ·

637 2869 813 2954 Quae
859 2870 1164 2954 hucusque
1211 2874 1552 2960 disputavi,
1614 2885 1912 2959 quatenus
1956 2872 2032 2937 ad
2077 2870 2278 2940 Persii
2319 2884 2520 2940 artem

463 2970 904 3039 diiudicandam
933 2975 1198 3054 faciant,
1246 2997 1366 3041 non
1408 2978 1583 3042 latet.
1648 2971 1902 3041 Scilicet
1931 2976 2153 3040 clarius
2183 2975 2302 3039 iam
2332 2976 2520 3042 intel-

462 3075 727 3161 ligetur,
772 3077 904 3143 iure
946 3078 1002 3141 ei
1046 3077 1341 3142 mimicam
1387 3091 1580 3143 artem
1635 3077 1872 3157 tribui,
1901 3089 1965 3143 et
2010 3089 2182 3143 recte
2228 3078 2521 3144 traditum

461 3177 697 3257 videri,
745 3200 880 3247 eum
909 3180 973 3245 in
1004 3177 1345 3266 Sophronis
1375 3181 1565 3247 mimis
1597 3183 1859 3247 studium
1888 3181 2165 3266 posuisse
2202 3187 2253 3243 ².
2320 3179 2523 3248 Prae-

531 3381 689 3420 carm.
744 3375 798 3421 et
844 3384 1051 3437 suppos.
1104 3386 1155 3436 p.
1192 3369 1261 3423 27
1285 3385 1395 3437 aqq.
1467 3369 1702 3439 Repuer,
1763 3368 1827 3421 da
1870 3370 2037 3422 variis
2085 3368 2517 3425 Theocriteorum

528 3436 825 3505 idylliorum
863 3439 1139 3502 generibus
1175 3455 1223 3505 p.
1267 3440 1330 3491 12
1350 3454 1463 3505 sqq.

462 3505 488 3556 1
527 3505 652 3567 Arg.
691 3505 765 3557 ld.
806 3505 881 3558 112
934 3506 1043 3592 Τὴν
1077 3503 1135 3559 δὲ
1175 3503 1468 3559 &sordida
1504 3504 1533 3558 ὁ
1573 3501 1861 3576 Θεόκριτος
1910 3500 2278 3573 ἀπειροκάλως
2311 3501 2373 3557 ἐκ
2405 3508 2520 3558 τῶν

526 3571 824 3642 Σώφρονος
868 3592 1154 3644 μετηνεγκε
1198 3577 1398 3643 μίμων.
1470 3578 1594 3640 Arg.
1645 3576 1717 3627 ld.
1773 3574 1908 3627 XV:
1962 3571 2287 3645 Παρέπλασε
2337 3569 2398 3625 δὲ
2449 3574 2515 3627 τὸ

527 3642 861 3707 ποιημάτιον
908 3640 966 3695 ἐκ
1009 3647 1119 3697 τῶν
1164 3642 1316 3714 παρὰ
1348 3642 1444 3696 Σώ
1491 3663 1608 3713 pom
1641 3645 1903 3709 θαμένων
1934 3642 2003 3695 τὰ
2029 3640 2279 3709 Ἴσθμια.
2351 3643 2521 3709 Frag-

526 3720 698 3830 ἒιοιιὲι
755 3712 1039 3838 δορέινουίε)
1097 3730 1211 3765 cum
1274 3716 1402 3766 locis
1449 3665 1779 3765 ‘ffi’heocriteis
1831 3715 2117 3780 composuit
2160 3712 2364 3782 Gryaar
2426 3714 2519 3780 (de

568 3795 595 3828 o
668 3795 713 3830 r.
789 3816 803 3830 .
900 3796 925 3830 a
999 3818 1012 3832 .
1045 3819 1059 3832 .

456 3847 493 3903 2
524 3795 739 3899 Noiavit
755 3795 1034 3901 pffliilldlr‘in
1083 3850 1361 3912 (arehaeol.
1416 3851 1443 3916 ξ
1481 3850 1603 3914 335,
1641 3851 1674 3904 2
1723 3865 1771 3915 p.
1810 3850 1933 3913 462)
1981 3850 2044 3900 de
2091 3864 2298 3917 rugosa
2334 3867 2515 3903 sanna

524 3915 615 3982 (V,
655 3917 771 3982 91):
838 3918 1059 3970 Persius
1114 3920 1199 3970 ale
1244 3918 1591 3971 Nackahmat·
1641 3934 1743 3970 von
1795 3917 2040 3983 Sophron
2099 3922 2178 3970 iet
2238 3921 2390 3970 reich
2440 3937 2514 3971 an

521 3985 740 4038 solcken
790 3985 974 4053 Zit‘gen
991 4026 1009 4053 ,
1067 3987 1183 4040 und
1228 3988 1343 4040 will
1389 3993 1495 4041 mit
1540 3987 1973 4054 aretalogisehm·
2017 3990 2267 4058 mimia-y
2318 4004 2514 4058 vorge-

95 4077 301 4441 ·
472 4087 481 4106 2
532 4061 724 4124 tragon
762 4057 989 4110 werden.
