2764 4738
645 372 934 491 senon.
964 419 1071 482 An
1105 418 1274 481 sA'r.
1307 420 1379 494 11,
1426 424 1528 484 ⁷4.
1560 424 1663 482 75.
1701 418 1795 493 111,
1830 424 1887 481 1.
2166 413 2296 483 293

423 599 527 657 ⁷4.
571 588 680 673 Et,
718 596 1005 653 incoctum
1049 611 1360 668 generoso.
1446 592 1744 651 Incoctum
1758 634 1782 663 ,
1861 587 1921 649 id
1971 600 2060 651 est
2125 587 2291 650 valde

251 691 474 741 coctum
520 699 589 739 ac
654 679 975 738 maturitate
1032 677 1200 751 animi
1244 687 1305 736 et
1346 675 1659 735 honestatis
1688 677 1935 757 plenum.
2016 677 2302 734 Generosi

252 764 550 838 dicuntur,
604 766 699 844 qni
741 763 986 844 propitio
1027 763 1201 841 genio
1245 772 1591 834 nascuntur,
1647 772 1708 822 et
1747 759 1880 821 ideo
1927 760 2193 821 benevoli
2235 770 2298 821 et

253 850 505 911 honesti.

428 939 531 997 ⁷5.
575 937 741 994 Haec
769 935 949 1006 cedo,
995 943 1073 993 ‚ut
1107 934 1445 992 admoveam
1491 932 1739 1010 templis.
1833 932 1915 990 Ce
1943 931 2001 988 in
2029 928 2295 988 hocloco

255 1018 502 1083 adiectio
532 1018 841 1100 syllabica:
891 1038 1020 1078 nam
1049 1019 1105 1078 in
1136 1020 1278 1078 cedo
1306 1017 1485 1078 verbo
1515 1015 1860 1095 producitur.
1923 1014 2028 1077 llic
2071 1033 2295 1096 quoque

259 1125 465 1166 sensus
496 1105 567 1165 ab
600 1102 834 1165 Horatio
859 1110 881 1144 ¹
912 1114 1165 1183 sumptus
1196 1114 1318 1174 est,
1349 1103 1442 1183 qui
1473 1105 1583 1161 ait:

514 1192 792 1251 Immumle
821 1208 990 1249 aram
1016 1191 1080 1249 si
1106 1189 1315 1265 tetigit
1338 1207 1572 1260 manus,

513 1277 647 1335 Non
675 1286 1016 1354 sumptuosa
1048 1274 1325 1334 blandior
1352 1273 1548 1332 Ιιοειία

514 1363 784 1421 Molle'm‘t
802 1378 1044 1419 aversos
1066 1369 1318 1439 penates

518 1448 715 1508 Ferre
734 1447 841 1527 pio
872 1454 936 1505 et
958 1447 1214 1507 saliente
1241 1445 1414 1505 mt’ea.

910 1882 1476 1947 SATIRA
1560 1884 1654 1946 111.

438 2096 493 2152 1.
537 2090 762 2169 Nempe
805 2090 915 2148 ltoc
953 2089 1239 2148 assidue?
1305 2087 1380 2148 id.
1407 2099 1534 2160 est,
1612 2086 1873 2170 numquid
1917 2109 2027 2149 non
2073 2087 2300 2151 assidue

263 2177 371 2235 hoc
417 2177 599 2235 facis?
655 2176 878 2254 Nempe
921 2171 1071 2234 enim
1117 2185 1211 2234 est
1249 2176 1535 2255 numquid
1569 2195 1704 2235 non.
1762 2176 1823 2235 ln
1867 2173 1973 2235 bac
2018 2178 2197 2236 satira
2242 2178 2296 2233 in

263 2260 538 2322 desidiam
569 2272 631 2321 et
659 2261 1141 2340 intemperantiam
1172 2260 1452 2323 hominum
1482 2263 1793 2334 invehitur,
1838 2274 1898 2322 et
1926 2264 2005 2323 ita
2036 2263 2303 2323 hesterno

263 2350 395 2408 vino
439 2348 700 2420 onerari,
742 2358 802 2407 ut
848 2346 1131 2407 edormire
1177 2358 1309 2408 ante
1356 2346 1552 2408 horam
1596 2350 1841 2430 quintam
1898 2371 2009 2409 non
2063 2347 2303 2430 possint,

264 2454 433 2515 quam
478 2432 749 2494 desidiam
794 2454 1070 2514 uunquam
1115 2431 1252 2498 dicit
1296 2437 1518 2498 evitari.
1591 2436 1668 2501 Et
1720 2439 2013 2517 quaeritur
2065 2435 2302 2497 subinde

264 2540 474 2580 causas
525 2520 714 2591 necti,
756 2521 1049 2604 quominus
1091 2516 1278 2579 studia
1321 2520 1704 2581 celebrentur.
1762 2520 1856 2584 Ad
1895 2521 2004 2583 hoc
2034 2542 2177 2601 ergo
2209 2542 2304 2583 sa-

265 2607 412 2666 tirae
456 2606 786 2685 principium
812 2607 1100 2688 pertinet,
1141 2603 1289 2690 quod
1319 2605 1637 2688 philosophi
1668 2605 1860 2667 dicunt
1890 2628 2136 2668 necesse
2167 2627 2301 2668 esse

262 2693 417 2752 vitiis
462 2693 775 2771 sapientem
820 2688 1093 2750 incidere.
1155 2689 1271 2751 Sed
1302 2692 1411 2750 hoc
1441 2692 1592 2751 inter
1619 2694 1933 2772 sapientem
1965 2694 2305 2773 stultumque

264 2778 542 2848 interest,
584 2774 734 2856 ‚quod
779 2796 844 2835 se
888 2775 1040 2835 vitiis
1087 2777 1318 2854 sapiens
1359 2778 1473 2836 cito
1517 2778 1759 2850 evolvit,
1804 2776 2011 2839 ibidem
2052 2798 2241 2839 merso
2279 2785 2306 2817 2

267 2873 439 2942 atque
482 2863 731 2921 involuto
772 2861 963 2921 stulto.
1037 2860 1228 2940 Ergo,
1270 2881 1344 2922 ne
1386 2863 1471 2933 is,
1515 2883 1679 2943 quem
1721 2862 1954 2926 Persius
1985 2864 2090 2923 hac
2122 2863 2299 2923 satira

267 2948 341 3007 ob
384 2945 655 3008 desidiam
701 2947 925 3025 culpat,
986 2944 1055 3005 ad
1101 2949 1527 3006 excusationem
1579 2951 1666 3008 sui
1711 2950 1958 3008 criminis
2002 2947 2155 3009 dicat
2213 2967 2306 3008 sa-

268 3035 514 3114 pientem
561 3051 781 3113 quoque
825 3051 999 3112 posse
1047 3032 1385 3112 aliquotiens
1425 3035 1561 3093 vitio
1605 3032 1878 3104 detineri,
1920 3034 2031 3094 hoc
2072 3035 2306 3113 primum

268 3120 326 3180 ei
370 3129 539 3198 poeta
586 3119 882 3196 opposuit,
943 3115 1092 3197 quod
1132 3119 1182 3176 is
1230 3138 1339 3177 non
1388 3118 1719 3199 aliquando,
1764 3117 1866 3178 sed
1898 3117 2126 3178 assidue
2158 3120 2307 3179 vitiis

271 3214 458 3263 semet
514 3201 834 3263 tradiderit.
943 3202 1183 3262 'Hanc
1237 3206 1542 3264 satiram
1600 3214 1815 3284 poeta
1883 3224 1971 3264 ex
2030 3203 2305 3264 Lucilii
2364 3177 2427 3353 Η

270 3289 395 3349 lib.
427 3289 975 3360 [Vtranstulit‚
1019 3290 1538 3367 castigantis³
1580 3291 1954 3351 luxuriam
1998 3288 2306 3349 divitum
2390 3321 2393 3334 ν

272 3387 347 3434 et
387 3373 644 3433 vitia.¹⁸¹
715 3373 791 3432 Et
833 3394 957 3433 cum
1002 3371 1215 3433 inducit
1243 3374 1634 3454 paedagogum
1665 3377 2054 3454 obiurgantem
2086 3374 2310 3434 schola-

272 3460 514 3533 sticum,
588 3460 846 3538 increpat
903 3459 1195 3518 humanam
1251 3463 1458 3531 vitam,
1527 3472 1589 3520 et
1645 3460 1772 3520 dum
1831 3461 2141 3540 exprobrat
2197 3461 2312 3532 uni,

272 3546 513 3604 omnium
557 3554 719 3603 notat
756 3545 1075 3622 segnitiem.
1134 3545 1208 3603 Et
1249 3545 1463 3606 inducit
1509 3567 1674 3606 unum
1715 3566 1790 3605 ex
1819 3545 2115 3605 comitibus
2146 3545 2310 3604 alium

273 3631 668 3708 castigantem.
806 3632 934 3690 Iam
965 3632 1189 3689 clarum
1219 3651 1421 3692 mane.-
1465 3651 1634 3691 mane
1665 3649 1867 3691 nomen
1900 3641 1992 3690 est
2017 3631 2311 3709 temporis,

272 3736 387 3775 non
425 3726 665 3795 tempus.
725 3713 872 3774 Nam
915 3735 1084 3774 manc
1129 3716 1350 3796 quando
1395 3718 1574 3797 ipsum
1606 3728 1823 3796 tempus
1854 3716 2164 3794 significat,
2209 3713 2310 3775 ad-

274 3801 528 3862 verbium
570 3811 664 3862 est
705 3810 767 3861 et
806 3801 984 3861 verbo
1012 3801 1321 3878 cohaeret,
1372 3813 1437 3864 ut
1473 3821 1641 3863 mane
1672 3804 1868 3876 venit,
1911 3821 2082 3863 mane
2109 3801 2308 3883 serit,-

165 3977 194 4004 ⁸
281 3987 306 4039 1
348 3986 470 4038 Hor.
509 4001 667 4037 carm.
707 3939 798 4046 Ill,
836 3987 925 4051 23,
967 3986 1030 4040 ¹7
1054 4002 1163 4057 sqq.

275 4054 315 4178 Ξ
346 4055 634 4192 ᾜέἒὲἒὲ
655 4070 740 4177 gli
767 4058 948 4192 ἔξω
971 4056 1093 4109 νὴ·
