2764 4738
556 431 651 474 ιιι
1197 408 1913 473 PRoLEGoMENA.

555 591 832 646 nostrum
878 576 1219 645 Cornutum
1263 591 1576 646 auctorem
1605 581 1881 665 agnovit.
1946 576 2129 662 Quod
2159 591 2364 645 tamen
2393 600 2638 644 asseu-

555 703 689 748 sum
734 681 1016 763 cohibet,
1065 683 1247 748 exilis
1291 682 1587 768 quaedam
1637 684 1930 748 sterilitas
1973 694 2101 763 est,
2149 703 2264 767 qua
2304 681 2407 746 hic
2455 681 2639 746 liber

556 784 926 870 compositus
957 796 1090 864 est,
1135 805 1289 868 quae
1333 805 1460 849 non
1503 785 1748 851 videtur
1793 787 2016 850 cadere
2054 786 2120 849 in
2150 786 2348 850 virum
2380 785 2635 849 eximie

557 888 839 966 doctum,
901 887 1137 970 qualem
1199 888 1334 951 iure
1402 887 1580 952 nobis
1632 898 2166 974 repraesentamus
2234 884 2628 952 Cornutum.

553 986 813 1053 Difficile
845 988 1034 1054 estin
1065 990 1181 1056 hac
1211 990 1490 1076 opusculi
1530 991 1884 1056 conditione
1905 1038 1924 1070 ‚
1974 990 2131 1075 quod
2175 989 2398 1054 misere
2448 989 2635 1053 lace-

553 1101 756 1156 ratum
799 1101 978 1174 atque
1024 1102 1374 1178 corruptum
1417 1103 1625 1159 exstat
1660 1101 1717 1169 ¹,
1765 1091 1985 1176 aliquid
2017 1091 2458 1177 pronuntiare3
2506 1113 2633 1157 ve-

557 1218 692 1262 rum
736 1217 875 1263 cum
914 1196 1063 1261 illud
1107 1192 1369 1260 Cornuti
1413 1216 1601 1281 opus,
1658 1194 1817 1278 quod
1866 1194 2080 1260 eodem
2126 1194 2301 1260 titulo
2346 1196 2636 1261 afferunt

556 1297 995 1365 Theodoretus
1038 1309 1104 1363 et
1142 1297 1353 1385 Etym.
1385 1295 1524 1379 Μ.,
1570 1308 1639 1363 ut
1680 1297 1981 1377 diximus,
2026 1297 2267 1383 vulgari
2306 1299 2448 1362 usui
2488 1307 2633 1362 tra-

555 1400 741 1466 ditum
783 1421 924 1467 esse
951 1400 1289 1480 videatur,'
1320 1411 1387 1465 et
1413 1422 1452 1465 a
1477 1399 1680 1466 multis
1709 1410 2061 1485 usurpatum
2081 1445 2100 1478 ,
2148 1421 2302 1483 quae
2332 1421 2437 1465 res
2466 1399 2631 1465 inde

556 1523 795 1588 qnoque
839 1504 1268 1581 confirmatur,
1323 1501 1481 1587 qnod
1523 1503 1822 1584 permulta
1863 1521 1948 1566 ex
1991 1522 2066 1566 eo
2108 1502 2266 1567 libro
2311 1524 2632 1588 gramma-

553 1606 702 1684 tici,
745 1604 1017 1690 inprimis
1062 1603 1321 1670 Hesiodi
1362 1605 1757 1682 scholiastae,
1806 1605 1873 1669 in
1914 1626 2091 1669 usum
2131 1625 2308 1670 suum
2350 1625 2628 1670 conver-

559 1717 768 1773 tcruut
801 1714 863 1783 2,
936 1706 1269 1773 videndum
1329 1727 1412 1771 an
1469 1707 1590 1773 hoc
1646 1727 1884 1791 quoqne
1944 1728 2129 1792 opus,
2195 1715 2264 1770 ut
2318 1716 2413 1771 tot
2464 1707 2622 1787 alia,

557 1810 1023 1896 epitomatorum
1078 1817 1143 1871 et
1195 1806 1527 1873 sciolorum
1561 1809 2007 1892 magistrorum
2067 1829 2256 1895 opera
2322 1808 2398 1873 ad
2455 1809 2626 1874 hanc

555 1911 940 1977 ieiunitatem
981 1911 1300 1976 redactum
1342 1923 1408 1977 et
1449 1911 1675 1977 luxatis
1719 1911 2005 1978 membris
2063 1912 2340 1995 maleque
2384 1911 2623 1977 curatis

554 2014 818 2101 turpiter
874 2013 1277 2079 deformatum
1337 2014 1442 2080 sit.
1517 2013 1615 2079 Εο
1660 2014 1893 2079 ducunt
1935 2013 2117 2078 etiam
2148 2013 2380 2079 diversi
2437 2014 2623 2080 huius

555 2116 699 2182 libri
740 2117 805 2180 in
850 2117 1032 2182 codd.
1066 2116 1261 2197 tituli,
1309 2138 1563 2201 quorum
1593 2137 1750 2180 unus
1780 2117 2129 2182 sententiae
2159 2135 2335 2182 meae
2366 2115 2624 2201 egregie

556 2219 937 2305 patrocinari
991 2219 1258 2285 videtur.
1297 2206 1316 2221 ⁸
1349 2218 1516 2283 Nam
1576 2218 1734 2303 quod
1791 2219 1857 2283 in
1917 2220 2057 2283 cod.
2120 2216 2270 2283 Vat.
2347 2217 2617 2302 legitur:

556 2313 1014 2411 Ηουρνούτου
1055 2319 1394 2408 ἐπιδρομή
1438 2321 1579 2389 τῶν
1622 2318 1797 2388 navo?
1841 2318 1972 2408 τήν
2005 2317 2399 2408 Ἑλληνικήν
2439 2327 2621 2388 θεω-

558 2423 720 2512 ρίαν
761 2422 1373 2511 παραδιδομένων,
1418 2424 1482 2488 id
1525 2425 1638 2489 vix
1683 2424 1927 2504 dubito,
1986 2427 2129 2510 quin
2173 2424 2622 2489 emendandum

558 2528 680 2593 site
759 2519 1162 2614 Κορνούτου
1233 2522 1531 2612 ἐπιτομή
1599 2524 1742 2593 τῶν
1805 2524 1978 2593 navo?
2034 2522 2165 2612 τήν
2220 2520 2622 2612 Ἑλληνικήν

557 2628 933 2716 θεολογίαν
988 2627 1580 2717 παραδιδομένων.
1673 2626 1855 2711 Quod
1922 2631 1976 2694 si
2034 2629 2337 2715 accipiaS,
2413 2629 2617 2707 videS,

559 2752 776 2798 verum
833 2732 1071 2797 titulum
1130 2754 1270 2799 esse
1328 2743 1638 2796 servatum
1699 2743 1763 2797 et
1818 2732 1999 2796 simul
2043 2731 2310 2815 opusculi
2354 2731 2622 2796 indolem

559 2838 915 2905 indicatam.
981 2832 1192 2918 Quare
1240 2834 1438 2900 donec
1482 2833 1833 2901 accuratior
1874 2833 2263 2916 investigatio
2308 2833 2466 2897 aliud
2506 2855 2620 2899 ve-

565 3057 592 3110 1
633 3054 716 3108 Cf.
752 3056 971 3109 Miitzell
1004 3057 1068 3108 de
1103 3057 1307 3108 emend.
1343 3057 1521 3122 theos.
1559 3055 1769 3108 Hesiod.
1809 3071 1862 3123 p.
1901 3052 2004 3107 307
2028 3070 2108 3121 sq.
2158 3054 2434 3107 Villoisoni
2467 3069 2622 3122 oppa-

632 3133 806 3178 ratnm
841 3126 1083 3178 criticum
1119 3126 1336 3189 (Anecd.
1378 3141 1462 3189 gr.
1499 3124 1539 3176 11
1576 3141 1625 3191 p.
1665 3125 1826 3188 423),
1875 3123 1961 3189 qui
1999 3124 2061 3175 in
2116 3123 2429 3176 bibliotheca
2460 3122 2619 3187 Regia

630 3194 804 3246 Paris.
853 3202 1159 3246 asservatur
1205 3194 1439 3260 (Schiill,
1496 3191 1686 3244 Gesch.
1738 3193 1791 3243 d.
1843 3193 2052 3245 Grieeh.
2107 3193 2239 3244 Litt.
2294 3192 2337 3244 11
2386 3208 2434 3259 p.
2474 3193 2616 3257 657),

632 3263 911 3326 Osannus,
960 3264 1014 3315 ni
1051 3263 1238 3322 fallor,
1277 3263 1330 3313 in
1369 3277 1517 3313 usum
1555 3277 1708 3312 suum
1744 3262 1940 3324 vertit,
1979 3262 2067 3327 qni
2103 3263 2311 3327 quantis
2346 3261 2502 3329 copiis
2539 3262 2619 3312 in-

631 3339 867 3384 structus
903 3334 977 3385 sit
1011 3333 1243 3398 exemplo
1278 3332 1453 3382 docuit
1487 3331 1716 3397 (auctar.
1756 3330 1862 3381 lex.
1899 3345 1984 3395 gr.
2024 3347 2072 3398 p.
2112 3331 2181 3386 82
2203 3331 2330 3399 sq.).

564 3418 599 3474 2
631 3415 1016 3469 Animadvertit
1060 3418 1154 3469 hoe
1200 3419 1301 3469 iam
1352 3415 1583 3475 Galensz
1631 3412 1947 3483 Κορνούτου
1997 3411 2239 3485 ἐξήγησις
2283 3409 2359 3467 εἷς
2388 3410 2486 3480 τὴν
2514 3415 2616 3468 τοῦ

624 3481 888 3537 Ἡσιόδου
939 3487 1268 3555 θεογονίαν,
1318 3494 1372 3537 et
1418 3478 1495 3539 εἷς
1542 3477 1692 3536 ἆθλα
1735 3486 1834 3534 τοῦ
1863 3481 2186 3554 Ἡρακλέους
2221 3488 2274 3537 in
2311 3485 2618 3537 bibliotheca

631 3554 990 3606 Laurentiano
1030 3557 1225 3607 dicitur
1259 3555 1459 3606 exstari
1495 3569 1527 3604 a
1565 3553 1963 3608 Montel'alconio
1998 3555 2154 3619 (Bibl.
2193 3555 2291 3607 Ms.
2334 3554 2356 3605 1
2396 3571 2442 3620 p.
2470 3554 2615 3621 338).

635 3624 733 3675 Hic
770 3626 1168 3675 commentarius
1203 3631 1378 3676 utrum
1416 3640 1596 3677 revere
1634 3637 1665 3673 a
1701 3622 1930 3674 Cornuto
1968 3623 2231 3689 profectus
2270 3624 2369 3684 sit,
2407 3637 2546 3689 quem
2585 3639 2619 3675 a

636 3693 972 3757 grammatica
1007 3694 1378 3745 commentandi
1415 3710 1570 3760 opera
1605 3709 1704 3744 non
1744 3691 1906 3744 fuisse
1942 3694 2166 3744 alienum
2197 3694 2421 3751 seimus,
2460 3707 2520 3742 an
2551 3707 2618 3742 ex

637 3761 922 3828 opusculo,
960 3763 1092 3827 qnod
1128 3762 1343 3814 Cornuti
1382 3780 1564 3815 nomeu
1602 3761 1790 3822 habet,
1840 3763 2228 3823 concinnatum,
2285 3777 2382 3813 non
2419 3775 2617 3827 possum

636 3829 927 3881 diiudicare
945 3848 967 3892 ς,
998 3830 1261 3883 Osannum
1299 3848 1392 3883 nec
1416 3834 1545 3885 haec
1572 3831 1862 3894 neglexisse
1887 3847 2174 3898 speramus.
2213 3831 2288 3882 Ea
2317 3830 2449 3881 ratio
2471 3845 2615 3895 vcro,

637 3914 736 3966 qna
787 3899 919 3965 apud
952 3897 1230 3951 Eudociam
1269 3901 1483 3951 Cornuti
1530 3901 1740 3952 libellus
1791 3900 2080 3966 discerptus
2117 3907 2199 3951 est
2258 3899 2352 3962 (cf.
2391 3899 2614 3951 Hiitzell.

638 3968 678 4019 l.
715 3967 800 4032 1.),
840 3975 996 4031 auget
1030 3970 1367 4036 suspiciones,
1409 3986 1541 4036 quse
1576 3978 1758 4021 contra
1791 3969 2066 4021 violarium
2102 3968 2363 4020 Eudociae
2397 3969 2617 4035 prolatae

639 4042 780 4087 sunt.
822 4035 985 4100 Quam
1021 4053 1128 4091 rem
1163 4037 1346 4090 Turici
1382 4039 1589 4092 taudem
1625 4040 1901 4107 aliquando
1937 4039 2229 4093 confectum
2256 4038 2347 4103 iri,
2388 4039 2617 4104 estquod

642 4119 926 4173 speremus.

165 4235 843 4632 *x
