2764 4738
915 429 1644 495 PROLEGOMENA.
2092 454 2304 495 cnxvn

236 600 734 665 Barbadico.
796 598 1021 664 Editor
1059 598 1164 663 Io.
1198 599 1607 666 Bonardus
1640 599 1945 666 Sacerdos
1981 600 2304 666 Veronen-

236 706 338 767 sis
396 705 460 767 in
518 702 697 765 brevi
756 704 1012 787 epistola
1070 705 1144 766 ad
1189 706 1338 768 clar.
1388 706 1551 768 dom.
1602 703 1903 787 Angelum
1948 703 2304 768 Marcellum

238 828 454 888 magn.
501 804 821 889 patricium
864 800 1171 870 Venetum
1214 827 1406 890 pauca
1459 807 1610 870 haec
1656 816 1898 869 monet:
1944 840 2031 854 -
2073 807 2308 871 Nullus

240 910 514 993 dignior
557 910 763 984 ethus,
814 910 923 971 cui
959 908 1436 972 iucundissimos
1477 907 1591 971 Itos
1636 907 1879 972 labores
1909 929 2078 972 meos
2120 909 2192 971 id
2216 918 2312 972 est

254 1010 611 1076 Cornutum
671 1007 1154 1073 eruditnsimum
1210 1011 1430 1075 Persii
1478 1012 1642 1074 vatis
1687 1019 2162 1095 praeceptorem
2235 1032 2310 1073 ae

246 1114 527 1177 eiusdem
575 1112 978 1195 interpretem
1016 1110 1397 1193 fidissimam
1454 1114 1565 1176 (liu
1605 1134 1888 1177 mancum
1935 1113 2206 1177 lacerum
2252 1124 2313 1175 et

247 1226 600 1299 temporum
658 1214 908 1276 incuria
970 1213 1377 1301 undecunque
1433 1215 2007 1299 depravatissimum
2050 1235 2312 1298 operosa

248 1317 579 1381 &dustria
636 1334 774 1377 mea
833 1316 898 1376 in
946 1318 1291 1399 pristinum
1349 1315 1680 1381 candorem
1695 1364 1716 1390 ,
1778 1326 2078 1402 quantum
2117 1352 2126 1365 ν·
2134 1319 2313 1380 licuit

140 1409 153 1425 '
251 1419 576 1483 redactum
609 1416 924 1494 dicarem5
976 1418 1096 1481 sub
1129 1428 1361 1504 tuoque
1396 1422 1638 1482 nomine
1665 1418 2146 1503 diligendi-simo
2175 1420 2314 1483 m’ro

256 1523 356 1585 Io.
400 1521 682 1587 Tae-uino
714 1518 1181 1602 imprimendum
1213 1520 1475 1584 tradidi.
1537 1518 1794 1597 Codex,
1843 1540 1959 1603 quo
1989 1517 2314 1584 Bonardus

255 1645 405 1687 usus
437 1632 569 1698 est,
617 1620 776 1684 ultra
808 1622 1047 1685 modum
1078 1623 1316 1686 lacunis
1347 1633 1412 1686 et
1453 1622 1689 1686 mendis
1737 1623 2025 1705 cuiusque
2070 1624 2313 1706 generis

256 1735 540 1808 turpatus
587 1720 741 1800 ruit,
786 1742 905 1786 nec
951 1723 1084 1787 eius
1126 1745 1347 1807 magua
1392 1723 1454 1785 in
1502 1724 1681 1787 codd.
1732 1723 2055 1788 versandis
2102 1724 2313 1808 peritia

259 1826 448 1889 fuisse
492 1824 780 1900 videtur,
841 1844 977 1886 nam
1026 1833 1145 1888 tam
1187 1826 1458 1889 lacerata
1498 1823 1561 1886 in
1608 1825 1721 1888 hac
1765 1824 2031 1889 editione
2086 1826 2314 1889 scholia

260 1935 656 2010 comparent,
689 1934 754 1987 ut
784 1927 970 1989 multo
1002 1927 1170 2009 plura
1202 1928 1365 1990 omni
1405 1946 1590 1990 sensu
1623 1926 1906 1990 destituta
1936 1928 2095 2004 sint,
2142 1948 2317 2009 quam

260 2048 417 2113 quae
445 2027 700 2108 intelligi
732 2037 978 2110 queant.
1047 2026 1284 2091 Tamen
1329 2028 1479 2092 haec
1511 2028 1695 2091 editio
1728 2029 1974 2092 multum
2006 2028 2148 2091 mibi
2182 2050 2319 2112 pro-

260 2133 412 2207 fuit,
463 2151 603 2192 nam
635 2129 800 2212 ipsae
833 2129 1215 2214 corruptelae
1247 2151 1522 2215 magnam
1561 2139 1790 2214 partem
1821 2130 1906 2193 ita
1938 2141 2320 2213 comparatae

261 2244 404 2297 sunt
427 2278 447 2309 ‚
489 2242 558 2295 ut
587 2241 816 2294 certam
847 2232 1289 2296 emendationis
1315 2233 1476 2296 viam
1521 2242 1900 2309 monstrent,
1945 2242 2006 2295 et
2037 2252 2188 2295 sana
2218 2232 2320 2295 ad·

264 2336 453 2399 hibita
485 2333 729 2399 ratione
760 2354 942 2419 saepe
976 2354 1157 2399 veras
1185 2334 1486 2399 lectiones
1518 2333 1843 2413 exhibeat,
1879 2334 1940 2397 iu
1973 2335 2107 2398 aliis
2139 2334 2316 2398 codd.

264 2451 327 2503 et
356 2438 502 2501 edd.
540 2436 944 2501 oblitteratas.
1000 2435 1211 2521 ltaque
1242 2438 1294 2500 si
1326 2437 1578 2502 editoris
1610 2458 1927 2523 operosam
1959 2437 2318 2501 industriam

264 2562 393 2605 non
439 2550 731 2616 eatenus,
774 2560 891 2622 qua
933 2541 1036 2604 ille
1083 2540 1354 2623 putavit,
1401 2540 1653 2603 laudare
1703 2560 2059 2624 possumus,
2119 2550 2319 2604 tamen

266 2644 323 2707 id
358 2642 522 2725 grati
551 2641 937 2724 agnoscimus
958 2689 977 2719 ‚
1027 2642 1182 2724 quod
1230 2643 1490 2706 fideliter
1525 2642 1840 2719 exhibuit,
1889 2663 2041 2725 quae
2073 2664 2155 2706 ex
2187 2643 2321 2706 cod.

264 2766 384 2810 suo
438 2743 745 2827 expiscari
790 2743 1007 2827 potuit.
1070 2741 1334 2808 Secutus
1379 2755 1476 2808 est
1518 2744 1742 2809 Elias
1791 2744 2171 2822 Vinctus,
2229 2746 2326 2827 qui

267 2860 335 2912 ut
366 2868 552 2932 supra
581 2848 699 2910 iam
722 2839 1025 2922 vidimus,
1073 2845 1400 2911 editionem
1435 2849 1762 2933 principem
1796 2869 1917 2910 non
1954 2847 2158 2925 novit,
2194 2867 2326 2909 cum

270 2948 549 3013 Pictavis
580 2949 734 3032 apud
766 2947 1229 3032 Enguilbertum
1260 2948 1623 3013 Mar-nefium
1663 2971 1723 3013 a.
1766 2946 1926 3012 1563
1959 2951 2151 3012 forma
2184 2969 2330 3032 qua·

274 3055 454 3116 drata
488 3049 707 3135 publici
737 3050 887 3113 iuris
920 3049 1065 3113 fecit
1096 3048 1325 3115 Lucii
1370 3053 1678 3115 Annaei
1711 3048 1925 3115 Corn
1948 3053 2058 3115 uti
2093 3072 2329 3133 gram-

278 3152 554 3217 matici
599 3151 1146 3235 antiquissimi
1178 3150 1701 3217 Commeatum
1748 3153 1820 3216 in
1853 3152 2032 3216 Auli
2066 3150 2329 3215 Persii

279 3254 560 3319 Flacci
607 3264 965 3339 satyras,
1032 3275 1235 3318 nunc
1295 3257 1614 3338 primum
1676 3255 1956 3317 formis
2016 3255 2330 3318 editum.

277 3356 341 3421 ls
391 3358 453 3420 iu
500 3356 874 3441 praefatione
922 3357 996 3419 de
1043 3355 1324 3421 subsidiis
1386 3358 1511 3420 suis
1576 3357 1726 3421 haec
1786 3356 1998 3420 habet:
2075 3357 2334 3419 Nostris

279 3456 749 3542 ewentplam'bus
777 3461 905 3521 seio
936 3457 1099 3521 nihil
1122 3460 1394 3522 inverdri
1404 3482 1598 3544 posse
1630 3460 2017 3543 corruptius,
2052 3458 2337 3522 Fuerunt

279 3572 485 3625 autem
529 3560 690 3624 ltaec
734 3563 863 3624 tria
881 3607 899 3634 ,
948 3582 1211 3645 quorum
1243 3579 1430 3624 unum
1460 3584 1575 3624 nos
1617 3571 1680 3625 et
1714 3560 2076 3624 Guitielmus
2103 3559 2334 3623 illm-ei·-

276 3684 395 3728 ιω
428 3661 505 3727 V
493 3662 752 3727 altanus
768 3709 787 3735 ‚
835 3663 1221 3727 clarissimae
1262 3665 1538 3727 civitatis
1579 3663 2073 3747 Burdigalenses
2109 3683 2336 3744 procu-

276 3776 466 3831 πων·
482 3813 503 3840 ‚
562 3763 779 3852 Aquis
822 3765 1107 3850 Aagstz's
1152 3769 1215 3829 in
1262 3776 1511 3830 vetusta
1555 3765 1824 3828 libraria
1879 3787 2041 3827 anuo
2101 3762 2344 3827 Christe·

278 3867 633 3934 MDXLV
666 3887 1123 3950 repereramas.
1185 3867 1483 3931 Alteram
1526 3867 1862 3931 Francis-ci
1899 3868 2148 3930 Bernae
2177 3865 2339 3929 San-

281 3973 559 4035 taaetm‘s
575 4018 596 4044 ,
647 3970 901 4032 tertium
930 3968 975 4031 I
969 3970 1193 4032 oannis
1221 3969 1620 4033 Amaritonis
1651 3967 1939 4032 Arverni
1952 3969 2104 4052 suit.
2169 3968 2341 4048 Quae

284 4077 493 4161 magis
526 4073 710 4137 varia
740 4073 804 4135 in
850 4069 1231 4155 conferendo
1275 4071 1782 4156 daeeln‘elwmlimus
1801 4118 1820 4148 ,
1867 4092 2048 4156 qnam
2096 4069 2340 4132 (livet-su
