2764 4738
888 433 1058 498 SAT.
1085 437 1161 510 V,
1189 440 1465 502 25—31.
2092 431 2219 500 185

198 607 527 682 de‘gnoscere
562 607 727 680 (lior.
774 618 882 667 sat.
912 607 958 680 1,
985 612 1047 679 6,
1081 613 1156 669 51
1206 618 1407 668 cautus
1444 605 1742 668 adsumere
1779 602 2042 685 dignos),
2073 609 2220 685 quid

191 693 425 750 soleiitm
452 702 659 771 erepet
682 704 744 752 et
761 694 962 772 pictae
989 695 1237 752 tectoria
1270 694 1534 771 liuguae.
1579 692 1835 752 Parietes
1864 711 2043 770 opere
2072 693 2216 753 late-

192 778 317 834 ritio
344 780 649 838 constructi
679 780 922 838 tectorio
953 778 1376 859 operiebantur,
1408 776 1556 858 quod
1587 778 1888 856 levigatum
1920 787 1983 837 et
2009 777 2214 856 pictum

191 859 419 940 lapidem
433 863 752 936 simulabat,
783 883 960 944 quare
989 865 1178 923 solido
1208 865 1528 942 opponitur,
1559 862 1707 943 quod
1732 874 1905 922 totum
1935 860 2215 940 lapideum

189 957 308 1019 cst,
335 968 440 1007 non
470 950 828 1028 superficiem
862 960 1071 1009 tantum
1102 961 1395 1009 monstrat.
1429 949 1518 1009 Cf.
1535 949 1787 1008 Frontin.
1815 967 2016 1028 expos.
2048 948 2214 1007 form.

188 1051 248 1111 p-
275 1037 343 1095 31
380 1032 591 1093 Goes.:
636 1033 910 1106 „Planum
925 1036 1189 1094 est—in
1207 1055 1317 1116 quo
1342 1033 1744 1113 longitudinem
1775 1045 1836 1094 et
1866 1031 2213 1093 latitudinem

187 1117 522 1191 habeamus,
553 1139 659 1198 per
687 1140 833 1202 quae
864 1122 1033 1180 etiam
1063 1154 1150 1165 —
1176 1140 1354 1199 opera
1384 1121 1659 1191 tectoria,
1702 1120 2095 1189 inauraturae,
2125 1129 2214 1177 ta-

184 1202 338 1262 bulas
365 1214 427 1264 ct
455 1204 546 1263 bis
576 1207 812 1277 similia,
850 1206 907 1265 in
951 1204 1152 1285 quibus
1200 1203 1436 1264 altitudo
1466 1215 1564 1264 aut
1591 1203 1907 1265 crassitudo
1940 1224 2051 1263 nou
2082 1223 2216 1283 pro·

184 1291 423 1368 ponitur.
504 1288 754 1350 Solidum
795 1303 888 1351 est
928 1323 1016 1337 —
1057 1292 1217 1350 cuius
1257 1288 1658 1368 longitudinem
1689 1301 1749 1350 et
1778 1287 2123 1349 latitudinem
2153 1298 2219 1349 et

184 1372 606 1435 crassitudinem
638 1377 929 1447 metimur,
959 1387 1021 1435 ut
1050 1380 1324 1453 parietum
1355 1382 1736 1435 structuras.“
1807 1374 2001 1453 Itaque
2029 1375 2216 1433 omnin

184 1480 322 1538 quae
351 1462 407 1519 iu
440 1462 797 1538 superficiem
829 1460 1218 1532 illinebantur,
1269 1463 1513 1521 tectoria
1542 1472 1847 1531 vocantur,
1877 1470 1939 1520 ιιι
1967 1458 2216 1519 medica-

183 1547 322 1604 mina
367 1546 540 1605 faciei
586 1565 678 1624 ap.
723 1547 916 1606 luven.
948 1547 1047 1617 vl,
1078 1551 1227 1610 467.
1290 1547 1403 1605 lam
1443 1565 1581 1606 vero
1623 1546 1785 1626 pulsu
1826 1546 1995 1605 facile
2025 1555 2217 1624 potest

181 1629 465 1709 dignosci,
507 1642 689 1691 utrum
719 1635 908 1711 paries
939 1652 974 1692 e
1005 1631 1191 1711 lapide
1221 1629 1406 1692 factus
1437 1651 1507 1690 an
1544 1633 1782 1691 tectorio
1813 1627 2215 1710 superinducto

182 1728 408 1775 ornatus
441 1718 551 1788 sit,
587 1738 920 1797 quamquam
950 1718 1300 1796 antiquorum
1331 1736 1473 1795 opus
1500 1718 1799 1776 tectorium
1832 1727 1944 1776 tam
1974 1717 2214 1794 egregie

180 1803 497 1861 confectum
544 1813 670 1875 est,
713 1814 775 1861 ut
818 1803 865 1862 si
912 1801 1234 1880 adspicias,
1275 1821 1401 1861 cum
1447 1800 1633 1880 lapide
1681 1812 1907 1861 certare
1954 1800 2217 1861 videatur

180 1888 277 1958 (cf.
308 1887 651 1966 Wiegmanu
670 1931 689 1959 ,
730 1887 971 1948 Malerei
1012 1889 1068 1946 d.
1101 1887 1272 1947 Alteu
1300 1908 1356 1967 p.
1386 1891 1469 1949 24
1496 1907 1582 1966 sq.
1613 1890 1696 1949 35
1728 1907 1854 1967 sqq.
1887 1892 2002 1950 171
2040 1892 2213 1967 sqq.).

185 1969 453 2050 Cr'epare
494 1984 679 2032 autem
711 1971 781 2034 de
812 1975 882 2032 iis
913 1972 1150 2045 dicitur,
1186 1992 1332 2052 quae
1362 1992 1474 2031 non
1506 1992 1702 2052 purum
1733 1984 1794 2032 et
1822 1991 2084 2032 canorum
2116 1992 2216 2032 so·

178 2077 301 2117 num
327 2057 524 2128 edunt,
555 2057 660 2117 sed
690 2060 930 2118 fractum
958 2060 1119 2139 quasi
1152 2069 1210 2117 et
1230 2058 1551 2117 obscurum.
1583 2059 1844 2117 Solidum
1875 2068 2100 2136 crepet,
2133 2059 2213 2118 cf.

175 2142 269 2214 111,
298 2147 407 2214 21,
438 2143 509 2203 de
539 2146 746 2203 iterata
775 2144 997 2224 syllaba
1028 2153 1233 2221 crepet
1256 2153 1317 2203 et
1344 2163 1400 2202 v.
1441 2143 1513 2202 acl
1545 2143 1639 2213 111,
1668 2147 1769 2207 92.
1832 2143 1952 2203 Hoc
1982 2142 2054 2203 ad
2085 2163 2216 2203 ser-

176 2249 394 2288 monem
427 2228 653 2297 retulit,
699 2231 791 2309 qui
835 2241 934 2287 aut
963 2249 1103 2308 pure
1134 2229 1352 2299 refert,
1399 2229 1527 2300 vel,
1557 2240 1619 2288 ut
1647 2239 1848 2306 postea
1877 2230 1993 2297 ait,
2033 2238 2213 2289 totum

175 2316 464 2393 resignat,
495 2312 644 2393 quod
675 2335 831 2375 meus
863 2315 1111 2391 cogitat,
1142 2325 1240 2374 aut
1268 2311 1459 2374 addito
1490 2314 1788 2375 verborum
1819 2324 2041 2376 ornatu.
2085 2315 2217 2376 lmi-

174 2410 323 2459 tatus
354 2411 452 2460 est
479 2401 765 2460 Ausonius
798 2399 902 2473 (ld.
934 2402 1089 2472 XVI,
1123 2405 1262 2471 12)=
1297 2400 1388 2459 Sit
1416 2399 1651 2460 solidum
1681 2398 2052 2481 quodcunque
2080 2401 2217 2460 sub-

173 2496 296 2555 est,
327 2505 439 2545 nec
470 2487 654 2544 inania
683 2485 882 2546 subter
910 2486 1125 2546 ludicet
1153 2484 1408 2545 admotus
1448 2484 1637 2564 digitis
1668 2486 2006 2567 pellentibus
2038 2487 2216 2558 ictus,

172 2581 233 2630 et
257 2571 566 2649 Augustiu.
600 2572 636 2629 l.
668 2572 725 2630 in
757 2592 886 2631 anu.
917 2576 1045 2633 crit.
1077 2573 1120 2631 l.
1141 2612 1160 2642 ,
1191 2572 1285 2650 qui
1315 2573 1486 2631 etiam
1518 2571 1583 2629 C.
1612 2571 1685 2630 D.
1716 2571 1809 2642 ΙΙΙ,
1847 2576 1925 2633 14
1956 2572 2217 2632 similiter

173 2655 393 2716 locutus
423 2666 536 2716 est.
578 2656 750 2717 Hisce
779 2659 903 2717 iure
934 2668 1206 2717 centenas
1235 2676 1411 2717 voces
1443 2657 1573 2715 mihi
1603 2676 1800 2734 posco,
1833 2667 1904 2715 ut
1934 2668 2216 2735 quantum

171 2744 322 2801 m‘ki
343 2753 403 2801 tc
430 2744 492 2800 in
522 2752 766 2819 pectore
788 2742 953 2820 fixi,
1001 2752 1058 2801 te
1103 2753 1368 2822 tuumque
1400 2760 1646 2800 amorem
1680 2743 1733 2799 in
1765 2752 1965 2819 pectus
1996 2744 2215 2822 recepi,

170 2831 443 2897 senno-so,
506 2824 655 2906 quod
700 2829 903 2886 multos
948 2847 1215 2887 recessus
1262 2827 1434 2886 babet
1487 2826 1581 2900 (11,
1612 2830 1694 2889 73
1724 2832 1873 2906 οφ),
1931 2837 1993 2885 ιιι
2031 2822 2219 2907 μυχὸς

172 2913 417 2994 φρενῶν
458 2910 605 2990 apud
650 2912 895 2973 Tbeocr.
941 2911 1159 2983 XXIX,
1187 2915 1261 2982 3,
1305 2930 1446 2971 voce
1489 2913 1720 2971 traham
1761 2921 1838 2984 (v.
1876 2916 1978 2985 17)
2025 2932 2213 2990 pura,

171 3017 280 3056 non
309 2998 487 3078 picta,
521 3007 816 3076 totumque
833 3041 855 3069 ,
889 2998 1146 3070 solidum,
1178 2999 1285 3056 Ιιοι·
1317 2999 1498 3057 verba
1527 2999 1867 3075 resignent,
1902 2995 2051 3077 quod
2079 3018 2217 3077 pro-

170 3085 293 3161 prie
344 3094 437 3143 est
481 3084 642 3161 signo
685 3084 869 3142 soluto
909 3084 964 3142 iu
1023 3085 1206 3143 lucem
1265 3083 1529 3161 proferre
1577 3081 1725 3161 quod
1771 3082 2021 3141 clausum
2067 3093 2214 3144 erat.

175 3169 348 3243 Quod
380 3169 536 3227 latet
559 3187 784 3227 arcuna
797 3169 1007 3247 fibra,
1041 3188 1149 3248 qua
1181 3169 1454 3227 sentimus
1483 3167 1670 3240 (1‚47>
1699 3187 1814 3227 non
1843 3168 2212 3237 enarrabile,

173 3265 231 3313 nt
258 3255 482 3324 omnia,
525 3272 672 3333 quae
700 3272 839 3314 vere
870 3256 979 3313 imo
1009 3265 1245 3334 pectore
1279 3255 1584 3325 sentimuS,
1651 3256 1748 3312 vix
1775 3254 1966 3312 verbis
1998 3252 2214 3314 recludi

170 3358 345 3418 posse
378 3335 659 3398 videntur.

339 3443 398 3483 v.
432 3427 712 3486 30—51.
758 3426 1041 3503 Purpura
1071 3434 1159 3484 est
1191 3437 1323 3503 toga
1355 3433 1687 3502 praetexta,
1726 3419 2214 3505 περιπόρφυρος,

169 3507 445 3654 mg
485 3507 1690 3672 ifflffi0{{‡:223.?⁵<l}m‘1³35⁸33‘¹i⁰‡
1723 3508 2216 3672 Ρὲἑῗῗῗωέἵῖἓῖἴ

168 3679 339 3757 genui
372 3679 699 3757 gestabant,
730 3690 791 3739 ιιι
821 3682 1180 3757 magistratus
1212 3679 1500 3761 (Macrob.
1538 3678 1660 3737 Sat.
1679 3679 1722 3748 1,
1739 3682 1803 3751 8)
1822 3723 1840 3751 ,
1871 3700 2015 3759 qua,
2045 3690 2108 3738 ut
2136 3680 2223 3738 ait*

169 3766 546 3839 Quintilianus
594 3762 764 3838 (decl.
805 3769 932 3827 3⁴0
973 3786 1033 3844 p.
1078 3768 1203 3828 316
1241 3766 1428 3843 Bip.),
1500 3765 1875 3824 infirmitatem
1935 3766 2215 3843 pueritiae

168 3871 388 3912 sacram
437 3850 728 3909 faciebant
770 3870 839 3910 ac
886 3851 1302 3922 venerabilem,
1362 3847 1509 3909 uude
1554 3849 1785 3910 Persius
1830 3869 1956 3909 eam
1992 3852 2216 3929 pavido

168 3955 348 4015 puero
378 3938 673 3995 custodem
693 3936 876 3996 fuisse
905 3934 1062 3997 dicit.
1106 3936 1364 3996 Alterum
1395 3936 1761 4013 ingenuorum
1794 3955 2094 4013 puerorum
2127 3935 2215 3994 in-

169 4022 330 4100 sigue
359 4032 422 4081 et
451 4022 634 4099 ipsum
665 4020 736 4080 ab
781 4020 1041 4081 Etruscis
1086 4031 1379 4100 acceptum
1425 4021 1589 4081 bulla
1631 4040 1805 4081 aurea
1836 4031 1981 4081 erat.
2044 4021 2216 4081 Fico-

169 4109 325 4180 roni,
355 4107 413 4167 la
441 4106 594 4166 bolla
624 4105 785 4166 d'oro
815 4104 908 4167 de'
938 4106 1189 4167 fanciulli
1221 4107 1391 4166 nobili
1423 4106 1679 4168 Romani.
1724 4106 1887 4166 Rom.
1938 4109 2120 4169 1732.
2152 4111 2212 4169 4.
