2764 4738
871 432 1591 495 PROLEGOMENA.
2093 452 2256 496 nm

189 627 302 685 se,
346 607 538 671 immo
566 603 766 671 Persii
799 606 999 670 famae
1025 604 1215 668 noxia
1256 604 1460 668 futura
1498 601 1687 667 fuisse
1726 602 1965 666 censuit
2005 599 2246 668 Cornu-

190 720 325 785 tus,
377 710 481 792 qui
525 728 602 773 ea
642 709 847 773 omnia
892 709 1067 772 matri
1104 706 1299 772 suasit
1325 717 1395 771 ut
1422 706 1734 784 aboleret,
1781 704 1991 789 quoin
2022 705 2244 771 iudicio

187 811 309 875 viri
354 812 813 896 prudentissimi
859 822 1037 894 atque
1082 806 1283 873 Persii
1312 808 1703 874 amantissimi
1736 829 1851 872 nos
1883 828 2115 891 quoque
2146 827 2245 872 re·

188 914 514 998 quiescere
544 925 609 976 et
636 933 954 998 possumus
986 923 1049 977 et
1076 911 1386 976 debemus.

364 1048 515 1114 Vita
548 1048 932 1131 moribusque
961 1044 1216 1113 Persius
1259 1048 1913 1132 praestantissimorum
1944 1047 2239 1124 virorum,

187 1152 547 1236 quibuscum
594 1150 792 1230 vixit,
840 1152 1182 1235 exemplum
1222 1153 1562 1236 expressit,
1613 1152 1724 1215 ruit
1763 1151 1920 1233 frugi
1965 1160 2029 1214 et
2072 1149 2242 1233 pudi-

188 1279 339 1335 cus,
389 1273 744 1336 summoque
775 1273 976 1317 amore
1018 1264 1306 1329 matrem,
1355 1273 1627 1317 sororem
1652 1301 1669 1332 ,
1719 1253 2076 1334 amitamque
2116 1272 2242 1313 am-

187 1358 407 1443 plexus
455 1368 591 1434 est,
640 1367 706 1419 ut
748 1355 987 1440 pietatis
1032 1355 1370 1439 exemplum
1417 1355 1620 1420 vocari
1662 1356 1949 1440 potuerit.
2039 1352 2242 1417 Nobis

189 1482 342 1525 vero
374 1461 437 1522 in
471 1459 695 1523 iudicio
729 1459 803 1523 de
833 1454 1030 1521 Persii
1060 1458 1307 1541 iugenio
1340 1458 1594 1522 ferendo
1633 1476 1826 1540 neque
1858 1458 1970 1521 boc
2003 1456 2243 1521 videtur

189 1561 618 1645 negligendum
643 1606 660 1635 ,
698 1561 852 1642 quod
888 1582 1021 1625 eum
1054 1581 1186 1624 cum
1221 1560 1459 1624 feminis
1489 1560 1857 1643 potissimum
1890 1559 2238 1644 quotidiano

189 1665 480 1727 convictu
511 1663 896 1727 coniunctum
932 1663 1117 1727 fuisse
1147 1661 1445 1726 videmus.
1506 1660 1879 1745 Quamquam
1926 1663 2082 1727 enim
2115 1682 2239 1725 non

187 1785 509 1849 possumus
539 1765 681 1849 quin
711 1784 1108 1848 agnoscamus
1141 1786 1345 1828 curam
1382 1776 1561 1848 atque
1610 1765 1979 1847 diligentiam
2023 1766 2236 1829 soller-

189 1869 522 1944 tissimam,
570 1887 745 1951 quam
777 1867 895 1930 lilio
941 1867 1254 1931 educando
1296 1879 1473 1951 atque
1519 1867 1853 1931 erudiendo
1901 1867 2240 1932 adhibuerit

188 1969 406 2035 Fulvia
456 1967 783 2048 Sisennia,
832 1981 1033 2036 tamen
1079 1971 1221 2036 illud
1270 1971 1499 2057 ipsum,
1549 1969 1703 2053 qnod
1748 1970 1867 2033 iam
1918 1971 2237 2053 aliquoties

187 2074 666 2159 significavimus
736 2084 800 2138 et
855 2074 1008 2157 quod
1068 2075 1242 2139 nobis
1285 2094 1436 2138 sane
1492 2072 1909 2159 gravissimum
1970 2074 2234 2151 videtur,

184 2178 346 2262 qnod
378 2179 445 2240 iu
476 2174 676 2240 Persii
706 2176 909 2241 satiris
942 2177 1184 2243 scholae
1231 2178 1604 2262 potissimum
1653 2176 2023 2261 disciplinam
2067 2175 2238 2240 vide-

189 2300 321 2344 mus
344 2327 363 2357 ,
410 2280 603 2364 ipsum
637 2280 797 2343 vitae
829 2279 1089 2343 alienum
1121 2280 1308 2345 fuisse
1339 2278 1905 2358 animadvertimus,
1949 2278 2130 2343 etiam
2161 2278 2235 2342 ad

189 2382 500 2447 muliebris
530 2382 983 2446 consuetudinis
1011 2383 1132 2449 vim
1164 2386 1502 2450 referemus
1524 2430 1542 2462 ,
1591 2402 1740 2466 quae
1771 2383 2049 2446 iuvenem
2092 2404 2237 2447 ocu-

186 2486 258 2550 lis
289 2486 592 2549 cariorem
623 2504 877 2567 eumque
909 2505 1116 2570 parum
1149 2487 1315 2550 firma
1349 2485 1697 2550 valetudine
1737 2496 2002 2549 utentem
2025 2533 2043 2564 ,
2092 2505 2237 2568 quo-

185 2590 279 2652 vis
311 2588 494 2650 modo
526 2587 833 2650 custodire
866 2597 929 2650 et
957 2588 1224 2654 retinere
1255 2589 1505 2653 studuit.
1553 2583 1760 2670 Itaque
1793 2588 1947 2670 quod
1982 2589 2238 2651 traditur

183 2712 419 2754 morum
452 2689 640 2753 fuisse
670 2688 1155 2770 lenissimorum,
1202 2690 1301 2774 qui
1344 2701 1515 2755 tanto
1566 2691 1808 2755 fervore
1854 2700 2032 2773 atque
2064 2709 2236 2753 acer-

185 2792 372 2856 bitate
404 2793 468 2854 in
500 2792 647 2853 vitia
681 2791 982 2855 hominum
1015 2793 1290 2858 invectus
1324 2805 1453 2871 est,
1501 2803 1563 2856 et
1606 2791 2016 2858 verecundiae
2050 2792 2236 2874 virgi-

182 2896 338 2959 nalis
360 2942 379 2974 ,
431 2895 530 2978 qui
561 2914 684 2957 nou
718 2895 1025 2959 erubescit
1053 2895 1115 2958 in
1149 2895 1353 2959 satiris
1386 2895 1693 2960 obscoena
1740 2895 1944 2959 verbis
1976 2893 2231 2957 fortissi-

183 3000 296 3064 mis
343 3009 653 3074 tractare,
702 2996 928 3060 valebit
971 2998 1047 3061 ad
1096 2996 1378 3062 iudicium
1427 3008 1699 3062 nostrum
1732 2996 2230 3070 confirmandum,

180 3102 425 3165 scilicet
451 3099 513 3162 iu
545 3109 796 3182 utraque
827 3121 895 3164 re
928 3100 1208 3164 iuvenem
1242 3100 1405 3165 vitae
1450 3111 1764 3184 expertem
1811 3101 2062 3165 necdum
2111 3120 2236 3163 ma-

184 3214 491 3278 turatum,
540 3204 752 3285 partim
797 3203 1050 3266 aliorum
1098 3203 1438 3287 exemplum
1483 3212 1795 3280 secutum,
1847 3203 2009 3267 vires
2054 3203 2235 3267 nimio

181 3306 414 3390 impetu
458 3305 795 3369 intendisse
841 3305 998 3368 ultra
1040 3315 1294 3370 naturae
1338 3304 1604 3367 modum.
1673 3301 1851 3386 Quod
1903 3304 1964 3368 in
1997 3306 2095 3369 illa
2129 3305 2235 3368 ob-

181 3408 523 3472 scoenitate
571 3426 747 3490 quam
794 3407 1053 3472 maxime
1097 3418 1386 3492 apparet,
1433 3427 1584 3490 quae
1616 3419 1990 3492 quantopere
2035 3409 2236 3473 aliena

183 3521 277 3574 est
307 3508 385 3574 ab
429 3509 561 3574 eius
607 3529 928 3586 sermone,
976 3511 1075 3594 qui
1119 3509 1462 3591 libidinum,
1513 3512 1718 3595 quales
1771 3511 2039 3576 seculum
2087 3511 2233 3576 illud

183 3612 571 3698 proferebat,
621 3612 776 3676 baud
824 3614 1109 3695 ignarus,
1161 3634 1371 3677 earum
1414 3625 1519 3677 aut
1562 3613 1866 3678 illecebris
1911 3634 2129 3697 capere
2173 3625 2236 3678 et

183 3714 603 3799 permulcere,
680 3727 787 3780 aut
841 3717 960 3779 vim
1017 3714 1505 3800 indignabundus
1566 3717 1757 3781 libera
1828 3716 2233 3802 descriptione

182 3820 472 3902 frangere
514 3818 756 3896 studet,
802 3818 962 3884 sicut
989 3818 1065 3881 ab
1097 3839 1169 3882 ea
1199 3817 1482 3883 libertate
1505 3866 1522 3895 ,
1570 3837 1722 3902 quae
1764 3817 1827 3881 in
1860 3814 2099 3884 Graeca
2132 3841 2234 3883 co-

184 3920 417 3984 moedia
464 3930 573 3983 aut
617 3916 854 3985 Lucilio
901 3921 1422 4005 conspiciebatur,
1472 3930 1535 3983 et
1578 3919 1706 3985 vitii
1745 3920 2026 3985 immunis
2057 3932 2234 3985 natu-

184 4023 330 4086 ralia
363 4044 489 4086 non
523 4042 663 4088 esse
697 4025 891 4107 turpia
923 4024 1206 4110 putabat,
1254 4024 1307 4089 si
1344 4044 1476 4088 cum
1509 4022 1636 4087 risu
1668 4034 1731 4086 et
1760 4021 1893 4088 ioco
1926 4023 2233 4108 agitaren-

183 4134 312 4203 tur,
350 4159 435 4174 —
481 4124 558 4190 ab
603 4124 699 4190 his
745 4124 928 4210 igitur
969 4139 1255 4211 quantum
1300 4126 1541 4192 diversa
1586 4125 1668 4189 sit
1694 4122 1894 4190 Persii
1926 4123 2231 4190 obscoena
