2764 4738
815 418 1550 482 PROLEGOMENA.
2047 446 2201 487 xux

310 588 622 675 Asperum
658 601 726 656 et
753 610 862 655 ora
892 591 1098 655 ferens
1129 589 1367 654 acinum
1419 608 1774 673 semesaque
1815 589 1967 655 lardi
2017 590 2193 673 [llor.

1233 702 1352 756 sat.
1387 689 1475 771 11,
1508 689 1575 769 6,
1606 689 1742 771 85].

313 791 660 878 Norieiqne
709 794 916 859 colunt
955 794 1221 861 bellaces
1268 794 1655 880 pannouique
1705 792 1930 875 [Prisc.
1965 800 2194 882 perieg.

317 997 739 1083 Taprobanen
772 997 988 1064 veniae
1020 895 1523 1082 generaginltllgnem
1556 1021 1773 1084 magna
1822 1001 2194 1085 elephantes,

1238 1096 1461 1180 [Prisc.
1495 1104 1726 1188 perieg.
1762 1101 1935 1184 5961.

146 1239 250 1305 Ex
278 1239 497 1305 iisdem
527 1233 824 1320 exemplis
857 1233 1147 1319 descripsi
1179 1235 1357 1300 etiam
1382 1284 1400 1316 ‚
1448 1257 1601 1321 quae
1640 1236 1950 1305 Iuvenalis
1981 1252 2044 1305 et
2071 1240 2199 1306 Lu-

148 1344 269 1409 cilii
301 1363 452 1428 prae
497 1360 568 1405 se
609 1338 880 1401 tulerunt
921 1337 1204 1417 nomina,
1250 1339 1312 1401 iu
1362 1339 1573 1421 quihus
1605 1342 1860 1406 eandem
1890 1343 2200 1428 impuden-

149 1448 293 1510 tiam
324 1443 578 1521 inveni,
611 1441 675 1503 in
706 1438 1045 1503 nominibus
1076 1439 1436 1523 scriptorum
1460 1463 1570 1526 pro
1601 1442 1787 1506 lubitu
1820 1446 2196 1532 effingendis,

148 1569 302 1632 quae
333 1545 398 1609 iu
447 1545 625 1607 modo
657 1540 855 1607 allatis
886 1541 1268 1627 perspicitur.
1339 1540 1546 1626 Itaque
1579 1546 1860 1630 exemplo
1893 1568 2030 1612 esse
2063 1569 2201 1632 pos-

148 1661 294 1715 sunt
321 1645 592 1712 levitatis
622 1667 699 1709 an
734 1644 961 1708 fraudis
982 1688 1002 1720 ,
1045 1663 1221 1725 quam
1265 1642 1329 1707 in
1375 1646 1737 1710 testimoniis
1768 1659 2036 1713 veterum
2069 1650 2197 1715 lau-

150 1751 363 1816 dandis
393 1768 582 1834 saepe
614 1746 943 1812 observare
976 1745 1145 1810 licet.

316 1900 569 1967 Editum
614 1900 936 1966 satirarum
980 1899 1197 1963 librum
1243 1899 1532 1965 continuo
1577 1901 1784 1967 mirari
1829 1904 2103 1969 homines
2135 1916 2199 1970 et

148 2006 413 2091 diripere
453 2010 477 2046 ¹
522 2013 896 2086 coeperunt,
959 2011 1026 2065 ut
1067 2011 1282 2067 narrat
1321 2003 1475 2067 vita.
1568 2002 1746 2085 Quod
1803 2025 2013 2071 verum
2059 2028 2196 2071 esse

147 2109 333 2174 multa
373 2107 758 2188 antiquorum
803 2102 1062 2189 probant
1099 2104 1473 2170 testimonia.
1535 2104 1632 2170 De
1674 2104 1979 2172 Lucani
2007 2108 2195 2172 admi·

148 2212 391 2276 ratione
450 2209 571 2273 iam
628 2205 928 2287 vidimus;
1002 2205 1542 2288 Quintilianus
1601 2207 1999 2274 celeberrimo
2055 2210 2194 2275 loco

152 2313 271 2392 (X,
307 2310 368 2391 1,
401 2308 561 2395 940:
604 2306 913 2387 Multum,
960 2307 1083 2386 ait,
1131 2317 1197 2372 et
1220 2329 1407 2373 verae
1431 2311 1723 2404 gloriae,
1765 2314 2044 2398 quamvis
2072 2333 2195 2379 uno

149 2418 313 2481 libro
334 2462 355 2492 ‚
402 2413 672 2479 Persius
697 2411 964 2490 merm‘t5
1009 2411 1110 2476 ubi
1143 2411 1485 2477 notabimus
1516 2433 1720 2477 veram
1753 2415 2002 2498 gloriam
2025 2462 2043 2495 ‚
2079 2438 2194 2502 quo

148 2543 212 2583 v.
243 2518 597 2605 siguificare
626 2518 866 2581 videtur
897 2514 1307 2597 Quintilianus
1328 2561 1346 2593 ‚
1395 2515 1547 2599 apud
1583 2517 1794 2580 doctos
1823 2519 2194 2602 potissimum

149 2621 605 2706 incorruptique
654 2617 860 2683 iudicii
909 2615 1182 2681 homines
1246 2616 1579 2681 lectitatum
1640 2619 1830 2683 fuisse
1884 2617 2189 2684 Persium.

72 2767 89 2777 ·
148 2722 347 2809 Ipsum
391 2722 669 2786 studiose
707 2721 934 2804 legisse
965 2719 1095 2784 eius
1124 2718 1384 2798 satiras,
1421 2718 1832 2799 demonstrat,
1880 2721 2035 2805 qnod
2069 2742 2193 2785 non

148 2829 339 2891 solum
372 2825 509 2891 eins
538 2823 887 2888 testimonio
919 2822 1107 2886 utitur
1137 2817 1285 2904 (lx,
1319 2821 1382 2897 3,
1418 2818 1497 2900 93
1527 2819 1636 2884 42.
1684 2821 1768 2900 X,
1803 2823 1867 2901 3,
1901 2822 2051 2907 29),
2085 2822 2195 2889 sed

149 2927 498 3013 quibusdam
531 2924 683 2990 locis
712 2935 921 3010 aperte
954 2945 1086 2989 eum
1132 2922 1443 3008 expressit
1485 2920 1669 3008 (ΧΠ,
1707 2922 1810 3004 10,
1842 2922 1927 2991 26
1957 2928 2035 2989 cl.
2070 2937 2188 2991 sat.

149 3028 202 3107 1,
233 3031 343 3095 44.
407 3025 529 3109 111,
566 3027 629 3103 1,
663 3027 703 3091 3
736 3024 814 3092 ol.
848 3037 966 3092 sat.
1001 3024 1055 3106 1,
1089 3023 1281 3108 107),
1341 3035 1657 3110 utrumque
1708 3027 1966 3111 denique
2011 3048 2192 3112 saepe

150 3133 359 3198 eodem
391 3130 617 3195 iudicio
650 3131 735 3193 uti
765 3129 1077 3206 videmus,
1123 3139 1191 3193 ut
1228 3149 1355 3191 non
1401 3128 1691 3193 miremur
1727 3127 1929 3195 Persii
1971 3129 2192 3195 satiras

150 3235 450 3320 placuisse
513 3230 913 3313 Quintiliano.
1005 3227 1156 3294 Cum
1213 3229 1329 3295 hoe
1386 3232 1694 3295 consentit
1738 3232 2005 3297 eiusdem
2054 3233 2189 3297 aevi

150 3348 325 3424 poeta
367 3334 828 3412 Martialis,
876 3333 976 3417 qui
1018 3331 1118 3395 ubi
1162 3352 1348 3417 parva
1394 3332 1765 3417 potissimum
1810 3344 1873 3397 et
1900 3355 2041 3398 rara
2081 3353 2192 3398 ex-

153 3442 267 3525 peti
300 3440 520 3516 docet,
566 3438 716 3502 haee
746 3435 1020 3520 adiungit
1048 3432 1190 3516 (lv,
1223 3432 1332 3514 29,
1368 3434 1409 3500 7
1438 3437 1601 3521 sq.):

156 3663 402 3730 lDt'n‘pa’
456 3661 653 3713 dieitur
700 3661 775 3719 is,
824 3674 973 3725 quem
1025 3673 1200 3711 omues
1249 3665 1396 3710 tauto
1443 3658 1622 3710 favore
1671 3665 1949 3727 expetunt.
1997 3665 2055 3710 ut
2092 3674 2188 3710 non

212 3734 376 3800 possit
409 3730 615 3783 eunetis
650 3727 958 3780 sotiis-cere
981 3764 996 3792 ,
1034 3727 1102 3779 cf.
1144 3726 1267 3780 Seu.
1307 3729 1368 3778 ‹le
1404 3728 1483 3779 ira
1522 3726 1609 3791 111,
1635 3728 1736 3783 23:
1774 3727 1972 3779 Postea
2014 3727 2190 3779 Tima-

211 3818 371 3867 genes
408 3827 478 3838 —-
514 3804 636 3851 tota
674 3801 899 3848 eae'm'tate
933 3796 1177 3863 direptus
1209 3802 1314 3848 est.
1366 3798 1428 3847 de
1467 3795 1614 3848 brev.
1651 3797 1750 3848 vit.
1790 3797 1850 3851 7:
1904 3797 2190 3863 Diripitur

216 3870 307 3920 iu·
342 3874 461 3920 toto
479 3870 623 3935 soro
652 3873 948 3933 patronus.
987 3865 1142 3918 Mart.
1172 3864 1282 3927 vu,
1309 3866 1397 3929 76,
1439 3866 1462 3917 1
1492 3882 1607 3930 σφε
1649 3865 1799 3931 Quod
1832 3870 1887 3916 te
1921 3865 2192 3932 diffpiunt

208 3942 550 4005 potentinus
589 3951 699 4003 pet·
744 3939 1014 3992 convivia,
1058 3938 1311 4002 porticus
1357 3936 1576 3987 theatra
1619 3963 1689 3972 —
1739 3934 1928 3987 Nolito
1963 3937 2188 3986 nimium

217 4009 316 4059 aba·
338 4007 582 4074 plaeere.
623 4005 735 4057 lav.
775 4004 865 4064 vl,
905 4004 1034 4056 403:
1086 4005 1216 4070 Quis
1246 4009 1422 4066 amet,
1462 4008 1583 4070 qm's
1617 4003 1916 4071 diripiatur
1950 4003 2182 4055 adulter.

215 4077 293 4127 Cf.
332 4078 405 4128 ib.
442 4077 609 4143 intpp.
651 4072 874 4127 Markld.
913 4076 975 4124 ιιΙ
1013 4071 1149 4124 sm.
1190 4073 1319 4124 silv.
1362 4072 1426 4134 V,
1465 4073 1516 4131 3,
1565 4073 1678 4127 129.

230 4200 464 4242 mnus
1736 4175 1771 4236 d
