2764 4738
462 599 891 669 strenuumque
962 584 1099 650 veri
1169 583 1525 649 inveniendi
1581 581 1855 648 *studium
1929 583 2379 668 agnoscendum
2439 604 2512 649 se

464 705 807 788 praebeat,
863 704 1118 787 aequior
1175 701 1625 767 siterroribua
1684 702 2114 787 ignoscendiS,
2177 704 2510 780 neminem,

461 826 556 906 qui
604 823 933 907 promptior
973 821 1052 884 sit
1091 821 1289 886 aliena
1333 821 1547 885 merita
1591 820 2011 904 praedicandi,
2061 822 2365 885 neminem
2409 822 2516 904 qui

461 943 683 1005 clarius
728 940 1050 1018 ostendat,
1099 940 1315 1022 ubique
1359 958 1428 1004 se
1467 939 1746 1004 veritatis
1790 961 1914 1002 non
1960 939 2051 1003 sui
2098 939 2295 1003 studio
2342 940 2508 1003 duci.

462 1058 733 1141 Quarum
778 1060 1067 1124 virtutum
1114 1058 1456 1142 exemplum
1502 1056 1656 1122 baud
1703 1058 1900 1122 minus
1955 1057 2304 1121 imitandum
2363 1057 2510 1120 mihi

458 1177 782 1260 proposui,
843 1198 1016 1259 quam
1057 1174 1454 1259 philologicae
1502 1175 1891 1259 disciplinae,
1950 1196 2147 1258 neque
2194 1176 2508 1257 quicquam

458 1295 810 1372 elaboravi,
872 1296 1014 1377 quin
1063 1294 1263 1378 imago
1310 1293 1449 1358 Tua
1493 1294 1638 1358 mibi
1682 1305 1824 1358 ante
1868 1294 2077 1357 oculos
2122 1304 2506 1369 versaretur,

456 1406 633 1478 etex
663 1433 759 1475 me
789 1432 1174 1495 quaererem:
1234 1409 1395 1492 Quid
1442 1412 1514 1474 de
1558 1422 1620 1476 te
1663 1412 1825 1477 dicet
1855 1409 2326 1476 Lachmanuus?
2384 1406 2510 1473 lta·

459 1553 573 1615 que
620 1531 735 1594 iam
782 1542 905 1593 tum
951 1551 1085 1594 cum
1131 1527 1421 1594 Berolino
1464 1529 1881 1607 discederem,
1930 1542 2160 1593 certum
2191 1539 2508 1611 ratumque

459 1649 609 1726 fuit,
656 1648 1130 1731 quandocunque
1200 1647 1415 1712 librum
1478 1648 1722 1713 ederem
1784 1648 2098 1729 disciplina
2155 1646 2290 1709 Tua
2346 1628 2509 1710 haud

457 1788 706 1850 prorsus
752 1766 1102 1850 indignum,
1150 1786 1284 1830 eum
1325 1766 1402 1830 ad
1435 1766 1532 1831 Te
1563 1767 1826 1830 mittere.
1883 1764 2113 1829 Postea
2153 1786 2305 1829 vero
2347 1763 2511 1828 baud

456 1906 580 1948 uua
621 1906 689 1950 re
734 1884 880 1948 mibi
921 1883 1225 1970 probasti,
1276 1905 1452 1967 quam
1497 1884 1752 1947 amicum
1797 1884 1940 1947 mihi
1984 1883 2333 1948 servaveris
2373 1882 2511 1946 ani-

458 2024 615 2066 mum
638 2049 657 2080 ,
705 2003 861 2086 quod
885 2049 904 2081 ,
951 2023 1301 2085 quamquam
1346 2024 1575 2086 augere
1607 2021 1872 2065 amorem
1905 2021 2099 2064 meum
2132 2021 2252 2064 non
2286 2001 2506 2085 potuit,

458 2117 1021 2186 firmavit'auimum
1062 2121 1324 2205 gaudio,
1377 2142 1493 2205 quo
1538 2142 1573 2184 a
1623 2118 1720 2182 Te
1763 2119 2023 2182 amicitia
2075 2119 2215 2184 Tua
2261 2120 2509 2203 dignum

457 2262 553 2304 me
583 2240 864 2304 ‚habitum
907 2240 1057 2304 vidi.
1118 2239 1352 2323 Accipe
1399 2260 1547 2322 ergo
1588 2236 1867 2301 Persium
1902 2258 2137 2315 meum,
2187 2249 2291 2314 et,
2339 2236 2511 2320 quic-

457 2359 595 2441 quid
641 2359 713 2422 de
761 2380 835 2423 eo
883 2356 1214 2437 iudicabiS,
1281 2358 1505 2421 amoris
1565 2355 1941 2441 integerrimi
1999 2356 2214 2441 pignus
2271 2357 2502 2439 accipe.

456 2475 677 2561 Neque
726 2477 885 2541 euim
932 2487 1111 2561 puto,
1162 2497 1405 2561 operam
1450 2496 1641 2539 meam
1684 2475 1827 2539 Tibi
1874 2496 2121 2559 prorsus
2163 2474 2510 2538 satisfactu-

456 2608 623 2673 ram,
671 2617 805 2659 cum
836 2596 977 2659 mibi
1010 2595 1254 2659 minime
1286 2594 1656 2672 satisfaciat,
1706 2593 1806 2677 qui
1852 2593 2128 2657 absoluto
2171 2614 2392 2675 opere,
2440 2603 2510 2656 ut

455 2716 589 2779 fieri
621 2714 814 2792 solet,
863 2713 1084 2778 clarius
1114 2714 1230 2777 iam
1263 2713 1619 2798 perspiciam
1642 2758 1661 2790 ,
1707 2712 1844 2794 quid
1877 2711 1942 2775 in
1973 2732 2047 2774 eo
2079 2710 2508 2796 perficiendum

456 2834 695 2896 fuisset.
769 2827 863 2897 lta
920 2844 1122 2897 autem
1184 2831 1281 2896 Te
1336 2833 1737 2896 iudicaturum
1781 2849 2004 2915 spero,
2066 2841 2169 2905 ut,
2232 2830 2509 2911 quamvis

457 2951 611 3015 haud
644 2970 831 3037 pauca
863 2952 1126 3016 sortasse
1159 2950 1355 3014 minus
1369 2961 1540 3014 recte
1558 2949 1778 3013 fecisse
1800 2949 2037 3023 videar,
2070 2947 2507 3032 negligentiam

459 3082 658 3133 tamen
704 3081 766 3133 et
804 3069 1109 3153 ignaviam
1155 3071 1413 3134 alienam
1459 3091 1495 3133 a
1527 3087 1623 3131 me
1664 3068 1851 3131 fuisse
1881 3087 2164 3130 censeas·
2210 3064 2410 3148 Atque
2440 3065 2507 3128 in

388 3277 399 3282 ,
455 3210 524 3252 re
570 3188 779 3252 critica
828 3208 902 3251 ea
947 3198 1042 3252 est
1083 3188 1267 3272 ipsius
1314 3186 1629 3271 scriptoris
1672 3196 1851 3267 atque
1896 3185 2166 3248 codicum
2198 3185 2390 3262 ratio,
2440 3195 2510 3248 ut

457 3308 531 3370 de
576 3307 778 3370 multis
826 3306 978 3370 locis
1021 3306 1357 3371 verendum
1389 3305 1506 3381 sit,
1553 3326 1632 3368 ne
1664 3323 1907 3388 semper
1931 3304 1997 3366 iu
2027 3314 2336 3385 utramque
2366 3323 2510 3386 par-

456 3436 576 3488 tem
619 3424 1014 3507 probabiliter
1059 3423 1346 3508 disputari
1390 3422 1620 3507 possit,
1671 3432 1733 3485 et
1791 3424 1931 3506 quid
1969 3443 2183 3487 verum
2228 3421 2346 3500 sit,
2391 3441 2507 3504 pro

457 3553 627 3607 certo
660 3542 946 3606 constitui
977 3552 1259 3626 nequeat.
1344 3541 1636 3606 Attamen
1684 3563 1818 3606 cum
1862 3541 2122 3606 antebac
2155 3560 2270 3604 nec
2300 3537 2509 3626 multis

455 3682 572 3724 nec
615 3660 878 3742 antiquis
926 3663 1101 3725 codd.
1152 3661 1388 3726 collatis
1433 3660 1668 3725 incerta
1712 3680 1894 3746 saepe
1942 3662 2263 3724 fluctuaret
2304 3658 2510 3740 dispu-

455 3779 644 3858 tatio,
720 3779 973 3843 collecto
1045 3800 1208 3844 nunc
1279 3780 1541 3863 undique
1601 3792 1892 3864 apparatu
1950 3778 2202 3855 critico,
2277 3775 2509 3841 certius

455 3897 679 3984 poterit
738 3899 812 3962 de
870 3898 1073 3964 multis
1114 3896 1296 3963 rebus
1349 3897 1621 3962 iudicari.
1694 3896 2069 3981 Quamquam
2116 3895 2362 3971 nescio,
2424 3912 2508 3957 an

456 4016 601 4082 Tibi
630 4016 915 4102 probem,
959 4015 1116 4099 quod
1145 4025 1237 4081 tot
1264 4017 1672 4083 recentiorum
1704 4038 1941 4100 quoque
1986 4015 2162 4082 codd.
2203 4011 2508 4078 lectiones

330 4457 365 4480 ¹³3*

370 4483 619 4623 “k
