2764 4738
851 430 1019 492 SAT.
1051 432 1095 505 1,
1130 437 1208 496 13
1238 467 1322 478 -—
1356 437 1454 496 18.
2117 427 2197 492 81

200 598 261 673 V,
290 604 420 664 176.
472 599 716 662 Videtur
741 603 877 661 talia
906 603 1132 663 nomina
1160 603 1414 663 Lucilius
1446 601 1760 675 adamasse,
1793 605 2042 663 fortasse
2074 623 2200 663 ser-

196 687 321 745 moni
364 687 616 767 populari
659 690 924 767 propria,
983 702 1047 749 ut
1075 691 1267 760 lurco,
1316 691 1547 748 comedo
1589 690 1662 748 fr.
1692 689 1791 760 Ν,
1837 693 1897 752 9.
1946 691 2198 749 combibe

196 769 380 844 XXVI,
410 776 509 835 60.
541 775 754 832 mando
778 775 894 834 inc.
930 777 1033 837 86.
1066 775 1267 834 catillo
1295 773 1397 845 lv,
1426 779 1487 837 4.
1520 775 1696 834 Dens·

340 879 389 917 v.
425 863 501 921 13
533 879 624 938 sq.
672 857 981 918 Scribimus
1027 861 1263 930 inclusi,
1306 861 1521 919 secreti
1551 880 1585 918 a
1615 860 1805 937 vulgo,
1836 870 1898 918 ut
1927 860 2113 919 solent
2142 863 2199 919 in

194 960 340 1021 parva
367 944 509 1003 cella
541 944 800 1004 sublimia
828 946 1076 1004 earmina
1107 945 1304 1005 facere
1339 945 1551 1016 (Iuven.
1583 944 1708 1014 VII,
1739 949 1868 1017 27),
1912 946 2039 1025 quia
2071 965 2201 1004 car·

193 1029 334 1099 nina,
362 1039 420 1088 nt
462 1031 543 1088 ait
575 1027 804 1089 Ovidius
852 1029 1054 1103 (Trist.
1096 1030 1142 1101 Ι,
1181 1035 1238 1101 1,
1281 1034 1414 1103 41),
1459 1049 1751 1090 secessum
1794 1031 2095 1091 scribentis
2142 1041 2202 1089 et

194 1114 288 1171 otia
323 1127 616 1191 quaerunt.
713 1113 893 1174 Arcte
954 1134 1078 1175 cum
1128 1135 1187 1174 v.
1234 1116 1543 1174 scribimus
1582 1114 1921 1194 iungendum
1963 1118 2199 1194 grande

191 1198 405 1276 ab'qm‘d‚
435 1198 587 1279 qnod
618 1201 870 1280 utrisque
901 1201 1167 1260 convenit
1195 1208 1255 1259 et
1283 1201 1338 1259 iu
1370 1220 1481 1281 quo
1513 1220 1723 1260 summa
1752 1202 1838 1260 vis
1868 1204 2054 1281 posita
2087 1210 2196 1260 est.

190 1280 310 1342 Nan
336 1288 584 1366 quisquis
630 1283 703 1344 ad
747 1283 1102 1344 scribendum
1148 1287 1387 1344 animum
1433 1288 1745 1358 convertit,
1785 1287 1835 1345 is
1882 1288 2067 1345 statim
2100 1305 2197 1345 res

190 1386 395 1447 magnas
438 1372 747 1450 cogitavit,
792 1382 854 1430 et
894 1370 1117 1430 videtur
1145 1382 1277 1430 tunc
1310 1374 1584 1450 temporis
1615 1393 1668 1431 v.
1697 1374 1933 1450 grande
1959 1373 2052 1431 vel
2083 1392 2198 1430 ma-

190 1454 317 1513 xime
343 1458 396 1513 in
424 1476 531 1515 usu
579 1457 779 1515 fuisse.
841 1454 1065 1515 Seneca
1107 1465 1267 1516 certe
1309 1455 1510 1516 eodem
1556 1455 1720 1516 modo
1767 1458 2012 1537 loquitur
2041 1461 2197 1537 (epp.

195 1536 437 1613 LXXIX,
485 1545 524 1604 6
557 1562 618 1620 p.
664 1545 789 1604 290
835 1540 1087 1614 Scbw.)=
1145 1542 1261 1601 Iam
1292 1544 1450 1621 cupis
1492 1545 1727 1620 grande
1751 1543 1981 1620 aliquid
2008 1554 2069 1601 et
2098 1562 2202 1620 par

190 1625 438 1701 prioribus
469 1628 768 1699 seribere3
812 1624 957 1686 idem
1002 1633 1116 1706 (ep.
1165 1627 1231 1698 C,
1280 1631 1358 1689 10
1406 1647 1461 1706 p.
1503 1632 1609 1700 99)
1653 1630 1888 1706 grande
1912 1629 2201 1706 coniungit

191 1728 293 1767 eun
322 1715 573 1791 tragice.
631 1710 804 1792 quue
852 1713 1030 1790 magis
1077 1713 1246 1772 etiam
1292 1724 1533 1791 augetur
1576 1715 1679 1786 iis,
1726 1732 1871 1792 quae
1902 1711 2198 1785 adduntur,

190 1793 267 1853 nbi
292 1815 489 1875 pravus
537 1795 638 1856 ille
671 1798 1027 1880 recitantium
1059 1817 1182 1856 mos
1212 1795 1514 1869 irridetur,
1563 1801 1653 1878 qui
1686 1796 1811 1858 dum
1845 1818 2044 1876 magno
2076 1799 2197 1878 pul-

189 1898 380 1940 monum
408 1885 536 1943 nisu
568 1882 747 1942 verba
763 1884 1011 1954 eiiciunt‚
1042 1885 1377 1961 gravitatem
1408 1882 1877 1944 etsublimitatem
1910 1884 2199 1954 affectant,

191 1961 249 2024 de
283 1987 384 2046 qno
424 1969 692 2048 apposite
752 1967 1122 2040 Quintilianus
1169 1968 1234 2041 (1.
1281 1968 1346 2027 Ο.
1393 1968 1494 2041 XI,
1546 1972 1608 2040 3,
1659 1974 1799 2041 55)=
1876 1968 2061 2040 „Sunt
2104 1972 2197 2049 qui

190 2051 365 2111 erebro
394 2054 651 2113 anhelitu
692 2063 753 2113 et
794 2055 1095 2112 introrsum
1128 2055 1295 2113 etiam
1342 2054 1497 2113 clare
1529 2065 1766 2114 sonante
1798 2056 2081 2114 imitentur
2111 2057 2197 2113 iu-

189 2147 347 2196 nesta
389 2158 575 2199 onere
619 2149 681 2198 et
716 2140 849 2217 iugo
890 2138 1222 2198 laborantia.
1283 2137 1444 2212 Quod
1474 2139 1742 2199 affectant
1773 2160 2027 2220 quoque,
2058 2151 2199 2198 tam-

190 2239 326 2298 quam
351 2225 694 2284 inventionis
726 2225 889 2303 copia
915 2234 1244 2302 urgeantur,
1273 2225 1562 2305 maiorque
1607 2226 1694 2284 vis
1726 2225 2084 2305 eloquentiae
2115 2226 2200 2284 in·

188 2310 1803 2476 ffllssff'ssssassiiissssssmssssffi'iii''iiiii‘scssss‘f'm
1832 2332 1903 2456 {¹1}
1946 2312 2199 2475 ἰ’..ἷξέῗξζ

867 2439 883 2454 .
1236 2437 1251 2453 .
1349 2438 1365 2466 ,
1647 2439 1661 2454 .
1711 2441 1726 2455 .
1788 2439 1827 2469 ,,

190 2488 359 2539 cantor
386 2481 544 2560 ligno
575 2482 728 2559 regit
768 2500 870 2540 ore
911 2491 1113 2540 cavato
1159 2479 1382 2541 Grande
1414 2480 1639 2561 aliquod
1669 2483 1828 2541 cuius
1859 2502 1963 2561 per
1991 2483 2200 2542 hiatum

189 2563 372 2624 crimen
414 2566 713 2626 anbelet.“
768 2565 936 2625 Hisce
981 2564 1391 2643 adiungendum
1434 2586 1706 2626 numeros
1748 2569 1871 2638 ille,
1920 2569 2014 2626 hie
2048 2570 2199 2645 pede

189 2646 334 2709 liber.
382 2651 456 2711 Et
485 2650 625 2711 illud
656 2649 879 2732 quidem
909 2670 1188 2710 numerus
1229 2654 1331 2711 ille
1360 2653 1443 2712 ita
1473 2671 1601 2712 eum
1631 2673 1686 2712 v.
1727 2654 2036 2711 scribimus
2061 2672 2199 2711 con-

186 2730 422 2808 iunctum,
453 2748 516 2796 nt
547 2738 868 2796 accuratius
900 2736 1147 2816 explicet
1175 2738 1487 2796 scribimus
1508 2740 1744 2815 grande
1775 2737 2022 2815 aliquid,
2058 2739 2199 2797 ferri

185 2834 336 2894 posse
361 2833 518 2900 puto,
550 2841 880 2901 quamquam
908 2821 1161 2901 intelligo
1200 2824 1467 2883 scribere
1507 2841 1780 2881 numeros
1816 2821 2011 2881 durum
2044 2842 2198 2882 esse.

183 2900 562 2966 Accusativum
606 2927 880 2966 numeros
921 2927 1046 2967 cum
1085 2926 1141 2965 v.
1188 2908 1409 2967 inclusi
1440 2909 1739 2986 coniungi,
1798 2908 1930 2966 mibi
1972 2906 2196 2987 quidem

184 2985 322 3065 leges
358 3010 658 3053 sermones
701 3002 902 3053 vetare
947 2992 1244 3064 videntur,
1290 3004 1351 3052 et
1395 3012 1539 3073 quae
1588 2995 1898 3053 afferuntur
1942 2994 2201 3072 exempla

187 3070 333 3151 longe
361 3076 589 3137 diversa
619 3088 769 3149 sunt,
799 3088 863 3136 nt
889 3098 1118 3138 somnos
1144 3080 1474 3138 exterritus
1504 3076 1637 3153 (Sil.
1670 3077 1735 3136 It.
1766 3078 1835 3149 11,
1867 3082 2039 3149 704),
2070 3080 2199 3137 ani-

186 3175 315 3218 m
338 3173 550 3241 eaptus
591 3161 756 3236 (Seu.
802 3162 974 3223 Herc.
1020 3165 1132 3222 fur.
1185 3167 1337 3241 ¹07)
1367 3164 1442 3222 al.
1504 3163 1649 3222 Nam
1681 3183 1751 3222 ea
1783 3166 1907 3243 ipsa
1938 3183 2200 3222 numero-

185 3259 287 3302 mn
311 3249 397 3307 vis
429 3258 542 3320 est,
587 3260 650 3307 nt
685 3247 962 3323 includat,
1006 3250 1198 3330 itaque
1251 3269 1360 3323 non
1404 3246 1515 3308 dici
1557 3259 1749 3328 potest
1792 3249 2203 3307 nisissnumeris

183 3326 441 3393 thebaeus.

331 3438 384 3477 ν.
421 3422 698 3481 15-18.
758 3418 847 3478 De
892 3418 1323 3479 recitationibus
1351 3417 1730 3479 Romanorum
1761 3419 1916 3477 multi
1949 3415 2202 3498 scripse-

185 3511 316 3561 runt.
359 3504 450 3563 cf.
498 3502 545 3563 1.
596 3503 757 3582 Lips.
799 3524 927 3584 epp.
976 3503 1046 3563 ad
1087 3504 1249 3582 Belg.
1296 3504 1364 3575 Π,
1395 3509 1501 3566 48.
1544 3504 1728 3563 Wolf.
1762 3505 1944 3583 praef.
1978 3502 2050 3562 ad
2081 3505 2200 3563 Cic.

184 3600 234 3661 p.
255 3584 427 3647 Marc.
461 3609 519 3667 p.
551 3588 690 3648 xlx
720 3609 846 3669 sqq.
883 3589 1098 3669 Gierig.
1131 3610 1263 3650 exc.
1299 3589 1323 3648 1
1353 3588 1423 3648 ad
1457 3589 1597 3649 Plin.
1630 3608 1757 3668 epp.
1786 3599 1828 3647 t.
1856 3589 1923 3659 11,
1953 3609 2015 3668 p.
2056 3592 2199 3651 538.

184 3664 498 3734 Tborbecke
528 3671 602 3735 de
631 3673 835 3734 Asinio
866 3673 1119 3735 Pollione
1161 3695 1217 3754 p.
1282 3679 1427 3737 ¹07.
1499 3674 1724 3734 Weber
1780 3672 1852 3734 de
1909 3684 2201 3753 poetarum

185 3750 537 3817 Romanorum
567 3761 1020 3820 recitationibus.
1082 3759 1303 3820 Vimar.
1342 3764 1526 3823 1828.
1569 3765 1630 3821 4.
1675 3759 1910 3819 Persius
1943 3761 2033 3820 bic
2062 3760 2203 3819 vivi-

186 3834 409 3903 «lissinis
440 3864 518 3904 ex
546 3846 784 3925 ipsaque
814 3847 929 3905 vita
961 3847 1155 3925 petitis
1200 3846 1486 3905 coloribus
1527 3845 1834 3905 vanitatem
1876 3846 2067 3904 talium
2100 3845 2205 3904 bo-

184 3925 363 3987 ninum
390 3931 594 4009 pingit,
621 3933 714 4010 qui
744 3931 878 3989 nibil
896 3933 1185 4002 omittunt,
1210 3950 1319 4011 quo
1349 3930 1691 3990 audientium
1722 3931 1916 3990 oeulos
1947 3941 2006 3989 et
2036 3949 2204 3990 aures

187 4006 364 4073 fallere
378 4017 615 4095 possint.
638 4014 911 4076 Solebant
925 4018 1074 4076 enim
1105 4016 1398 4076 recitaturi
1416 4036 1681 4075 summam
1711 4016 1893 4076 cultus
1924 4026 2093 4096 atque
2111 4036 2205 4074 or-

188 4105 331 4157 ntus
345 4119 536 4160 curam
553 4099 849 4174 adbibere,
868 4112 929 4162 nt
945 4104 1025 4163 ait
1039 4100 1317 4182 Synesius
1334 4102 1413 4176 (in
1430 4101 1597 4163 Dion.
1616 4122 1672 4183 p.
1692 4106 1772 4164 55
1789 4101 1854 4161 Β.
1871 4100 2021 4174 Pet.)
2041 4123 2056 4159 ε
2089 4098 2123 4160 ὁ
2140 4098 2206 4158 δὲ

255 4201 475 4245 nasius.
1744 4190 1783 4248 6
