2764 4738
537 412 661 480 1⁰2
1223 413 1391 476 SAT.
1423 417 1468 488 1,
1511 419 1592 479 87
1622 421 1710 460 ’-
1739 418 1843 479 92.

534 597 854 667 corruptam
885 586 1171 647 mollitiem
1201 606 1516 667 apparere,
1545 604 1711 669 quam
1742 586 1793 645 si
1822 587 1969 665 quis,
2000 586 2093 665 qui
2124 583 2345 645 Romuli
2372 604 2590 644 nomeu

532 693 674 752 prae
706 693 772 733 se
804 674 974 745 ferat,
1003 674 1197 732 infami
1226 671 1590 733 cinaedorum
1629 673 1766 731 vitio
1796 673 2135 752 inquinetur.
2195 670 2401 750 Neque
2432 671 2591 729 euim

534 761 585 818 is
616 760 855 818 animum
886 757 1158 818 auditoris
1186 778 1326 818 vere
1357 768 1704 827 commovet,
1734 758 1828 836 qui
1857 766 2037 815 artem
2067 755 2300 816 adhibet
2328 757 2592 836 quamvis

535 843 859 914 delicatam,
891 842 995 903 sed
1024 845 1117 924 qui
1147 842 1224 915 id,
1255 841 1404 923 quod
1432 863 1573 904 vere
1606 845 1800 912 sentit,
1819 842 2054 921 simplici
2081 843 2329 901 veritate
2359 842 2591 920 eloqui·

537 941 646 988 tur.
693 927 852 1002 Quod
882 929 993 988 alio
1022 929 1282 1009 exemplo
1312 928 1730 1008 comprobatur.
1760 926 2043 1006 Naufragi
2072 929 2241 996 euim,
2272 928 2369 1007 qui
2396 927 2593 986 omnia

538 1033 642 1074 sua
672 1012 1057 1093 perdiderant,
1088 1026 1150 1073 ut
1180 1012 1625 1074 misericordiam
1655 1014 1935 1073 bominum
1948 1024 2395 1083 commoverent,
2426 1030 2592 1070 meu-

538 1098 793 1159 dicautes
840 1099 1085 1159 tabulam
1131 1119 1324 1159 secum
1370 1099 1670 1169 ferebant,
1726 1099 1785 1157 iu
1839 1118 1951 1178 qua
1996 1108 2308 1177 tempestas
2357 1096 2591 1175 depicta

540 1195 698 1257 erat3
729 1185 808 1244 ci'.
837 1185 938 1254 VI,
970 1189 1053 1248 32
1097 1205 1182 1264 sq.
1217 1185 1355 1245 Hor.
1389 1183 1463 1244 A.
1495 1184 1558 1244 P.
1591 1188 1675 1247 20
1720 1203 1805 1263 sq.
1837 1181 2081 1244 Phaedr.
2112 1184 2211 1255 IV,
2242 1188 2351 1254 21,
2380 1187 2469 1245 24
2497 1203 2587 1261 sq.

538 1272 654 1332 luv.
688 1269 842 1342 XIV,
872 1274 1019 1332 301.
1093 1270 1229 1330 Cum
1275 1290 1351 1330 ex
1381 1270 1626 1330 Martial.
1669 1269 1797 1341 ΧΠ,
1843 1273 1946 1341 57,
1981 1273 2093 1331 12:
2178 1270 2312 1328 Nee
2341 1271 2593 1344 (cessat)

521 1354 794 1434 fasciato
823 1353 1164 1434 naufragus
1193 1358 1413 1434 loquax
1442 1366 1652 1416 trunco
1682 1365 1992 1434 appareat,
2036 1352 2315 1413 interdum
2349 1355 2594 1413 naufra-

539 1461 647 1519 gos
677 1441 835 1500 navis
880 1441 1164 1519 fragmina
1206 1440 1474 1500 obvoluta
1521 1441 1719 1500 fasciis
1765 1437 1939 1519 (quod
1983 1449 2113 1499 erat
2154 1439 2589 1519 supplicantium

536 1526 778 1605 siguum)
839 1545 1031 1586 secum
1087 1526 1324 1596 tulisse,
1384 1527 1634 1585 fortasse
1662 1524 1880 1604 fructa
1920 1527 1981 1584 in
2026 1526 2196 1585 trabe
2232 1527 2464 1604 pictum
2509 1526 2592 1582 ita

537 1609 927 1691 explicandum
957 1623 1066 1681 est,
1106 1623 1168 1671 ut
1197 1612 1287 1671 hic
1318 1611 1485 1671 homo
1515 1614 1570 1671 in
1602 1613 1760 1670 navis
1789 1609 2090 1671 demersae
2137 1622 2341 1670 trunco
2373 1612 2584 1690 pictum

538 1716 603 1756 se
632 1697 970 1757 exhibuerit.
1034 1697 1192 1756 Talis
1221 1699 1426 1776 igitur,
1474 1699 1520 1756 si
1567 1707 1807 1768 cantat,
1840 1696 1968 1756 dum
2000 1716 2188 1757 assem
2219 1698 2440 1775 poscit,
2472 1715 2585 1754 non

536 1801 628 1842 me
660 1783 905 1843 movebit
932 1794 993 1842 ut
1022 1784 1324 1862 porrigam.
1389 1782 1549 1842 Men'
1582 1794 1810 1842 moveat
1848 1784 1926 1843 cf.
1958 1782 2096 1842 Hor.
2132 1782 2253 1841 Sat.
2286 1783 2332 1853 Ι,
2369 1786 2470 1852 10,
2500 1785 2585 1844 78

536 1868 614 1927 ib.
646 1867 830 1927 Bentl.
871 1870 1097 1948 Quippe
1124 1870 1423 1941 ironicum,
1454 1867 1729 1928 cf.Plaut.
1761 1867 1927 1948 Epid.
1944 1870 2098 1940 V,.1,
2120 1873 2219 1931 12.
2234 1868 2401 1946 Virg.
2429 1867 2584 1926 Aen.

540 1952 588 2024 1,
620 1957 723 2017 39.
771 1953 891 2013 Cic.
923 1974 978 2032 p.
1009 1954 1128 2014 Mil.
1166 1959 1266 2027 12,
1295 1959 1401 2017 23.
1445 1956 1547 2013 Ex
1574 1956 1815 2013 humero
1841 1965 2118 2033 portare,
2150 1965 2211 2013 ut
2236 1953 2403 2032 Virg.
2436 1950 2587 2012 Aen.

539 2038 642 2110 vl,
702 2043 820 2102 301
848 2062 862 2098 :
922 2040 1011 2098 Ex
1068 2041 1315 2100 humeris
1369 2038 1655 2120 dependet
1712 2042 1981 2112 amictus,
2012 2041 2089 2098 cf.
2123 2038 2301 2100 Hand.
2337 2040 2506 2098 Turs.
2539 2037 2591 2097 11

534 2144 591 2203 p.
625 2127 748 2186 619
796 2144 880 2203 sq.
947 2127 1208 2185 Cantare
1249 2125 1508 2185 similiter
1550 2126 1792 2205 positum
1838 2135 1930 2184 est
1971 2126 2140 2184 etiam
2186 2123 2334 2203 apud
2381 2125 2582 2183 Iuveu.

538 2209 638 2280 lv,
671 2213 753 2271 34
788 2229 914 2289 sq.:
960 2209 1086 2269 Nou
1120 2221 1211 2272 est
1250 2208 1604 2282 cantandum,
1636 2229 1730 2270 res
1763 2229 1901 2271 vera
1931 2212 2151 2288 agitur3
2197 2211 2276 2270 cf.
2308 2210 2387 2281 X,
2425 2213 2587 2277 178;

542 2292 689 2374 quod
719 2314 829 2353 non
861 2296 938 2353 ita
970 2294 1391 2375 intelligendum
1432 2307 1556 2368 est,
1586 2297 1748 2376 quasi
1776 2296 1859 2366 is,
1890 2298 1984 2376 qui
2015 2306 2228 2366 cantat,
2263 2297 2590 2354 mentiatur.

410 2431 423 2444 .
539 2380 755 2439 Verum
787 2382 879 2460 qui
910 2392 1122 2453 cantat,
1152 2403 1262 2441 non
1296 2383 1629 2462 simpliciter
1657 2402 1849 2441 verum
1884 2383 2195 2461 eloquitur,
2231 2386 2361 2461 quia
2392 2400 2590 2440 verum

116 4142 448 4309 ι--μχ

543 2474 656 2535 est,
685 2463 788 2524 sed
819 2466 1125 2526 artificiose
1172 2479 1427 2527 ornatum
1470 2468 1726 2546 profert,
1774 2478 1942 2546 atque
1973 2470 2029 2525 in
2061 2468 2168 2526 hoc
2200 2479 2405 2526 ornatu
2439 2487 2594 2525 sum-

541 2568 695 2609 mum
724 2551 901 2629 pouit.
963 2550 1138 2631 quue
1183 2554 1361 2632 ipsum
1407 2554 1691 2632 vituperat
1734 2552 1966 2612 Persius
2013 2562 2073 2612 et
2100 2550 2286 2611 addit:
2368 2555 2595 2610 Verum

537 2654 647 2695 nec
672 2646 842 2694 nocte
860 2648 1144 2714 paratum
1165 2638 1472 2716 plorabit,
1507 2641 1615 2716 qui
1634 2657 1722 2697 me
1756 2640 1912 2698 volet
1939 2639 2284 2697 zbtcurvasse
2316 2639 2587 2717 querela.

537 2719 645 2792 Qui
690 2721 925 2781 efficere
970 2721 1116 2793 vult,
1158 2734 1220 2781 ut
1261 2724 1554 2781 infortunii
1611 2725 1698 2782 sui
1742 2724 1883 2782 alios
1928 2725 2194 2795 miserat,
2256 2725 2304 2781 is
2352 2742 2588 2782 sensum

537 2824 695 2864 suum
740 2824 878 2865 vere
925 2804 1364 2879 demonstrabit,
1407 2827 1591 2887 neque
1635 2828 1776 2868 vero
1822 2820 2002 2868 artem
2045 2828 2201 2867 suam
2251 2808 2587 2867 ostentabit.

538 2888 627 2948 Cf.
662 2889 847 2962 Quint.
879 2891 980 2962 vl,
1012 2895 1072 2964 3,
1103 2896 1205 2955 26.
1240 2892 1376 2951 Hor.
1407 2891 1481 2953 A.
1514 2892 1577 2952 P.
1613 2898 1727 2956 101
1767 2913 1855 2973 sq.
1922 2896 2141 2952 Verum
2166 2895 2420 2971 plorare
2452 2903 2591 2951 nota

537 2984 853 3047 structura,
897 2977 1066 3035 etiam
1112 2976 1311 3037 Persio
1345 2979 1544 3037 usitata
1565 3021 1583 3049 ,
1627 2979 1705 3038 cf.
1755 2979 1799 3050 1,
1835 2982 1976 3041 132.
2010 2977 2105 3049 ΙΙΙ,
2137 2984 2259 3050 443
2311 2982 2454 3040 110.
2488 2978 2591 3048 IV,

538 3062 622 3120 34
651 3079 739 3139 sq.
772 3060 847 3132 V,
878 3065 991 3133 253
1029 3065 1169 3125 190.
1214 3064 1716 3140 Noeteparatum,
1749 3066 1878 3143 quia
1908 3066 2202 3123 nocturnis
2235 3066 2592 3142 potissimum

535 3143 1015 3205 lucubrationibus
1060 3167 1250 3206 curam
1297 3158 1358 3207 et
1387 3146 1624 3208 studium
1658 3150 1925 3226 operibus
1971 3150 2088 3208 suis
2118 3148 2468 3209 adhibebant
2498 3169 2595 3207 ar-

533 3228 738 3302 tificeS,
769 3229 915 3290 unde
948 3233 1203 3308 vigilata
1213 3235 1450 3311 proelia
1474 3233 1617 3307 (luv.
1647 3233 1772 3306 vlt,
1805 3240 1911 3306 27)
1946 3246 2006 3294 et
2035 3233 2273 3304 similia;
2306 3236 2385 3293 cf.
2420 3233 2594 3293 Wei-

536 3313 702 3373 chert
731 3326 910 3394 poett.
944 3316 1064 3376 latt.
1096 3317 1222 3377 rell.
1255 3338 1311 3396 p.
1350 3322 1490 3381 195.
1537 3322 1915 3390 Incurvasse‚
1950 3341 2002 3377 v.
2036 3317 2108 3377 ad
2137 3340 2191 3378 v.
2223 3324 2330 3381 42.
2376 3323 2593 3379 Incur-

535 3401 677 3457 varz'
702 3398 771 3460 de
810 3412 999 3461 mente
1032 3404 1287 3480 graviter
1318 3415 1593 3462 commota
1618 3404 1791 3463 habet
1819 3407 1988 3463 etiam
2010 3403 2235 3464 Seneca
2256 3412 2374 3484 (ep.
2395 3403 2591 3463 LXXI

533 3502 588 3560 p.
605 3488 731 3547 240
766 3484 1012 3560 Schw.):
1068 3486 1377 3547 Succidere
1396 3498 1640 3548 mentem
1673 3501 1733 3548 et
1762 3491 2073 3549 incurvari
2096 3501 2157 3548 et
2186 3490 2588 3549 succumbere.

702 3591 757 3628 v.
790 3574 1104 3636 92-106,
1163 3574 1456 3632 Numeros
1484 3584 1545 3634 et
1589 3577 1923 3635 iuncturam
1967 3576 2076 3633 iam
2119 3594 2294 3652 supra
2340 3573 2595 3634 laudavit

534 3654 606 3723 is,
637 3674 876 3731 quocum
909 3676 973 3716 se
1004 3658 1416 3738 colloquentem
1451 3659 1589 3717 facit
1618 3659 1851 3718 Persius
1887 3668 1963 3731 (v.
1998 3664 2080 3722 64
2106 3667 2240 3739 sq.).
2272 3663 2593 3730 Iunctum,

538 3747 601 3795 ut
629 3741 705 3797 ait
737 3739 1106 3812 Quintilianus
1141 3744 1263 3816 (IX,
1294 3748 1355 3814 4,
1388 3747 1471 3805 32
1504 3752 1650 3824 sqq.)
1685 3757 1777 3804 est
1806 3748 1859 3803 in
1893 3744 2117 3815 verbis,
2149 3747 2348 3804 incisis
2368 3788 2386 3817 ,
2419 3765 2596 3804 mem-

536 3822 690 3895 bris,
734 3824 1016 3902 periodiS,
1063 3839 1123 3888 et
1161 3827 1256 3888 ubi
1312 3830 1594 3901 accessit,
1655 3831 1914 3888 numeris
1956 3829 2139 3889 adbuc
2188 3833 2397 3890 crudis
2439 3830 2596 3889 addit

539 3909 803 3967 decorem
836 3917 924 3984 (ut
952 3912 1177 3985 Quintil.
1233 3913 1335 3985 IX,
1379 3919 1441 3984 4,
1479 3919 1598 3976 145
1630 3916 2055 3995 compositionis
2100 3913 2374 3975 decorem
2409 3915 2594 3985 dicit).

533 3994 788 4052 Numeri
826 3994 1169 4059 Graecorum
1201 4020 1255 4057 v.
1284 3993 1526 4077 ῥυθμός
1553 3998 1903 4080 respondent
1935 4000 2080 4073 (Cic.
2113 4013 2265 4059 orat.
2306 4007 2413 4072 51,
2450 4006 2590 4063 170.

533 4079 721 4152 Quint.
738 4079 838 4154 IX,
856 4087 916 4154 4,
935 4088 1040 4155 45)
1062 4127 1078 4155 ,
1093 4104 1234 4164 quos
1258 4085 1474 4144 crudos
1485 4097 1670 4157 vocat,
1687 4087 1816 4165 quia
1845 4084 2086 4145 noudum
2103 4086 2419 4147 artificiosa
2433 4107 2588 4146 eom·

565 4420 700 4533 ‘xx
