2764 4738
463 453 543 495 ct.
1116 427 1860 491 PROLEGOMENA.

462 597 766 667 Miillerus
812 597 1055 685 (Anall.
1101 596 1291 664 Bern.
1339 593 1435 662 111
1463 620 1524 683 p.
1561 595 1644 662 10
1670 619 1801 682 sqq.
1837 598 1918 663 cl.
1954 593 2192 662 Osanui
2220 594 2419 663 Beitr.
2454 596 2525 662 11

462 724 523 789 p.
556 700 682 768 281
713 703 906 788 sqq).
964 703 1183 769 Talem
1232 722 1382 785 ergo
1414 701 1685 766 codicem
1717 698 2113 785 Pomponium
2133 747 2151 779 ,
2200 701 2300 783 qui
2330 700 2522 765 etiam

465 806 740 872 codicem
782 803 1133 871 Mediceum
1175 804 1427 888 eiusque
1472 802 1703 867 scholia
1762 803 2116 887 usurpavit,
2174 812 2243 866 ut
2284 823 2368 866 ex
2413 802 2521 881 iis,

463 928 617 993 quae
661 908 896 972 monuit
940 905 1243 991 Suringar
1292 908 1367 990 (l.
1404 907 1451 971 1.
1483 902 1545 970 ll
1576 929 1636 992 p.
1673 903 1866 987 151),
1926 906 2058 990 plus
2117 925 2291 988 quam
2353 906 2528 969 veri-

460 1010 657 1075 simile
700 1020 836 1088 est,
880 1009 1226 1074 adhibuisse
1275 1029 1518 1074 omnem
1558 1009 1694 1075 veri
1738 1007 2005 1094 speciem
2039 1006 2251 1085 habet,
2297 1018 2364 1072 et
2394 1010 2528 1072 for-

462 1123 629 1177 tasse
648 1112 702 1176 is
732 1112 795 1175 in
812 1110 1178 1175 bibliotheca
1207 1111 1458 1194 quadam
1493 1132 1655 1175 nunc
1687 1109 2009 1174 delitescit.
2032 1105 2102 1172 In
2136 1110 2347 1173 eodem
2378 1110 2528 1193 quin

464 1214 628 1278 edita
654 1212 845 1279 Probi
875 1211 1106 1279 scholia
1136 1213 1404 1292 fuerint,
1452 1234 1577 1277 nou
1610 1224 1810 1298 potest
1837 1212 2130 1288 dubitari,
2167 1233 2304 1275 nam
2335 1213 2524 1276 etiam

464 1316 542 1381 ad
584 1314 877 1381 Bucolica
922 1325 986 1379 et
1030 1312 1339 1400 Georgica
1381 1314 1649 1381 Probum
1691 1314 1901 1379 laudat
1941 1311 2310 1397 Pomponius
2343 1312 2529 1378 Sabi-

463 1439 620 1496 nus,
682 1420 897 1504 partim
941 1417 1065 1495 ita,
1125 1428 1194 1481 ιιι
1234 1418 1449 1483 eadem
1494 1439 1656 1482 nunc
1713 1417 1985 1502 legamus
2045 1415 2198 1500 apud
2253 1414 2528 1481 Probum

466 1520 725 1603 (introd.
756 1521 832 1585 ad
864 1519 1003 1584 Ecl.
1038 1516 1092 1598 1,
1127 1515 1213 1582 46
1244 1521 1344 1602 [cl.
1380 1520 1658 1600 introd.].
1705 1515 1792 1598 11,
1825 1517 1934 1583 61.
1969 1515 2115 1596 VII,
2147 1515 2257 1583 61.
2289 1517 2381 1598 Χ,
2413 1516 2523 1582 18.

467 1620 705 1707 Georg.
738 1618 794 1700 I,
827 1621 936 1685 47.
970 1619 1079 1686 56.
1112 1620 1220 1688 73.
1261 1621 1404 1687 124.
1444 1620 1591 1686 163.
1624 1619 1776 1685 239.
1810 1620 1942 1685 492
1982 1621 2084 1702 [cl.
2120 1621 2282 1685 edito
2311 1619 2528 1684 Probo

465 1724 543 1788 ad
573 1721 688 1802 lv,
736 1722 911 1803 3901.
958 1721 1045 1801 11,
1095 1721 1243 1789 119.
1290 1722 1438 1787 126.
1489 1720 1611 1801 111,
1655 1721 1740 1787 63
1787 1726 1944 1804 [cum
1986 1723 2160 1787 varia
2203 1722 2524 1803 lectione]-

388 1816 394 1823 ’
462 1825 590 1891 317
650 1826 753 1908 [cl.
802 1827 964 1891 edito
1010 1824 1218 1890 Probo
1263 1827 1337 1890 ad
1369 1821 1427 1903 I,
1463 1825 1605 1906 14],
1669 1825 1884 1909 partim
1944 1824 2209 1889 afferens
2260 1845 2414 1909 quae
2457 1826 2528 1889 iu

465 1927 647 1992 editis
677 1927 923 1992 scholiis
955 1948 1077 1991 uon
1109 1928 1506 1993 inveniuntur
1535 1928 1638 2009 (ad
1670 1922 1885 2002 Ecl.1,
1911 1924 2014 1989 12.
2033 1926 2137 1991 59.
2161 1926 2270 1990 71.
2301 1924 2393 2004 Χ,
2414 1924 2523 1992 50.

468 2026 700 2113 Georg.
747 2026 804 2108 Ι,
845 2028 954 2095 67.
998 2027 1148 2095 399.
1213 2028 1298 2107 11,
1348 2028 1411 2093 1.
1472 2026 1593 2108 lv,
1644 2027 1790 2093 125.
1850 2025 2052 2108 361),
2115 2040 2185 2093 ιιι
2238 2039 2532 2114 appareat

464 2132 647 2196 etiam
687 2130 797 2197 bac
837 2143 1011 2217 parte
1052 2132 1386 2217 pleniorem
1430 2134 1562 2197 eius
1607 2133 1796 2196 fuisse
1825 2131 2122 2195 codicem.
2184 2128 2339 2195 Illud
2369 2153 2526 2196 vero

463 2234 680 2298 mirum
723 2233 867 2299 mihi
910 2234 1166 2313 accidit,
1213 2235 1369 2316 quod
1415 2233 1785 2319 Pomponius
1835 2234 1911 2297 ad
1960 2234 2126 2297 Aen.
2169 2229 2350 2307 VIII,
2396 2231 2528 2298 383

466 2357 553 2402 ex
594 2334 803 2401 Probo
848 2357 1096 2422 prorsus
1141 2337 1378 2421 gemina
1422 2337 1495 2402 iis
1539 2338 1763 2415 tradit,
1810 2356 1965 2419 quae
2013 2333 2270 2401 Servius
2299 2335 2526 2401 ibidem

466 2458 551 2502 ex
580 2440 783 2523 Aspro
816 2440 1031 2518 affert,
1086 2451 1300 2506 contra
1343 2440 1419 2504 ad
1455 2438 1687 2525 Georg.
1723 2437 1776 2519 1,
1806 2437 1937 2505 239
1966 2459 2050 2503 cx
2080 2441 2320 2523 Aspre,
2365 2461 2526 2523 quae

464 2541 529 2604 in
558 2538 748 2604 Probi
778 2527 1027 2607 scholiis*
1054 2543 1378 2628 leguntur,
1425 2554 1605 2627 atque
1636 2544 1700 2606 in
1733 2543 1945 2606 eadem
1977 2543 2373 2605 annotatione
2402 2543 2528 2606 alia

464 2640 669 2706 Probo
699 2653 951 2709 auctore
981 2646 1197 2723 affert,
1230 2665 1385 2728 quae
1417 2645 1574 2729 apud
1606 2667 1741 2709 eum
1771 2665 1919 2709 vere
1950 2646 2258 2726 leguntur.
2295 2640 2525 2708 Omnia

465 2745 617 2811 baec
659 2756 861 2812 autem
908 2747 984 2810 ad
1035 2743 1262 2812 Valerii
1293 2745 1484 2810 Probi
1512 2745 1751 2833 Berytii
1781 2747 2250 2812 commentarios
2279 2747 2343 2810 in
2375 2743 2528 2811 Vir-

466 2850 673 2934 gilium
717 2861 1001 2934 tanquam
1043 2850 1117 2915 ad
1160 2849 1467 2933 antiquum
1521 2851 1747 2916 fontem
1793 2849 2119 2916 referenda
2165 2869 2302 2913 esse
2349 2859 2525 2932 puto,

464 2950 539 3018 de
599 2951 854 3036 siugulis
913 2952 1280 3036 quibusque,
1350 2962 1420 3016 ut
1476 2972 1728 3036 aequum
1788 2964 1923 3033 est,
1987 2952 2332 3018 cautionem
2391 2971 2521 3015 non

466 3065 876 3139 suscepturus.

638 3189 816 3255 Hunc
876 3192 1135 3256 eundem
1199 3189 1517 3257 Valerium
1574 3191 1840 3257 Probum
1899 3211 2038 3255 esse
2107 3210 2377 3269 censeo,
2447 3191 2527 3255 de

468 3294 639 3358 cuius
701 3294 1135 3359 commentario
1194 3296 1434 3360 sublata
1492 3316 1629 3359 esse
1684 3295 2007 3358 traduntur
2063 3313 2217 3376 quae
2274 3293 2348 3356 de
2394 3293 2528 3356 vita

465 3394 671 3460 Persii
700 3398 1077 3462 reseruntur.
1149 3395 1329 3480 Quod
1360 3399 1413 3463 si
1444 3398 1577 3481 quis
1607 3398 1899 3476 miretur,
1947 3416 2083 3459 eum
2105 3440 2124 3473 ,
2172 3393 2271 3477 qui
2304 3414 2529 3457 secun-

468 3498 605 3562 dum
650 3495 1009 3566 Suetonium
1055 3511 1296 3565 veteres
1342 3500 1717 3585 potissimum
1758 3499 2090 3582 scriptores
2135 3496 2519 3573 tractaverit,

464 3599 682 3665 Persio
715 3624 950 3688 quoque
978 3624 1221 3689 operam
1242 3603 1509 3681 dedisse,
1538 3602 1808 3687 potestid
1852 3603 2113 3664 fortasse
2144 3620 2268 3663 non
2298 3599 2527 3663 iniuria

467 3693 710 3782 afferri,
761 3705 914 3789 quod
948 3725 1124 3788 supra
1154 3707 1271 3769 iam
1302 3706 1593 3771 monitum
1625 3716 1755 3783 est,
1793 3701 2071 3768 Persium
2105 3702 2198 3766 sui
2230 3702 2526 3787 temporis

467 3807 667 3870 studia
713 3807 1112 3871 contemsisse
1160 3819 1223 3871 et
1265 3810 1645 3891 antiquorum
1704 3807 1985 3871 iudicium
2032 3807 2307 3869 se'cutum
2355 3823 2524 3884 esse,

464 3908 628 3971 unde
671 3908 925 3972 aliorum
970 3908 1247 3973 similiter
1287 3910 1674 3976 iudicantium
1728 3910 1998 3993 plausum
2059 3908 2218 3971 tulit.
2289 3904 2528 3989 ¹Quum·

467 4031 644 4094 quam
687 4011 762 4074 de
809 4010 1028 4075 talibus
1088 4012 1320 4077 facilius
1367 4023 1466 4077 est
1520 4033 1858 4097 quaerere,
1921 4032 2098 4093 quam
2143 4010 2524 4095 respondere

466 4113 550 4176 ita
609 4122 676 4177 ut
734 4113 1160 4198 quaerentibus
1218 4115 1496 4180 satisfiat.
1571 4111 1809 4180 Valerii
1866 4124 2070 4180 autem
2117 4109 2304 4177 Probi
2350 4124 2525 4179 aetas

418 4405 655 4552 ’Ἣ
