2764 4738
538 446 785 493 uxxtv
1174 406 1944 486 PROLEGOMENA.‘

522 596 645 661 -bus
677 593 1019 680 explicabat
1050 592 1384 679 Sophrona
1411 593 1775 679 implicitum
1807 589 1996 673 (Stat.
2023 588 2181 656 silv.
2204 586 2372 671 V,5,
2394 589 2577 673 158),

530 698 663 763 sive
694 707 760 762 ut
788 707 979 761 artem
1011 697 1264 761 similem
1297 707 1797 781 repraesentasse
1828 694 2234 776 intelligatur,
2282 693 2440 758 haud
2471 692 2582 757 abs

534 821 602 864 re
636 801 786 876 erit,
836 799 910 862 de
942 798 1052 862 hac
1083 796 1318 861 mimica
1348 807 1483 861 arte
1513 798 1710 881 paullo
1742 797 2084 862 accuratius
2116 796 2450 860 disserere.

700 900 787 967 M
792 903 822 963 i
829 920 1027 974 mua,
1078 911 1139 963 ut
1168 900 1256 964 ait
1282 897 1609 963 Diomedes
1642 895 1761 979 (ΙΙΙ
1794 921 1853 983 p.
1888 896 2086 979 488),
2137 907 2233 961 est
2271 900 2581 962 sermoni}

533 1002 860 1067 cuiuslibet
900 1011 1105 1067 motus
1146 1003 1283 1065 aine
1310 1003 1685 1081 reverentia,
1731 1000 2170 1085 velfactorum
2207 1009 2273 1063 et
2299 1002 2577 1085 turpium

534 1127 665 1169 cum
710 1107 969 1169 lascivia
1011 1105 1299 1168 imitatio.
1370 1100 1446 1166 A
1491 1101 1753 1166 Graecis
1805 1104 1898 1165 ita
1941 1101 2239 1187 definitur
2255 1128 2277 1164 .·
2340 1095 2579 1189 Μῑμός

531 1210 715 1275 ἐστιν
740 1205 1030 1293 μίμησις
1056 1206 1215 1295 βίου
1234 1252 1249 1281 ,
1296 1202 1382 1272 τά
1414 1229 1488 1271 τε
1518 1206 2087 1293 συγκεχωρημένα
2118 1202 2234 1271 καὶ
2262 1198 2576 1292 <invade

528 1331 701 1394 ρητα
745 1308 1087 1397 περιέχων.
1161 1307 1346 1373 Hisce
1408 1306 1612 1371 verbis
1653 1315 1674 1348 ¹
1725 1308 1787 1369 iu
1848 1309 2198 1372 universum
2257 1307 2577 1370 mimorum

532 1412 941 1494 cuiuscunque
986 1411 1231 1495 generis
1275 1421 1553 1474 naturam
1598 1409 1855 1474 describi
1916 1418 2119 1494 patet,
2176 1428 2331 1493 quae
2391 1410 2457 1472 iu
2503 1429 2577 1473 co

532 1512 900 1597 potissimum
947 1511 1140 1597 posita
1188 1511 1337 1588 fuit,
1388 1523 1451 1574 ut
1492 1511 1656 1574 vitae
1704 1512 2091 1593 quotidianae
2135 1521 2198 1575 et
2241 1512 2579 1575 communis

531 1633 844 1678 sermones
888 1623 952 1677 et
991 1634 1193 1678 mores
1236 1624 1520 1677 accurate
1564 1614 1939 1690 imitaretur,
1985 1614 2065 1675 ita
2110 1623 2177 1676 ut
2221 1633 2336 1677 nec
2381 1612 2458 1675 ab
2504 1613 2579 1677 iis

531 1714 901 1794 abstineret,
964 1736 1117 1798 quae
1162 1716 1356 1797 turpia
1399 1725 1607 1779 essent
1649 1726 1712 1779 et
1754 1716 2062 1779 indecora.
2127 1714 2261 1779 Hoc
2302 1715 2580 1779 indicant

531 1818 710 1882 ctiam
746 1816 1031 1882 Euanthii
1065 1818 1173 1899 (de
1207 1817 1439 1897 sabula)
1478 1817 1704 1881 verba:
1754 1815 1990 1881 Mimas
2033 1816 2110 1879 ab
2153 1816 2576 1881 dabatur-nitate

529 1921 894 1983 imitationis
946 1920 1155 1984 vilium
1207 1941 1418 1983 rerum
1469 1928 1532 1981 et
1575 1918 1794 1981 levium
1840 1940 2275 2002 personarum.
2356 1917 2576 1984 Risum

527 2042 708 2098 csse,
772 2022 869 2105 qui
926 2022 1091 2086 hisce
1151 2021 1343 2084 mimis
1396 2030 1704 2105 captetur,
1772 2040 2123 2104 quamquam
2164 2041 2286 2084 uon
2341 2022 2577 2086 addunt

528 2124 939 2207 grammatici,
998 2134 1205 2187 tamen
1244 2133 1518 2206 apertum
1564 2133 1681 2187 est.
1757 2119 1896 2185 Duo
1946 2133 2144 2187 autem
2199 2120 2572 2206 potissimum

524 2227 841 2289 mimorum
872 2245 1101 2310 genera
1153 2224 1337 2289 fuisse
1382 2221 1696 2289 Plutarchi
1726 2225 1895 2288 locus
1929 2226 2104 2288 docet
2130 2222 2326 2307 (Plut.
2357 2222 2570 2311 Symp.

527 2349 629 2410 qu.
664 2324 811 2404 Vll,
847 2326 913 2407 8,
946 2326 1059 2410 4),
1107 2326 1209 2391 ubi
1253 2348 1389 2393 cum
1434 2345 1729 2410 quaenam
1761 2326 2057 2392 conviviis
2089 2337 2438 2392 acroamata
2470 2326 2573 2390 ad-

524 2429 723 2493 hiberi
794 2429 1007 2493 deceat
1077 2440 1441 2513 quaeratur,
1519 2439 1655 2513 post
1717 2429 1919 2493 varias
1981 2429 2419 2513 disputationes
2489 2431 2572 2492 ila

524 2532 822 2614 loquitur:
871 2522 1148 2597 Οὐκοῦν
1177 2544 1389 2617 μῖμοι
1417 2531 1592 2606 τινές
1622 2534 1792 2600 εἰσιν
1813 2578 1833 2608 ,
1879 2523 1977 2598 οἷν
2004 2529 2161 2606 τούς
2199 2535 2337 2618 μὲν
2376 2529 2572 2598 ὕπο-

521 2632 853 2707 θὲσεις,
920 2630 1080 2706 τούς
1136 2632 1211 2699 δὲ
1270 2634 1634 2721 παίγνια
1682 2633 2030 2702 καλοῦσιν.
2101 2627 2454 2719 Ἀρμόζειν
2496 2627 2568 2701 δ’

524 2732 878 2821 οὐδέτερον
923 2734 1122 2821 οἶμαι
1163 2737 1521 2825 συμποσίῳ
1571 2735 1803 2821 γένος·
1860 2735 1984 2810 τάς
2022 2738 2157 2821 μὲν
2200 2732 2571 2811 ὑποθέσεις

523 2835 636 2905 δια“
678 2837 762 2903 τοὶ
808 2835 992 2922 μήκη
1019 2837 1157 2904 τῶν
1199 2832 1573 2924 δραμάτων
1621 2839 1733 2904 καὶ
1773 2835 1851 2905 ‘co'
1885 2834 2436 2925 δυσχορήγητον,
2482 2838 2567 2907 «ια’

521 2940 597 3006 δὲ
641 2937 931 3027 παίγνια
975 2941 1230 3026 πολλῆς
1257 2942 1563 3026 γέμοντα
1591 2940 2018 3029 βωμολοχίας
2048 2942 2161 3008 καὶ
2192 2942 2570 3030 σπερμολο-

520 3041 675 3128 γίας
727 3038 883 3109 οὐδὲ
924 3055 1069 3116 τοῖς
1126 3041 1211 3108 τοὶ
1273 3037 1689 3130 ὑποδήματα
1746 3040 2097 3128 κομίζουσι
2158 3041 2570 3129 παιδαρίοις,

519 3140 644 3231 οἶγε
686 3142 770 3230 δή
813 3142 1160 3212 δεσποτῶν
1200 3138 1247 3233 ᾗ
1291 3140 1861 3231 σωφρονούντων,
1918 3142 2320 3214 θεάσασθαι
2369 3170 2569 3232 προς-

517 3244 702 3330 ήκει·
775 3252 843 3314 οἱ
910 3245 985 3315 δὲ
1038 3247 1283 3314 πολλοὶ
1344 3248 1460 3316 καὶ
1514 3247 1861 3334 γυναικῶν
1924 3249 2567 3334 συγκατακειμένων

520 3418 543 3469 1
586 3417 802 3470 Paulum
838 3417 1045 3471 turbata
1080 3426 1204 3469 suut
1224 3417 1484 3470 Diomedis
1509 3418 1704 3482 verba,
1740 3421 2003 3469 sermonis
2026 3424 2263 3483 motnm3
2304 3435 2397 3485 ego
2423 3429 2567 3472 certe

587 3501 686 3537 non
738 3487 993 3552 intelligo.
1059 3487 1279 3539 Videtur
1328 3485 1596 3553 legendum
1650 3491 1914 3538 sermonis
1962 3489 2247 3539 cuiuslibet
2292 3495 2352 3540 et
2386 3496 2568 3541 motus

585 3558 700 3604 eine
734 3559 1035 3607 reverentia
1072 3572 1146 3607 ac.
1186 3559 1448 3608 imitatio.
1507 3556 1633 3610 Nam
1672 3558 1722 3607 in
1762 3557 1929 3608 mimia
1964 3572 2079 3608 cum
2116 3572 2350 3609 sermone
2386 3567 2567 3625 gestus

583 3623 938 3687 potissimum,
1001 3626 1131 3690 quod
1195 3632 1275 3676 cst
1331 3631 1543 3688 motus,
1625 3626 1689 3676 ad
1758 3633 1991 3677 naturam
2050 3628 2562 3692 repraesentabatur.

584 3688 766 3740 Postea
803 3696 863 3741 et
894 3696 1136 3757 turpium
1173 3709 1290 3743 case
1326 3698 1492 3745 ctiam
1532 3697 1771 3760 turpium
1823 3696 2020 3747 monuit
2067 3697 2167 3747 iam
2219 3694 2565 3748 Ncukircbius

581 3756 668 3820 (de
704 3757 809 3808 fab.
847 3766 954 3823 tog.
995 3777 1042 3826 p.
1084 3762 1157 3824 5).
1218 3761 1361 3826 Quae
1407 3763 1647 3828 quidam,
1701 3771 1761 3813 ut
1811 3764 2128 3830 Carpzovius
2166 3764 2366 3831 (parad.
2407 3767 2561 3819 stoic.

581 3826 747 3878 Arist.
789 3842 836 3893 p.
878 3827 999 3890 82),
1062 3828 1363 3899 Bernhardy
1409 3830 1576 3896 (Rom.
1617 3830 1677 3881 L.
1720 3829 1784 3881 G.
1825 3849 1873 3898 p.
1919 3833 2038 3897 187)
2086 3835 2214 3900 apud
2267 3833 2563 3885 Diomedem

577 3892 669 3958 (ΙΙΙ
695 3910 745 3961 p.
773 3896 875 3947 487
900 3893 986 3958 Ρ.)
1012 3894 1111 3960 legi
1138 3897 1318 3947 aiuntz
1359 3899 1558 3950 Mimas
1583 3901 1809 3965 effic-tor,
1850 3902 1979 3965 quia
2010 3901 2095 3951 val
2115 3904 2266 3953 intra
2291 3904 2378 3954 vel
2399 3909 2563 3955 extra

579 3978 792 4015 scenam
853 3963 1299 4029 gesticulationes
1355 3974 1600 4032 exercet,
1669 3972 2026 4033 imitaturque
2082 3969 2226 4022 dicta
2287 3974 2563 4040 factaque

576 4047 859 4100 moresque
882 4033 1153 4084 hominum
1180 4038 1234 4083 et
1257 4041 1491 4087 naturas
1515 4053 1636 4087 cum
1662 4038 1884 4088 lascivia
1901 4074 1918 4100 ,
1957 4037 2009 4087 in
2035 4038 2260 4092 editione
2296 4041 2560 4095 Putscbia-

524 4111 533 4116 ’
580 4116 647 4154 na
684 4117 783 4156 nou
819 4102 1103 4170 leguntur,
1142 4101 1248 4155 alia
1282 4117 1405 4156 vero
1443 4120 1541 4157 nou
1577 4113 1658 4158 cat
1693 4106 1755 4157 ad
1793 4120 2018 4160 manum.
