2764 4738
835 399 1577 465 PROLEGOMENA.
2060 425 2219 468 xxx!

168 574 530 659 Quintiliani
576 572 897 651 iudicium,
954 584 1376 658 praeterquam
1434 569 1595 655 quod
1625 570 1701 636 de
1737 564 2012 636 Serrano
2043 585 2111 638 ut
2141 575 2218 641 de

162 689 349 765 poeta
378 677 548 762 epico
580 675 870 761 loquitur,
902 675 1112 740 valere
1145 675 1220 739 de
1249 674 1382 738 istis
1401 671 1714 758 Calpurnii
1752 673 2006 760 eclogis.
2059 671 2223 742 Sunt

161 801 318 845 sane
360 779 626 865 pueriles
670 778 1028 862 praesertim
1072 777 1137 840 iu
1176 776 1508 856 imitando,
1552 797 1769 842 verum
1813 797 1941 840 non
1983 778 2103 856 ita,
2151 791 2221 846 ut

161 882 572 948 adolescentis
604 880 928 944 maximam
956 879 1225 944 indolem
1265 888 1445 962 atque
1490 877 1901 944 admirabilem
1933 882 2084 945 recti
2111 904 2224 947 vo*

160 988 456 1050 luntatem
489 1003 832 1068 agnoscas,
881 981 992 1047 sed
1022 981 1233 1046 sterile
1266 992 1330 1045 et
1355 981 1624 1044 ieiunum
1661 980 1972 1066 ingenium
1994 1028 2013 1060 ‚
2065 986 2223 1067 quod

161 1088 315 1151 nihil
343 1105 611 1170 unquam
641 1085 845 1168 magui
876 1094 938 1147 et
967 1083 1181 1148 eximii
1211 1083 1286 1148 de
1316 1104 1387 1148 se
1419 1102 1674 1169 sperare
1713 1083 1944 1149 iubeat.
1996 1084 2226 1169 Quam·

165 1211 343 1273 qnam
387 1208 507 1252 nec
565 1189 694 1272 ipse
757 1183 1012 1271 Sarpius
1057 1185 1404 1250 accuratius
1450 1195 1514 1248 et
1556 1206 1669 1271 per
1710 1187 1950 1272 singula
1993 1191 2225 1270 docuit,

170 1313 457 1375 quorsum
488 1289 633 1354 illud
657 1335 677 1367 ,
724 1290 882 1372 quod
915 1286 1325 1371 Quintilianus
1354 1288 1703 1372 praedicat,
1751 1289 1980 1355 valeat.
2027 1289 2230 1358 Porro

169 1415 321 1478 quae
350 1401 717 1478 argumenta
746 1391 947 1455 attulit
977 1389 1266 1454 historica
1285 1433 1304 1467 ‚
1353 1390 1568 1474 quihus
1609 1391 1799 1454 aetati
1826 1389 2230 1459 Neronianae

170 1495 323 1561 haee
354 1496 632 1560 carmina
661 1493 1039 1570 vindicaret,
1085 1512 1160 1555 ea
1206 1512 1340 1556 cum
1371 1492 1651 1557 acumine
1695 1495 2047 1580 excogitata
2090 1516 2231 1562 esse

172 1600 408 1675 fateor,
443 1598 530 1660 ita
563 1605 910 1680 comparata
941 1614 1081 1659 esse
1112 1612 1309 1678 nego,
1350 1604 1419 1657 ut
1446 1612 1764 1659 assensum
1795 1607 2227 1681 extorqueant,

171 1701 351 1764 immo
367 1699 618 1762 minime
649 1696 948 1782 probant,
995 1716 1147 1780 quae
1179 1695 1489 1781 probanda
1522 1707 1703 1762 erant
1731 1705 1776 1760 ¹.
1845 1696 2081 1781 Quodsi
2110 1702 2232 1766 iam

173 1804 337 1866 nulla
384 1822 576 1866 causa
621 1810 752 1878 est,
802 1820 914 1863 cur
956 1796 1292 1862 Serranum
1334 1795 1679 1883 Calpurniis
1734 1800 2230 1883 adnumeremus,

174 1904 323 1967 nihil
349 1923 607 1987 prorsus
635 1913 767 1977 est,
804 1901 963 1985 quod
991 1900 1246 1965 amicum
1276 1897 1481 1966 Persii
1501 1901 1691 1966 fuisse
1722 1913 2020 1987 putemus.
2070 1903 2232 1988 Quid

179 2007 338 2091 quod
396 2006 567 2071 vitae
626 2015 840 2068 auctor
898 2022 1022 2066 non
1070 2002 1228 2066 dixit
1273 1999 1665 2087 Calpurnium
1720 2002 1925 2069 Persii
1978 2008 2233 2073 amicum

176 2111 367 2174 fuisse
412 2119 693 2193 poetam,
740 2107 920 2170 immo
967 2105 1337 2168 contrarium
1395 2106 1742 2190 significare
1797 2108 2040 2173 videtur
2096 2132 2233 2175 cum

176 2211 432 2276 scribit:
483 2209 747 2274 Amicos
791 2207 1014 2271 habuit
1064 2243 1152 2255 -—
1204 2203 1494 2271 Caesium
1552 2206 1821 2273 Bassum
1866 2220 2120 2296 poetam
2174 2222 2240 2276 et

184 2313 625 2400 Calpmium.
677 2309 903 2395 Quidni
932 2309 1317 2394 scripsisset:
1371 2308 1656 2375 Caesium
1697 2311 1964 2377 Bassum
2003 2321 2066 2377 et
2095 2312 2237 2378 Cal-

168 2419 473 2503 purnium
507 2417 781 2500 poetas?
825 2411 1254 2480 Confitendum
1286 2412 1507 2499 igitur,
1555 2413 1628 2478 de
1658 2415 1775 2480 hoc
1804 2413 2008 2482 Persii
2036 2417 2234 2482 amico

181 2519 331 2583 nihil
363 2527 577 2580 notum
609 2536 748 2581 esse
784 2524 831 2580 ².

183 2656 207 2709 1
246 2655 326 2707 Ea
376 2670 504 2706 vero
554 2660 887 2718 argumenta,
936 2653 1124 2721 quibus
1170 2651 1285 2707 VV.
1335 2655 1480 2720 Du„
1543 2656 1683 2708 inter
1734 2670 1860 2724 quos
1909 2658 2237 2726 praecipuum

247 2725 419 2776 laeum
437 2724 602 2774 sumit
623 2723 1008 2775 wernadorflus
1044 2725 1225 2789 (poett.
1261 2723 1408 2776 Latt.
1437 2726 1557 2777 min.
1589 2733 1629 2776 t.
1656 2724 1699 2777 11
1726 2742 1774 2792 p.
1803 2727 1835 2778 3
1861 2727 2001 2794 sqq.)
2019 2728 2237 2793 probare

244 2794 570 2856 voluerunt,
606 2791 899 2856 eclogarum
945 2794 1246 2859 scriptorem
1295 2808 1415 2846 esse
1467 2793 1731 2862 lunium
1785 2793 2235 2861 Calpurnium

245 2878 281 2914 a
332 2860 559 2928 Vopiaeo
602 2859 751 2924 (Car.
791 2861 849 2927 8)
907 2869 1355 2914 commemoratum
1379 2900 1394 2928 ,
1455 2862 1671 2931 ideoque
1731 2862 1853 2915 Cari
1916 2863 2239 2931 filiorumque

243 2940 484 2998 tenpore
518 2929 754 2993 vixisse,
804 2946 901 2980 nou
940 2931 1094 2982 nimis
1129 2938 1272 2982 certa
1307 2947 1422 2983 esse
1444 2968 1459 2996 ‚
1516 2933 1801 3000 prudenter
1833 2935 2030 2984 monuit
2067 2936 2241 2986 novis-

250 3001 418 3051 simus
444 2997 911 3050 editorGlaeserus
939 3002 1009 3066 (p.
1037 2999 1069 3054 3
1097 2999 1254 3066 ειη).
1286 3000 1384 3067 Qui
1412 3002 1544 3068 quod
1569 3008 1750 3053 contra
1774 3000 2011 3070 Sarpium
2035 3003 2238 3068 attulit,

248 3068 595 3137 Calpurnium
629 3068 750 3131 (ecl.
792 3067 882 3132 IV,
921 3069 990 3121 84
1013 3068 1118 3135 sq.)
1154 3070 1294 3119 hisce
1331 3085 1473 3121 vss.2

389 3136 624 3203 Namque
663 3136 747 3187 hie
782 3138 834 3187 in
869 3137 1020 3188 silvis
1057 3153 1302 3204 praeseus
1339 3139 1437 3189 tibi
1473 3139 1605 3189 fama
1642 3138 1918 3205 benignum

394 3204 601 3257 Stravit
636 3206 767 3270 iter,
806 3221 1050 3272 rumpens
1086 3206 1270 3257 livoris
1308 3208 1486 3259 nubila
1522 3207 1703 3274 pennis

250 3281 437 3344 aperte
472 3275 732 3326 imitatum
771 3289 884 3326 esse
921 3275 1145 3326 Statium
1180 3275 1371 3340 (Theb.
1408 3275 1527 3340 xll,
1565 3277 1667 3332 812
1692 3278 1830 3343 sq.)=

679 3344 780 3394 iam
816 3352 958 3396 certe
994 3358 1239 3411 praesens
1273 3343 1371 3396 tibi
1407 3345 1545 3398 fama
1582 3346 1857 3411 benignum

394 3413 601 3464 Stravit
636 3413 740 3464 iter
773 3439 845 3450 —

255 3490 316 3535 et
346 3481 445 3549 (ib.
482 3483 588 3535 818
611 3482 747 3548 sq.):

529 3619 561 3670 d
683 3551 730 3601 si
765 3549 883 3617 quis
920 3549 1089 3602 adhuc
1122 3550 1422 3618 praetendit
1456 3549 1636 3604 nubila
1669 3551 1807 3603 livor

398 3620 524 3672 Occi
565 3621 627 3684 it,

260 3705 360 3740 non
396 3689 579 3740 licebit
613 3690 691 3739 ita
726 3687 995 3752 refellere,
1039 3695 1096 3739 ut
1120 3686 1322 3741 Statius
1347 3689 1516 3756 potius
1553 3689 1786 3740 imitator
1821 3687 1985 3740 l'uisse
2019 3689 2246 3756 dicatur,

295 3759 569 3810 raesertim
606 3758 661 3807 in
698 3757 994 3820 imitatore,
1032 3757 1201 3823 qualis
1237 3766 1316 3808 eat
1351 3757 1679 3825 Calpurnius.
1721 3757 1914 3824 Quodsi
1941 3759 2028 3812 hio
2050 3760 2101 3809 in
2129 3760 2245 3812 cod.

292 3827 418 3880 'ind.
470 3834 695 3878 vocatur
749 3825 1065 3877 Theocritus
1120 3826 1521 3893 Caphar-nius,
1574 3827 1965 3894 comparandum
2017 3829 2245 3891 videtur,

258 3897 392 3963 quod
440 3898 493 3947 in
543 3895 694 3947 codd.
752 3894 1053 3962 quibusdam
1099 3895 1310 3946 Persius
1360 3897 1655 3947 nominatur
1703 3897 1925 3948 Persius
1960 3896 2249 3960 Lucillim,

258 3972 321 4016 ut
387 3973 564 4016 raeter
598 3963 692 4029 Sg.
725 3964 773 4017 1.
815 3963 902 4016 Bs.
927 3965 983 4027 2,
1022 3965 1074 4015 in
1110 3965 1225 4015 eod.
1251 3964 1473 4017 vindeb.
1500 3966 1672 4017 chart.
1699 3980 1804 4017 see.
1832 3964 1954 4028 XV,
1985 3981 2036 4017 n.
2063 3967 2186 4032 224,
2220 3968 2244 4020 1

256 4036 311 4085 in
347 3982 651 4087 findlicheri
690 4033 947 4098 catalogo.

188 4105 223 4158 2
255 4102 493 4158 Vidimus
535 4105 641 4156 iam
681 4110 736 4155 et
773 4100 909 4155 infra
947 4102 1232 4156 videbimus
1273 4101 1504 4156 Persium
1541 4102 1815 4168 Fulgentio
1840 4118 2014 4156 ansam
2041 4103 2249 4156 dedisse
