2764 4738
874 414 1042 478 SAT.
1073 417 1118 490 I,
1149 422 1231 481 28
1267 451 1343 462 -
1380 422 1482 481 30.
2113 414 2198 481 85

190 606 371 647 versus
400 587 564 646 affert
591 587 796 659 schol„
826 586 1079 648 conferri
1107 597 1299 665 potest
1329 589 1499 647 etiam
1529 587 1661 646 illud
1682 588 1839 647 Calvi
1873 587 2041 666 (apud
2061 588 2197 649 Sen.

190 691 270 751 cp.
297 672 498 744 XCIV,
548 678 630 736 25
660 694 718 752 p.
750 677 831 735 43
867 672 1055 732 Schw.
1105 672 1291 745 Quint.
1327 671 1425 745 VI,
1461 679 1517 744 1,
1554 677 1691 744 13)ι
1734 676 1976 733 Factum
2020 675 2198 733 ambi-

190 767 294 816 tum
333 759 499 817 seinis
530 778 748 829 omnes,
782 768 842 817 et
873 759 981 817 hoc
1009 778 1108 816 vos
1132 759 1287 815 seire
1316 776 1513 817 omnes
1538 761 1752 817 sciunt.
1802 758 1888 818 De
1918 762 2200 819 sententia

187 863 238 902 ιι.
276 844 310 901 l.
355 841 629 922 quaedam
676 834 932 921 disputat
969 842 1225 901 Boisson.
1280 839 1350 900 ad
1403 843 1664 922 Theogn.
1714 848 1858 906 772.
1914 843 2200 904 Neronem

185 938 361 986 narrat
389 927 696 988 Suetonius
740 927 904 1001 (Ner.
945 930 1053 999 20)
1100 929 1249 986 inter
1293 928 1600 988 familiares
1647 927 1879 988 subinde
1924 928 2200 988 Graecum

186 1013 527 1090 proverbium
558 1015 842 1084 iactasse,
882 1013 1141 1072 occultae
1172 1013 1424 1073 musicae
1454 1014 1661 1074 nullum
1693 1033 1825 1074 esse
1856 1025 2202 1094 respectum,

187 1097 336 1196 qaod
345 1102 425 1157 ita
454 1098 629 1158 affert
655 1098 939 1158 Lucianus
972 1097 1260 1171 (Bai-mon.
1282 1103 1376 1170 1).
1407 1094 1586 1158 οὐδὲν
1615 1094 1831 1175 ὄφελος
1854 1095 2200 1180 ἀπορρήτου

187 1182 277 1241 καὶ
302 1177 581 1260 ἀφανοῦς
605 1183 711 1256 τῆς
734 1183 1070 1260 μουσικῆς,
1117 1184 1194 1242 cf.
1228 1181 1372 1242 Gell.
1401 1184 1478 1243 N.
1508 1182 1582 1243 A.
1608 1183 1758 1255 XIII,
1789 1187 1893 1254 3⁰.
1925 1188 1985 1246 3.

335 1289 390 1326 v.
419 1271 701 1331 28—3o.
755 1269 958 1346 vigim
995 1270 1322 1327 monstrare
1360 1268 1586 1347 vulgata
1632 1269 1840 1329 locutio
1871 1268 1988 1329 de
1972 1271 2065 1341 iis,
2110 1270 2203 1350 qui

185 1371 421 1432 magnam
449 1353 547 1414 vel
580 1351 728 1432 apud
756 1352 1016 1433 populum
1048 1352 1252 1412 famam
1296 1356 1448 1413 nacti
1478 1364 1626 1426 sunt,
1656 1354 2005 1433 praeclaram
2037 1374 2204 1433 prae-

184 1441 379 1509 sertim,
421 1439 501 1497 cf.
535 1437 680 1498 Hor.
730 1457 908 1497 carm.
940 1437 1041 1508 IV,
1072 1442 1132 1509 3,
1162 1441 1264 1500 22.
1294 1438 1467 1498 Mart.
1500 1439 1604 1515 VI,
1649 1443 1752 1510 82,
1783 1443 1842 1501 3.
1872 1439 1973 1512 ΙΧ,
2004 1445 2107 1511 97,
2138 1445 2199 1502 4,

182 1520 310 1581 Plin.
339 1523 438 1593 IX,
470 1527 583 1594 23,
611 1528 674 1585 4.
719 1524 859 1582 Tac.
891 1520 1023 1582 dial.
1057 1527 1121 1584 7.
1157 1521 1395 1583 Graecis
1410 1521 1769 1583 δείκνυσθαι
1789 1525 1875 1603 τῷ
1901 1522 2198 1603 δακτύλῳ,

186 1627 231 1666 v.
260 1606 491 1668 Lucian.
512 1606 709 1667 Somn.
743 1614 843 1670 11.
871 1606 1098 1667 Anach.
1134 1611 1235 1669 36.
1268 1609 1534 1668 Harmon.
1571 1614 1626 1670 1.
1661 1609 1871 1669 Herod.
1908 1615 1977 1684 13
2013 1629 2206 1690 quam-

186 1712 329 1771 quam
359 1696 537 1754 etiam
570 1692 642 1753 de
685 1695 756 1752 iis
799 1691 1038 1763 dicitur,
1082 1713 1315 1773 quorum
1367 1695 1512 1753 mala
1574 1704 1666 1753 est
1697 1695 1877 1764 fama,
1924 1696 2003 1756 cf.
2041 1694 2199 1755 Ovid.

185 1778 299 1838 Am.
330 1777 428 1850 Ill,
466 1784 527 1848 1,
568 1782 667 1842 19.
699 1782 759 1849 6,
790 1784 892 1840 77.
923 1776 1165 1837 Additur
1195 1779 1520 1859 plerumque
1564 1779 1693 1839 huic
1737 1782 1926 1858 gestui
1968 1781 2062 1839 hec
2092 1791 2202 1852 est,

190 1854 344 1932 οὗτος
371 1861 629 1935 ἐκεῖνος,
664 1865 743 1923 cf.
772 1863 893 1923 Iuv.
927 1862 974 1934 1,
1009 1867 1150 1926 161.
1180 1863 1349 1922 Mart.
1381 1865 1454 1936 V,
1488 1868 1588 1937 13,
1621 1868 1680 1927 3.
1711 1864 2203 1925 Narratiunculam

184 1944 246 2007 de
279 1948 687 2020 Demosthene,
717 1948 877 2008 cuins
909 1951 1157 2008 meminit
1186 1949 1387 2021 schol„
1420 1951 1601 2009 refert
1645 1952 1812 2009 etiam
1845 1949 1962 2010 Cic.
1996 1951 2204 2010 Tusce.

183 2030 247 2104 V,
273 2037 371 2105 36,
406 2038 555 2097 103.
575 2033 719 2093 ΡΙίιι.
752 2053 884 2113 epp.
918 2033 1020 2106 IX,
1048 2039 1153 2106 23,
1185 2040 1244 2098 5.
1275 1991 1500 2094 Aelian.
1550 2033 1626 2094 V.
1658 2035 1724 2093 Η.
1757 2036 1857 2108 ΙΧ,
1893 2042 1970 2098 17
2014 2036 2205 2116 (Diog.

186 2115 481 2189 Lacr-LVI,
514 2124 580 2190 2,
612 2123 677 2190 6,
710 2123 794 2182 34
822 2120 929 2180 huc
961 2140 1070 2178 non
1104 2121 1392 2198 pertinet).
1424 2121 1627 2179 Debier
1657 2122 1883 2201 antiqua
1916 2124 2116 2193 forma,
2148 2133 2207 2181 ut

173 2201 368 2278 salb'er
397 2205 496 2275 111,
533 2208 635 2266 5⁰.
669 2239 747 2248 —
776 2205 837 2264 In
869 2203 1012 2265 ludis
1054 2206 1344 2264 litterariis
1377 2206 1650 2283 magister
1690 2208 1880 2283 pueris
1913 2218 2205 2285 poetarum

185 2287 344 2360 locos,
374 2310 522 2372 quos
565 2290 936 2362 enarrabant,
982 2292 1210 2349 dictare
1237 2290 1496 2348 solebant
1540 2299 1615 2365 (v.
1660 2291 1978 2365 Weichert,
2029 2302 2204 2371 poett.

185 2373 295 2433 latt.
323 2377 449 2435 rell.
486 2397 544 2454 p.
577 2380 707 2448 25).
767 2376 983 2435 Pueros
1028 2387 1197 2435 vocat
1224 2378 1506 2447 cirratas,
1554 2377 1682 2457 quia
1714 2379 1948 2456 capillos
1981 2379 2209 2437 alebant

185 2463 329 2536 paeri
371 2480 558 2542 usque
604 2460 676 2520 ad
717 2462 1029 2539 pubertatis
1061 2481 1297 2531 annum,
1340 2472 1402 2521 et
1445 2462 1692 2522 fortasse
1733 2463 1789 2521 li.
1818 2484 1872 2522 v.
1905 2462 2205 2523 delicatum

187 2563 363 2605 comae
409 2557 675 2606 ornatum
720 2547 878 2605 simul
911 2548 1143 2605 notavit.
1210 2545 1345 2606 Inde
1392 2545 1538 2625 apud
1571 2547 1817 2608 Martial.
1855 2548 1955 2620 lx,
1987 2553 2096 2617 29,
2132 2555 2205 2611 7:

187 2633 420 2690 matutini
451 2633 686 2690 cirrata
718 2633 893 2691 turba
921 2634 1216 2710 magistri,
1249 2641 1308 2690 et
1336 2631 1510 2690 Mart.
1548 2632 1685 2710 Cap.
1717 2633 1789 2692 111
1821 2653 1874 2711 p.
1907 2637 1988 2695 93
2008 2632 2206 2693 Grot.:

188 2715 320 2773 sicut
347 2718 507 2776 inter
546 2718 803 2775 cirratas
835 2715 1013 2776 audis.
1049 2716 1138 2775 Cl'.
1190 2718 1519 2796 Hieronym.
1565 2719 1713 2795 apol.
1762 2717 1892 2777 adv.
1942 2718 2122 2778 Rufio.
2186 2717 2208 2778 1

187 2808 225 2857 t.
251 2799 344 2870 lv,
378 2807 405 2863 1
445 2822 504 2880 p.
553 2804 676 2864 369
708 2800 893 2861 Ben.:
939 2805 1296 2861 cirratorum
1344 2803 1520 2861 turba
1547 2802 1892 2862 Milesiorum
1927 2806 1980 2862 in
2013 2804 2211 2863 schola

188 2885 437 2962 figmenta
487 2884 790 2958 decantet,
850 2889 943 2966 qui
988 2898 1237 2946 nostruin
1289 2887 1471 2947 locum
1520 2889 1662 2947 alias
1709 2897 1909 2966 aperte
1957 2891 2214 2968 respexit

190 2976 291 3048 (cp.
323 2971 396 3030 LI
443 2972 702 3050 [XXXII]
747 2983 789 3030 t.
822 2972 921 3043 IV,
967 2977 1007 3034 2
1049 2992 1104 3051 p.
1150 2976 1275 3035 246
1320 2973 1514 3043 Ben.):
1581 2973 1655 3031 Et
1697 2976 1751 3032 in
1799 2984 2008 3032 tantam
2056 2975 2213 3034 venit

190 3058 495 3133 opinionem
529 3058 907 3136 eloquentiae,
937 3069 997 3117 ut
1026 3059 1250 3117 soleant
1279 3056 1425 3117 dicta
1459 3058 1581 3117 eius
1612 3060 1970 3118 cirratorum
1995 3062 2214 3119 dictata

191 3159 334 3200 esse.
384 3142 572 3201 Etiam
603 3144 657 3200 in
690 3144 907 3221 pictura
937 3143 1312 3220 Pompeiana,
1359 3163 1504 3222 quae
1538 3142 1719 3203 ludum
1752 3143 2087 3205 litterarium
2120 3165 2215 3205 re-

189 3238 542 3302 praesentat,
603 3229 913 3305 promissos
960 3248 1257 3306 puerorum
1309 3229 1546 3307 capillos
1588 3229 2040 3290 animadvertere
2084 3231 2218 3291 licet

193 3316 262 3379 (v.
294 3310 424 3372 Pitt.
471 3312 666 3371 d'Erc.
711 3313 806 3383 llI,
852 3319 954 3374 41.
985 3314 1165 3384 sorio,
1211 3311 1379 3391 guide
1427 3311 1529 3372 des
1576 3318 1753 3392 peint.
1818 3334 1942 3373 anc.
1991 3337 2046 3374 ιι.
2090 3322 2213 3378 714

190 3395 294 3453 tab.
327 3401 412 3470 6).
468 3397 562 3455 Ad
607 3401 942 3457 sententiam
983 3400 1061 3458 cl'.
1096 3399 1217 3457 Cic.
1248 3397 1318 3456 ad
1354 3399 1422 3470 Q.
1456 3399 1528 3456 fr.
1577 3400 1669 3470 Ill,
1706 3406 1761 3471 1,
1794 3404 1868 3461 4:
1945 3402 2127 3460 Meam
2160 3403 2215 3460 in

190 3480 328 3541 illum
371 3485 734 3555 (orationem)
774 3486 959 3560 pueri
1009 3503 1205 3543 omnes
1251 3494 1529 3561 tanquam
1585 3487 1804 3543 dictata
1842 3489 2211 3563 perdiscant.

192 3565 341 3637 Quod
372 3566 441 3626 ad
485 3568 665 3634 verba
694 3579 751 3627 ee
782 3570 1002 3629 dietata
1028 3567 1266 3646 fuisse,
1301 3570 1561 3629 similiter
1588 3568 1731 3629 dixit
1759 3571 1950 3630 Inven.
1985 3572 2057 3639 X,
2096 3577 2216 3634 166

189 3668 268 3729 sq.
311 3671 515 3713 saevas
561 3672 730 3713 curre
780 3674 882 3732 per
925 3653 1137 3733 Alpes,
1197 3664 1258 3713 ut
1314 3655 1507 3733 pueris
1550 3656 1781 3734 placeas
1828 3667 1886 3714 et
1932 3659 2217 3716 declama-

191 3738 263 3793 tio
278 3738 426 3813 fias.

347 3844 400 3882 v.
434 3827 712 3885 30-40.
765 3823 939 3882 Moris
986 3834 1131 3894 erat,
1163 3827 1310 3884 inter
1352 3844 1587 3884 coenam
1619 3845 1724 3903 per
1753 3826 2045 3899 lectorem,
2078 3823 2221 3886 ἁνα-

191 3902 466 3981 γνώστην,
515 3910 764 3968 carmina
809 3909 879 3968 ad
936 3909 1368 3969 oblectationem
1418 3911 1776 3969 convivarum
1839 3914 2070 3971 recitari
2118 3915 2219 3983 (cf.

196 3989 344 4050 Suet.
376 3994 526 4072 Aug.
561 4000 666 4057 78.
717 3994 858 4052 Plin.
908 4015 1035 4074 epp.
1086 3995 1128 4065 l,
1180 4001 1276 4057 15.
1309 3995 1403 4066 Ill,
1451 4002 1507 4057 5.
1544 3994 1688 4066 V,lll
1739 3998 2211 4067 1.IX‚17.1uv.

192 4073 503 4155 x1,174.‚›
535 4092 596 4141 et
625 4078 743 4141 de
728 4083 797 4140 iis
831 4081 1019 4140 varias
1036 4078 1445 4160 disputationes
1464 4081 1659 4140 haberi
1693 4081 1954 4159 (Patron.
1991 4088 2089 4145 55.
2110 4087 2217 4145 59.
