2764 4738
451 398 694 445 cxxxvr
1094 372 1830 438 PROLEGOMENA.

451 548 632 614 codd.
687 542 986 611 Suetonio
1031 544 1351 625 tribuitur,
1401 566 1518 612 nec
1561 546 1625 611 in
1671 544 1795 610 ullo
1839 538 2127 610 Suetonii
2156 542 2365 608 codice
2396 562 2504 608 rc·

450 650 722 738 peritur,
766 645 895 713 scd·
915 647 981 710 in
1021 644 1223 713 Persii
1256 655 1513 712 tantum.
1576 648 1780 731 Atque
1808 646 1874 710 in
1904 645 2164 730 antiquis
2192 644 2363 710 libris
2396 645 2503 711 bic

452 753 511 818 ei
556 752 763 816 titulus
805 749 1110 834 praefixus
1155 759 1288 813 est:
1363 746 1546 813 Vita
1600 748 1682 812 A.
1743 746 2012 814 Persii
2069 745 2344 813 Flacci
2393 748 2499 815 Vde

452 851 1015 920 commentario
1073 848 1311 915 Probi
1376 846 1687 917 Valerii
1754 850 2109 930 sublata;
2180 870 2297 933 quo
2359 869 2502 934 per-

452 966 791 1043 opportune
834 952 1162 1017 edocemur
1217 971 1356 1017 csse
1414 973 1547 1017 eam
1607 952 1680 1018 ab
1741 952 1861 1016 alio
1907 952 2273 1037 profectam,
2320 970 2501 1033 quem

452 1059 551 1144 qui
596 1055 1093 1120 commentarium
1137 1052 1318 1119 bodie
1361 1055 1744 1139 superstitem
1792 1053 2175 1138 perscripsit,
2224 1062 2288 1116 ct
2313 1051 2389 1115 ab
2423 1071 2502 1116 co

451 1158 884 1246 grammatico,
930 1177 1106 1241 quem
1145 1156 1298 1220 baec
1340 1156 1500 1221 scire
1547 1166 1609 1220 et
1662 1155 1909 1220 tradere
1954 1154 2222 1240 potuisse
2265 1164 2501 1219 certum

451 1273 567 1326 est.
617 1259 779 1325 Nam
810 1258 884 1322 de
916 1258 1039 1322 vita
1067 1254 1270 1322 Persii
1313 1276 1467 1341 quae
1512 1258 1734 1322 tradita
1776 1259 2029 1341 legimus
2075 1277 2199 1320 non
2230 1256 2505 1342 potuisse

449 1362 634 1427 scribi
680 1361 797 1425 nisi
842 1380 875 1422 a
923 1360 1060 1425 viro
1102 1359 1282 1423 docto
1326 1370 1392 1424 et
1434 1348 1667 1445 egregii
1706 1359 1912 1425 iudicii
1958 1379 2151 1442 eoque
2196 1379 2234 1422 a
2277 1368 2512 1444 poetae

457 1471 660 1528 aetate
709 1462 866 1526 baud
917 1462 1002 1526 ita
1059 1463 1243 1547 longe
1303 1471 1582 1541 remoto,
1641 1483 1727 1528 ex
1782 1461 1899 1540 iis,
1962 1480 2115 1545 quae
2169 1459 2502 1546 disputavi,
2557 1470 2572 1474 '

450 1584 744 1648 apparere
787 1582 992 1647 spero.

623 1661 821 1745 Quam
869 1661 1128 1728 obscura
1170 1674 1230 1727 et
1262 1663 1515 1729 difficilis
1545 1663 1818 1747 quaestio
1848 1664 1930 1728 sit
1958 1664 2033 1729 de
2064 1662 2499 1747 grammaticis,

452 1765 550 1849 qui
594 1762 839 1828 Probi
885 1763 1130 1828 nomine
1163 1765 1257 1828 usi
1287 1775 1465 1844 sunt,
1515 1765 1814 1830 neminem
1850 1766 2026 1850 fugit.
2093 1761 2182 1829 Ut
2208 1764 2305 1828 hic
2338 1765 2506 1829 cele-

451 1867 779 1932 berrimum
811 1866 1261 1951 grammaticum
1293 1864 1389 1931 M.
1439 1864 1844 1934 Valerium
1888 1865 2217 1931 Probum
2257 1864 2504 1953 Bery-

451 1970 640 2034 tium
673 1967 1102 2053 intelligamus,
1136 1970 1355 2033 suadet
1382 1991 1516 2035 cum
1551 1970 1835 2055 temporis
1865 1968 2046 2045 ratio,
2082 1980 2205 2033 tum
2234 1969 2506 2033 additum

452 2065 761 2136 Valerii
805 2090 1052 2136 nomen.
1114 2067 1210 2135 De
1251 2091 1368 2154 quo
1402 2093 1535 2136 cum
1565 2072 1685 2137 iam
1716 2069 2504 2153 accuratiusqusercndum

450 2171 530 2237 sit
564 2181 622 2252 ¹,
699 2180 833 2257 post
892 2169 1132 2238 Osanni
1191 2172 1429 2238 doctam
1491 2184 1556 2239 et
1610 2173 1976 2239 laboriosam
2034 2170 2504 2258 disputationem

453 2270 775 2357 (Beitr‘age
807 2294 920 2337 zur
949 2272 1197 2339 Griecb.
1244 2297 1305 2339 u.
1353 2273 1535 2339 Ro'm.
1586 2273 2142 2361 Litteraturgescb.
2188 2269 2250 2336 11
2279 2295 2341 2357 p.
2378 2270 2505 2337 166

450 2377 613 2460 sqq.)
664 2375 847 2439 missa
893 2376 1013 2440 iam
1058 2378 1262 2442 facere
1304 2398 1621 2462 possumus
1653 2399 1839 2464 opera
1869 2377 2302 2463 grammatica,
2350 2396 2506 2460 quac

450 2477 562 2541 sub
592 2473 782 2552 Probi
815 2477 1059 2544 nomine
1091 2490 1353 2546 aetatem
1387 2480 1689 2559 tulerunt,
1735 2500 1772 2544 a
1816 2479 2213 2565 grammatico
2244 2479 2505 2563 quodam

450 2579 698 2643 multum
755 2578 995 2646 iuniore
1054 2582 1366 2669 profecta,
1428 2593 1492 2646 et
1545 2583 1760 2648 librum
1820 2582 1896 2647 dc
1940 2582 2141 2660 notis3
2186 2591 2367 2664 atque
2426 2601 2504 2645 ca

452 2700 917 2764 componamus,
977 2703 1131 2767 quae
1187 2683 1284 2752 ad⁴
1322 2681 1637 2771 Berytium
1696 2694 1998 2771 spectant.
2088 2680 2184 2747 De
2229 2702 2306 2747 co
2350 2681 2503 2747 baec

452 2783 648 2846 refert
700 2778 1128 2849 Suetonius
1177 2782 1278 2871 (de
1310 2806 1567 2869 gramm.
1599 2785 1750 2868 24)=

517 2899 589 2953 M.
630 2899 966 2954 Valerius
1001 2902 1272 2956 Probus.
1325 2903 1601 2972 Berytius‚
1640 2906 1729 2958 diu
1763 2904 2109 2958 centuriatum
2146 2903 2304 2971 petit,
2342 2902 2505 2954 donec

519 2987 692 3038 taedio
729 2987 793 3038 ad
831 2989 1005 3039 studia
1038 3003 1097 3039 se
1131 2990 1372 3041 contulit.
1413 2989 1634 3055 Legerat
1660 2992 1710 3043 in
1738 2990 2002 3058 provincia
2026 2989 2267 3056 quosdam
2292 2996 2503 3040 veteres

520 3072 724 3123 libellos
758 3072 892 3141 apud
930 3074 1335 3137 grammatistsm
1357 3111 1373 3137 ,
1425 3075 1646 3128 durante
1683 3076 1848 3127 adhuc
1883 3074 1953 3126 ibi
1992 3076 2316 3142 antiquorum
2343 3081 2366 3108 ²
2398 3091 2504 3127 me·

521 3157 719 3222 moria,
759 3158 972 3210 necdum
1009 3159 1212 3209 omnino
1248 3160 1444 3210 abolita
1481 3161 1618 3212 sicut
1651 3158 1858 3212 Romae.
1907 3161 2009 3213 Hos
2046 3177 2161 3212 cum
2197 3161 2502 3225 diligentius

518 3249 756 3310 repetere
792 3250 945 3310 atque
981 3243 1111 3296 alios
1134 3246 1373 3312 deinceps
1399 3260 1702 3310 cognoscere
1728 3253 1968 3315 cuperet,
2008 3247 2244 3315 quemvis
2276 3260 2453 3299 omnes
2482 3250 2505 3282 ³

452 3434 480 3488 1
518 3431 595 3485 De
636 3433 915 3488 Valerio
964 3436 1174 3489 Probo
1219 3437 1353 3489 baud
1403 3440 1551 3505 pauci
1589 3439 1868 3499 dixerunt,
1917 3439 2007 3505 qui
2045 3454 2158 3491 cum
2197 3454 2225 3491 e
2259 3439 2397 3491 libro
2434 3439 2501 3492 de

520 3503 656 3554 notis
681 3512 734 3555 et
759 3506 1175 3558 institutionibus
1201 3509 1548 3572 grammaticis
1575 3508 1636 3558 dc
1670 3514 1843 3558 aetate
1868 3508 1980 3560 cius
2005 3509 2252 3560 iudicium
2278 3509 2500 3574 ferrent,

518 3571 572 3622 in
611 3570 816 3625 diverse
853 3575 1128 3639 abierunt,
1167 3578 1447 3642 etquidem
1475 3577 1601 3627 duos
1638 3576 2030 3640 distinguendos
2065 3585 2329 3644 putarunt,
2368 3579 2503 3629 elte-

518 3654 634 3690 rum
682 3639 937 3706 Neronis,
1001 3645 1222 3696 alterum
1271 3644 1512 3696 Hadriani
1564 3645 1880 3710 temporibus
1930 3645 2325 3697 adscribendum
2373 3648 2498 3711 reti,

519 3708 651 3773 quod
678 3711 861 3760 merito
887 3713 1067 3764 reiecit
1086 3712 1345 3764 osenna-1.
1388 3714 1466 3764 Ct'.
1488 3713 1654 3765 Noris.
1674 3712 1974 3766 Cenot.Pis.
1996 3715 2124 3765 diss.
2150 3715 2216 3765 tv
2233 3732 2282 3780 p.
2301 3717 2399 3769 ⁴6⁹
2419 3732 2496 3782 sq.

518 3773 710 3839 Maffei,
761 3777 973 3830 Graece.
1028 3782 1145 3842 sigi.
1186 3784 1337 3848 lapid.
1386 3784 1545 3849 proet‘.
1590 3800 1635 3848 p.
1679 3783 1740 3834 17
1765 3798 1876 3848 sqq.
1928 3782 2130 3833 Corsini
2171 3785 2394 3849 prolegg.
2434 3784 2499 3835 ed

519 3842 734 3964 (grattecp.
774 3853 968 3966 nogbp.
1008 3848 1148 3900 Xlll.
1191 3851 1360 3902 Burni.
1401 3850 1564 3916 praef.
1602 3852 1665 3902 sd
1704 3849 1848 3915 Virg.
1887 3867 1936 3918 p.
1975 3852 2063 3904 35.
2113 3851 2320 3904 Fabric.
2361 3853 2495 3905 Bibl.

570 3928 593 3960 a
627 3950 639 3964 .
744 3930 791 3980 p.
905 3947 952 3966 0.

448 3981 483 4033 2
520 3980 600 4035 Cf.
640 3980 854 4034 Merkel.
894 3983 959 4034 nd
995 3982 1147 4036 ovid.
1188 3984 1259 4036 lb.
1300 3985 1401 4039 354
1426 4004 1502 4053 sq.

450 4050 482 4104 3
519 4049 594 4102 lte
632 4052 747 4102 cod.
786 4051 954 4104 Periz.
994 4054 1074 4104 ed.
1116 4051 1243 4105 Ven.
1266 4090 1283 4120 ,
1323 4054 1480 4121 vulgo
1515 4072 1604 4119 se,
1642 4057 1776 4123 quod
1811 4055 1975 4108 deleri
2014 4056 2169 4111 iussit
2202 4058 2433 4113 Gronov.

75 4115 507 4449 ,n-
