2764 4738
846 432 1575 496 PROLEGOMENA.
2194 454 2235 494 v

191 600 422 689 t.11p.
452 601 606 684 291,
651 602 764 668 74.
811 601 961 683 330,
1009 601 1157 670 213.
1198 600 1352 671 216.
1414 600 1669 681 Miiller,
1707 601 1848 667 Etr.
1880 601 2002 688 Ip.
2037 599 2232 683 410)·

181 708 298 771 iam
344 706 486 772 sive
527 706 859 792 genuinam
909 709 1166 771 formam
1219 729 1259 771 a
1297 704 1566 771 librariis
1610 704 1995 770 obscuratam
2041 706 2239 770 credi-

180 830 350 887 mus,
414 810 549 874 sive
601 809 669 872 in
728 828 838 873 ore
894 809 1099 893 populi
1148 807 1464 873 Romanas
1528 804 1947 891 Etruscasque
2009 810 2239 873 formas

180 912 487 977 coaluisse
545 911 929 995 putabimus,
989 931 1115 974 non
1173 910 1519 997 negandum
1576 909 1857 987 videtur,
1925 910 2134 973 Aule-5
2176 919 2241 974 et

176 1035 320 1100 gen.
352 1013 559 1080 Aulis
579 1059 598 1092 ,
642 1015 745 1098 qui
784 1017 852 1077 in
880 1013 1020 1078 cod.
1053 1010 1106 1076 F
1139 1013 1321 1078 etiam
1350 1022 1628 1097 apparet,
1674 1023 1743 1076 ut
1773 1014 1838 1077 in
1868 1012 2008 1076 cod.
2043 1010 2233 1075 Bern.

180 1137 243 1179 n.
284 1116 427 1184 223
481 1117 602 1196 (cf.
663 1137 724 1200 p.
771 1115 900 1183 245
957 1137 1023 1180 n.
1074 1112 1183 1201 1),
1257 1111 1594 1180 Etruscum
1652 1115 1933 1198 quiddam
1992 1135 2237 1178 sonare.

178 1218 416 1304 Aperte
476 1217 812 1285 Etruscum
882 1238 1108 1282 nomen
1185 1216 1344 1298 gerit
1413 1213 1619 1283 Persii
1692 1228 1891 1282 mater
1960 1213 2241 1281 Fulvia

183 1319 612 1401 Sisennia,
660 1331 730 1385 ut
769 1320 1003 1386 monuit
1041 1319 1161 1383 iam
1204 1315 1505 1384 Miillerus
1551 1316 1839 1403 (Eu-usk.
1874 1316 1903 1382 1
1948 1340 2009 1404 p.
2053 1314 2237 1399 426).

187 1420 402 1508 Neque
449 1421 637 1488 nimis
679 1433 931 1505 argutus
977 1443 1115 1488 esse
1158 1421 1415 1499 videor,
1463 1443 1600 1487 cum
1639 1420 1708 1485 in
1751 1422 1956 1507 parvis
2000 1420 2243 1505 quibus-

201 1525 322 1589 dam
360 1525 557 1592 rebus
602 1524 782 1588 buius
827 1522 1074 1590 Tuscae
1121 1523 1377 1609 originis
1405 1522 1666 1607 vestigia
1695 1544 2003 1608 agnosco,
2053 1523 2244 1589 veluti

201 1648 317 1692 cnm
357 1626 585 1693 Arreti
631 1626 1010 1712 potissimum
1047 1647 1281 1693 memor
1324 1636 1458 1705 est,
1505 1624 1608 1690 ubi
1649 1625 2100 1712 municipalium
2141 1645 2244 1690 ae-

193 1731 389 1795 dilium
463 1732 691 1794 fastum
749 1738 922 1793 notat
975 1726 1062 1810 (1,
1110 1727 1235 1794 129
1264 1729 1433 1812 sq.),
1501 1739 1608 1793 aut
1666 1727 2246 1807 Tuscumstemma

188 1829 498 1913 (111‚29)
555 1832 658 1898 vel
714 1828 963 1897 Marsos
1021 1829 1408 1915 Umbrosque
1477 1831 1739 1897 clientes
1796 1825 2082 1914 (111‚74
2110 1837 2238 1915 sq.)

189 1935 450 2018 exempli
502 1935 643 1999 loco
703 1933 920 2012 affert,
981 1933 1183 2017 qualia
1226 1954 1338 2019 per
1391 1953 1462 1998 se
1505 1932 1664 1997 baud
1709 1933 1910 2019 magni
1955 1933 2248 1997 momenti

189 2057 313 2100 non
363 2036 622 2120 indigna
663 2047 869 2100 tamen
910 2047 1090 2113 sunt,
1159 2036 1238 2101 ad
1281 2056 1437 2120 quae
1483 2036 1789 2101 attendas.
1868 2034 2247 2120 Quamquam

189 2138 348 2202 enim
422 2136 489 2201 in
562 2138 915 2203 universum
990 2138 1194 2203 omnia
1263 2138 1417 2203 satis
1472 2139 1931 2217 demonstrant,
2010 2138 2247 2203 Romae

189 2251 431 2325 poetam
488 2261 631 2305 esse
692 2242 1017 2308 educatum
1055 2248 1079 2283 ¹
1162 2239 1366 2323 ibique
1443 2260 1581 2305 eum
1652 2241 1962 2326 accepisse
2033 2240 2248 2324 quibus

189 2343 501 2427 ingenium
564 2344 761 2409 aleret
823 2355 1004 2429 atque
1061 2341 1333 2408 firmaret
1388 2353 1451 2406 et
1521 2342 1681 2408 unde
1738 2353 1947 2408 notam
2007 2344 2248 2430 scriptis
2313 2423 2320 2430 ,

84 2505 91 2512 .
191 2448 311 2511 suis
340 2446 763 2531 imprimeret,
810 2457 1016 2512 tamen
1045 2465 1288 2523 eorum,
1338 2466 1494 2528 quae
1537 2466 1691 2531 puer
1718 2446 1904 2527 vidit,
1953 2448 2252 2511 memoria

194 2569 309 2612 non
352 2548 676 2626 exolevit,
724 2559 790 2614 et
830 2569 951 2612 non
999 2548 1273 2632 quaesita
1315 2548 1610 2613 scribenti
1652 2570 1720 2614 se
1751 2549 1990 2614 obtulit.
2045 2547 2249 2614 Nobis

191 2671 330 2715 vero
378 2651 461 2714 ad
504 2650 842 2735 pleniorem
884 2650 1199 2736 magisque
1258 2650 1524 2715 vividam
1571 2661 1790 2736 poetae
1835 2650 2248 2736 cognitionem

199 2773 382 2835 neque
432 2753 583 2817 talia
628 2751 993 2838 negligenda
1034 2763 1201 2817 sunt.
1275 2749 1371 2816 Ita
1417 2753 1575 2836 quod
1622 2754 1746 2833 ait,
1808 2774 1909 2831 se,
1970 2754 2026 2818 si
2068 2753 2251 2818 heres

204 2852 425 2919 deficiat
448 2901 469 2933 ,
548 2851 824 2918 Bovillas
881 2875 1272 2920 accessurum
1329 2855 1534 2939 ibique
1592 2855 1772 2921 facilc
1835 2855 2097 2939 aliquem
2155 2855 2252 2918 in-

197 2967 519 3021 venturum
577 2953 728 3035 (vl,
778 2953 934 3040 55),
1005 2957 1370 3042 intelligitur
1438 2957 1587 3023 illud
1659 2957 1935 3042 quidem,
2016 2956 2255 3022 etiamsi

198 3059 575 3135 nesciamus,
638 3056 923 3124 habuisse
979 3081 1117 3124 eum
1174 3058 1427 3145 praedia
1481 3059 1549 3123 in
1585 3059 1688 3126 via
1731 3059 1972 3145 Appia,
2041 3059 2253 3145 paucis

192 3159 447 3224 millibus
493 3181 535 3225 a
578 3156 837 3224 Bovillis
884 3161 1213 3242 distantia,
1260 3162 1374 3227 sed
1422 3172 1628 3225 tamen
1670 3160 1823 3227 haec
1860 3161 2078 3227 notitia
2109 3183 2254 3226 con-

192 3263 345 3339 fert,
393 3272 464 3325 ut
522 3262 698 3346 quasi
751 3262 1108 3330 familiarius
1170 3286 1305 3329 cum
1358 3274 1543 3350 poeta
1600 3285 1876 3348 agamus.
1951 3262 2104 3328 Illuc
2152 3285 2252 3330 re-

191 3376 425 3427 vertor.
484 3362 756 3429 Persius
787 3364 973 3449 igitur
1018 3387 1103 3433 ex
1159 3367 1375 3432 ordine
1422 3367 1691 3451 equestri
1739 3377 1954 3443 natus,
2019 3367 2121 3451 qui
2164 3377 2257 3431 tot

192 3467 461 3531 illustres
506 3466 932 3532 Romanorum
978 3469 1312 3554 scriptores
1354 3468 1707 3554 procreavit
1740 3477 1799 3548 2,
1847 3469 2147 3554 sanguine
2191 3480 2257 3534 et

193 3569 484 3633 affinitate
526 3569 706 3653 primi
750 3571 982 3635 ordinis
1021 3573 1171 3637 viris
1203 3572 1602 3647 coniunctus,
1649 3571 1815 3635 inter
1843 3592 1994 3654 quos
2026 3572 2257 3636 eminet

194 3669 420 3738 Paetus
481 3671 808 3753 Thrasea,
870 3683 935 3737 et
989 3694 1060 3738 re
1117 3673 1402 3738 familiari
1458 3673 1609 3738 satis
1663 3674 1860 3759 ampla
1915 3675 2253 3740 instructus

200 3858 494 3920 icaunae,
546 3876 675 3927 quas
723 3859 799 3911 Ri
816 3866 962 3913 tter
1011 3861 1171 3929 (sp.ee
1226 3877 1291 3912 an
1298 3867 1429 3914 nott.
1482 3864 1533 3913 in
1504 3862 1632 3913 ιι.Α
1671 3862 1838 3914 Persii
1873 3861 2031 3913 Flacc
2089 3871 2192 3914 sat.
2237 3862 2255 3913 l

260 3931 714 4117 Ξοωδιιῃ.)ρίι·ο
657 3930 873 3994 roi,tult
925 3931 1035 3981 uit
1043 3931 1141 3981 nde
1176 3930 1324 3982 ecem
1327 3938 1443 3993 r,ot
1490 3931 1616 3983 Pers
1619 3933 1866 3983 mimsat
1870 3946 1956 3983 ras

387 4013 647 4065 aescsrip
653 4014 787 4060 isse,
826 3999 995 4049 seiud
964 3998 1395 4066 uEtruriaequo
1331 4001 1763 4068 uodamoppimd
1802 3948 2083 4053 iitamhin
2076 4001 2251 4052 viden-

322 4083 489 4118 reom
497 4075 709 4132 pearata
750 4083 896 4128 csse,
934 4075 1066 4118 utn
1072 4068 1167 4119 iibl
1204 4068 1324 4120 inde
1360 4070 1597 4123 concludi
1581 4036 1808 4139 ipiosst.

198 4135 343 4189 2Cf.
381 4135 662 4191 Paldamus
698 4135 774 4189 ms
777 4153 844 4190 m.
882 4136 1030 4191 Erot.
1069 4153 1120 4206 p.
1162 4139 1226 4192 44
1246 4154 1321 4205 sq.
