2764 4738
834 430 1000 492 SAT.
1032 431 1126 503 111,
1159 435 1241 494 32
1271 464 1349 477 -
1385 435 1486 494 42.
2082 429 2198 493 151

203 624 369 665 eornm
404 603 609 678 hahet3
675 600 936 664 similiter
981 600 1141 661 Ovid.
1189 601 1324 661 Her.
1371 601 1523 672 VIII,
1571 607 1726 664 1112
1782 601 2015 681 „Saepe
2046 603 2206 662 malis

201 697 437 769 stupeo.“
484 692 748 767 Opimum
775 690 1021 766 pingue,
1054 697 1116 746 ut
1142 689 1363 765 pingue
1381 690 1620 746 densum
1636 683 1782 766 apud
1796 688 1959 766 Virg.
1993 687 2204 766 Georg.

198 775 285 845 111,
313 778 439 844 124,
470 776 546 833 cf.
577 773 650 833 ad
680 774 749 843 11,
783 778 885 845 74,
917 773 1392 850 therevitfibris,
1423 776 1478 831 in
1510 773 1710 853 quibus
1739 774 2088 853 potissimum
2118 776 2205 831 vis

197 859 449 919 sentiendi
482 864 632 919 inest
663 860 764 933 (cf.
796 858 866 918 ad
898 858 941 930 1,
973 861 1104 930 47),
1136 878 1279 937 quae
1298 858 1637 937 pinguedine
1669 860 1838 918 nimia
1855 858 2207 936 obtorpescit

199 946 290 1019 (cl'.
317 943 381 1002 ad
410 946 450 1016 1,
482 948 564 1007 56
595 965 682 1024 sq.
715 947 844 1016 96).
876 944 930 1003 Is
958 946 1148 1022 igitur,
1181 945 1309 1022 qnia
1340 946 1564 1003 omnino
1595 943 1799 1003 nullum
1831 946 1946 1004 vitii
1978 964 2206 1003 sensum

193 1030 367 1101 habet,
395 1042 566 1090 caret
598 1032 801 1109 culpa,
834 1028 1220 1088 cf.Menandr.
1251 1051 1439 1106 γνωμ.
1472 1049 1714 1105 novoe-t.
1749 1033 1910 1092 430:
1957 1026 1990 1088 ὃ
2019 1028 2208 1106 μηδὲν

192 1110 355 1184 εἰδώς
381 1111 557 1174 οὐδὲν
581 1111 1007 1196 ἐξαμαρτάνει,
1040 1124 1101 1175 et
1129 1116 1209 1173 ita
1240 1115 1389 1172 vitiis
1421 1115 1655 1173 obrutus
1687 1126 1812 1187 est,
1843 1125 1903 1174 ut
1930 1135 2040 1173 non
2072 1133 2205 1193 pos-

192 1201 265 1258 sit
289 1220 596 1279 emergere.
644 1201 1131 1279 Comparationem
1174 1198 1413 1258 desumit
1458 1200 1527 1259 ab
1558 1201 1663 1270 iis,
1708 1202 1800 1279 qui
1843 1202 1899 1259 in
1930 1219 2076 1279 aqua
2106 1197 2209 1258 de-

189 1287 367 1357 mersi,
406 1287 530 1365 plus
574 1286 752 1345 semel
795 1284 864 1344 ad
908 1284 1260 1362 superficiem
1307 1281 1583 1355 redeunt,
1629 1282 1812 1344 donec
1855 1285 1969 1344 alto
2001 1284 2206 1363 sepulti

189 1373 416 1430 iaceant.
487 1373 697 1431 Altum
749 1378 810 1428 et
854 1388 1136 1428 summum
1172 1371 1248 1428 ita
1294 1369 1402 1428 sibi
1448 1380 1821 1448 opponuntur,
1853 1371 1929 1430 cs.
1964 1368 2101 1429 Seu.
2135 1367 2205 1429 de

186 1456 263 1512 ira
290 1454 331 1524 1,
366 1458 462 1516 16.
509 1455 704 1513 Bullit
724 1466 960 1515 naturae
992 1455 1400 1515 convenienter
1428 1453 1601 1527 dixit,
1643 1475 1769 1514 nam
1801 1476 1945 1536 quae
1976 1457 2033 1514 in
2063 1475 2207 1535 aqua

184 1549 433 1618 snrgunt,
465 1538 647 1598 bullas
680 1541 910 1599 faciunt.

340 1646 393 1683 v.
420 1628 694 1686 35—43.
755 1625 965 1703 Magna
1005 1645 1130 1685 cum
1164 1622 1221 1685 vi
1258 1645 1527 1683 summum
1568 1625 1730 1684 huius
1774 1626 1982 1684 satirae
2031 1644 2207 1703 argu-

184 1721 412 1769 mentum
444 1712 728 1788 exprimit,
764 1712 1129 1769 miserrimam
1160 1727 1354 1770 eorum
1372 1729 1506 1770 esse
1538 1709 1932 1782 conditionem,
1963 1713 2056 1790 qui
2086 1731 2207 1770 cum

184 1796 504 1874 intelligant,
537 1795 665 1875 quid
698 1807 913 1855 rectum
944 1798 1039 1867 sit,
1068 1807 1250 1854 tamen
1285 1816 1396 1853 non
1429 1807 1756 1876 sequuntur.
1842 1794 2067 1854 Summa
2101 1796 2209 1874 igi-

183 1891 265 1939 tnr
294 1900 514 1959 poena,
542 1900 653 1959 qua
678 1880 818 1939 deus
863 1882 1104 1959 aliquem
1150 1881 1388 1939 afficere
1433 1892 1654 1959 potest,
1729 1900 1798 1940 ea
1826 1891 1947 1951 est,
2009 1891 2068 1939 ut
2095 1882 2209 1939 vir-

182 1976 342 2024 tutem
372 1977 681 2043 agnoscat,
729 1986 892 2044 quam
939 1968 1063 2043 ipse
1105 1964 1338 2025 deserit.
1399 1965 1671 2045 Respexit
1694 1965 1755 2023 h.
1792 1966 1827 2022 l.
1861 1965 2209 2043 Augustinus

181 2047 245 2108 de
275 2053 547 2127 magistro
578 2053 657 2111 9:
707 2050 981 2120 „Persius
1013 2051 1266 2109 omnibus
1298 2054 1520 2128 poenis,
1557 2070 1694 2129 quas
1727 2060 2090 2128 tyrannorum
2117 2050 2208 2108 vel

178 2134 477 2196 crudelitas
525 2137 871 2213 excogitavit
930 2136 1021 2194 vel
1066 2135 1342 2215 cupiditas
1381 2134 1603 2213 pendit,
1650 2135 1794 2193 hanc
1836 2154 2001 2193 unam
2046 2145 2208 2194 ante-

178 2225 344 2299 ponit,
373 2242 485 2301 qua
514 2223 835 2280 cruciantur
859 2221 1242 2301 homines,qui
1272 2222 1426 2292 vitia,
1446 2240 1589 2300 quae
1605 2223 1784 2280 vitare
1815 2241 1923 2278 non
1956 2230 2211 2300 possunt,

179 2319 453 2386 coguntur
490 2315 872 2385 agnoscere.“
959 2307 1185 2386 Magne
1206 2317 1391 2386 pater
1433 2309 1628 2365 divum
1667 2317 1729 2365 ut
1771 2306 2019 2365 Lucilius
2066 2304 2211 2384 apud

178 2392 438 2453 Lactant.
469 2393 511 2452 Ι.
545 2393 614 2452 D.
646 2392 741 2451 111.
773 2397 1132 2470 4,12pater
1157 2394 1405 2471 optimus
1426 2395 1639 2452 diuum.
1679 2394 1842 2452 Velis
1862 2393 1939 2452 cl'.
1958 2392 2031 2464 V,
2069 2396 2209 2456 17⁰.

178 2478 403 2539 neindf.
435 2476 507 2536 ad
535 2478 670 2536 Hor.
707 2488 814 2537 sat.
838 2479 881 2550 Ι,
908 2483 971 2548 ⁴,
1010 2484 1148 2540 111.
1192 2479 1404 2537 Libido
1440 2480 1625 2538 tincta
1657 2498 1874 2536 veneno
1905 2490 2094 2537 movet
2124 2480 2211 2537 in-

171 2568 433 2641 genium,
466 2566 506 2622 i.
536 2583 589 2622 e.
618 2561 786 2623 animi
819 2562 1038 2624 indoles
1085 2584 1263 2642 prava
1312 2561 1588 2642 peccandi
1635 2561 1938 2641 cupiditate
1985 2565 2215 2623 incitata

177 2651 570 2728 conrumpitur.
653 2650 834 2726 Tingi
860 2647 1153 2719 dicuntur,
1198 2669 1341 2729 quae
1372 2652 1599 2728 penitus
1630 2650 1880 2708 colorem
1924 2649 2213 2720 imbibunt,

177 2736 321 2816 qnod
352 2735 426 2795 ad
465 2736 704 2793 animum
745 2754 921 2813 saepe
969 2736 1341 2806 transfertur,
1388 2736 1468 2794 cf.
1507 2734 1646 2795 Sen.
1676 2754 1805 2812 epp.
1838 2734 2106 2806 XXXVI,
2140 2739 2214 2796 4:

178 2821 345 2892 „Non
376 2822 494 2891 illa,
523 2821 721 2898 quibus
748 2818 1011 2898 perfundi
1035 2822 1175 2879 satis
1218 2831 1328 2892 est,
1362 2819 1466 2879 sed
1497 2820 1662 2891 baec,
1692 2820 1889 2899 quibus
1917 2817 2215 2896 tingendus

176 2917 265 2967 cst
295 2904 583 2966 animus.“
629 2905 868 2964 Gravius
899 2908 1181 2966 sententia
1206 2909 1481 2964 virtutem
1501 2908 1742 2965 videant
1765 2908 1842 2964 ita
1866 2908 2216 2975 enunciatur,

180 3014 340 3073 qnam
387 2994 436 3051 si
493 2992 766 3070 particula
809 3011 933 3050 cum
1002 2989 1479 3070 praecedentibus
1554 2994 2016 3069 coniungeretur.
2117 2994 2218 3050 In-

178 3081 508 3147 tabescant,
540 3088 601 3134 ut
618 3076 847 3135 Ovidius
877 3076 1037 3150 (Met.
1066 3077 1134 3148 11,
1170 3081 1318 3148 780)
1350 3074 1422 3134 de
1455 3076 1703 3136 Invidia:
1751 3075 1912 3147 „Sed
1949 3074 2104 3135 videt
2135 3078 2218 3134 in-

176 3175 396 3244 gratos»,
434 3162 844 3240 intabescitque
876 3160 1120 3221 videndo
1154 3162 1471 3221 Successus
1504 3162 1844 3221 hominum.“
1913 3161 2218 3220 Notissima

177 3262 238 3311 et
266 3270 375 3330 per
402 3259 579 3307 totam
608 3250 994 3327 antiquitatem
1024 3248 1314 3307 celebrata
1343 3245 1532 3306 sabula
1578 3259 1670 3306 est
1703 3246 1771 3306 de
1803 3259 2011 3317 tauro,
2057 3268 2218 3327 quem

178 3336 423 3397 Perillns
468 3332 752 3393 Phalaridi
792 3334 1074 3405 confecit,
1126 3331 1196 3391 de
1227 3353 1337 3413 qua
1380 3335 1613 3410 copiose
1661 3343 1902 3411 egerunt
1944 3333 2220 3412 Buttiger.

179 3421 349 3482 ldeen
380 3441 435 3479 z.
470 3438 523 3478 e.
566 3419 925 3497 Knnstmyth.
958 3419 981 3477 1
1012 3440 1066 3496 p.
1100 3423 1224 3481 359
1260 3440 1381 3498 sqq.
1433 3419 1612 3478 Ebert
1639 3421 1848 3477 Σικελ.
1897 3440 1951 3496 p.
1979 3422 2061 3479 40
2094 3440 2218 3498 sqq.

177 3508 380 3586 Pauly,
409 3504 674 3563 Kunstbl.
720 3508 882 3566 1835
912 3523 971 3563 n.
1006 3509 1108 3566 57.
1180 3503 1307 3563 Nee
1333 3506 1513 3562 minus
1555 3515 1686 3562 nota
1729 3504 1964 3562 historia
1997 3502 2067 3562 de
2100 3509 2223 3564 Da-

179 3595 361 3652 mocle
391 3591 656 3668 Dionysii
700 3591 952 3667 parasito
984 3600 1093 3660 est,
1126 3591 1219 3669 qui
1253 3611 1377 3649 cum
1407 3609 1439 3646 a
1470 3588 1748 3667 Dionysio
1784 3591 2136 3668 expetiisset,
2165 3601 2226 3648 ut

177 3699 344 3738 unum
373 3676 523 3734 diem
556 3685 851 3755 tyrannum
889 3687 1124 3753 ageret,
1171 3676 1226 3732 in
1255 3695 1469 3733 summo
1501 3676 1837 3733 lautitiarum
1870 3676 2091 3734 cumulo
2123 3696 2224 3735 en-

179 3786 297 3824 sem
339 3783 372 3822 e
418 3762 676 3820 lacunari
738 3771 864 3819 seta
907 3761 1116 3841 equina
1170 3773 1356 3839 aptum
1399 3781 1569 3838 supra
1624 3771 1793 3838 caput
1840 3781 2052 3819 summa
2099 3782 2221 3820 cum

178 3852 470 3909 anxietate
498 3845 752 3925 pendere
780 3845 952 3917 vidit3
997 3847 1072 3908 cl'.
1092 3846 1211 3905 Cic.
1240 3847 1412 3905 Tusc.
1436 3847 1508 3916 V,
1533 3851 1616 3909 25
1645 3846 1719 3904 ib.
1753 3846 1895 3906 Dav.
1924 3847 2223 3927 Wyttenb.

177 3934 245 3995 ad
278 3934 437 3994 Plnt.
474 3932 540 3990 S.
571 3931 649 3991 N.
685 3932 760 3991 V.
788 3951 840 4008 p.
876 3934 976 3994 54.
1054 3931 1236 4011 lntpp.
1268 3930 1404 3991 Hor.
1449 3952 1624 3991 carm.
1660 3932 1753 4003 111,
1791 3939 1846 4005 1,
1897 3939 1995 3995 17.
2075 3935 2225 3992 Pur·-

172 4040 401 4100 μανι-αθ
432 4019 691 4078 cervices
720 4020 757 4076 i.
788 4037 842 4076 e.
872 4037 1120 4097 purpura
1147 4016 1390 4088 indutaS,
1428 4029 1487 4076 ut
1503 4019 1769 4095 purpurei
1799 4014 2032 4098 tyranni'
2057 4019 2222 4093 (Hor.

174 4128 345 4169 carm.
378 4106 424 4179 1,
459 4109 564 4176 35,
602 4108 724 4179 12),
751 4123 1066 4184 purpureus
1100 4123 1301 4165 scurra
1337 4104 1476 4177 (luv.
1508 4104 1606 4177 Ν,
1639 4107 1765 4175 31).
1857 4106 2013 4163 lmus
2039 4123 2218 4183 prue-
