2764 4738
332 880 463 934 Vol.

95 4125 365 4311 ,κ

404 3711 474 3761 A.

491 410 681 454 exevr
1152 387 1876 452 PROLssGoussNA.

494 578 633 622 num
676 553 794 634 ln,
845 555 946 619 12.
993 554 1073 620 14
1117 562 1444 643 querimur
1478 557 1919 623 restituendum
1961 558 2083 634 sit,
2151 568 2216 621 et
2256 554 2346 636 V,
2394 555 2543 622 172.

493 656 619 720 174
659 679 775 719 nec
816 678 1020 732 nunc,
1067 680 1185 742 quo
1228 660 1454 723 ducunt
1494 660 1676 724 etiam
1713 659 1856 744 Mp.
1892 660 2072 724 Rom.
2099 703 2120 735 ‚
2177 659 2339 723 sicut
2382 679 2548 723 nuuc

492 760 685 844 magis
715 780 791 821 eo
822 758 1049 822 inclino
1069 804 1089 836 ‚
1137 771 1205 824 ut
1236 757 1317 838 V,
1350 759 1437 824 84
1466 773 1539 822 nt
1564 761 1746 824 libna
1774 763 1996 846 legam.

665 858 950 925 Secundo
994 863 1130 924 loco
1177 862 1763 926 commemorandum
1797 875 1893 927 αεὶ
1923 863 2152 927 codicis
2181 861 2552 946 palimpsesti

497 962 577 1027 V
566 964 808 1026 aticam‘
841 965 1241 1046 fragmentum
1290 964 1401 1042 (V
1394 966 1544 1045 at).
1618 962 1688 1028 ln
1731 967 2132 1031 celeberrimo
2175 965 2280 1028 illo
2328 964 2551 1029 codice

491 1064 796 1149 rescripto
846 1064 982 1128 olim
1031 1063 1361 1143 Bobiensi,
1421 1066 1483 1128 in
1538 1087 1655 1149 quo
1707 1079 1851 1131 ante
1895 1087 2065 1131 saec.
2112 1064 2182 1129 X
2226 1066 2552 1130 concilium

492 1167 743 1249 primum
789 1162 1314 1231 Chalcedonieuse
1360 1167 1649 1251 scriptum
1693 1179 1827 1246 est,
1875 1168 2044 1232 cuius
2085 1188 2226 1252 pars
2255 1168 2454 1231 altera
2481 1167 2551 1230 in

493 1267 856 1330 bibliotheca
887 1268 1334 1345 Ambrosiam,
1380 1270 1577 1333 altera
1606 1270 1668 1333 in
1711 1267 2013 1333 Vaticana
2056 1280 2371 1344 servatur,
2419 1279 2485 1331 et
2513 1288 2552 1332 e

496 1390 615 1453 quo
684 1379 777 1432 tot
848 1371 1194 1454 praeclaras
1253 1371 1612 1455 scriptorum
1671 1373 2051 1454 antiquorum
2112 1371 2398 1452 reliquias
2457 1371 2548 1433 A.

495 1469 702 1535 Maius
760 1471 823 1534 in
880 1472 1076 1535 lucem
1134 1473 1440 1556 protraxit
1477 1481 1538 1552 ²,
1595 1472 1658 1535 in
1718 1494 1793 1536 eo
1851 1473 2042 1557 igitur
2079 1492 2263 1535 unum
2308 1491 2552 1554 quoque

495 1568 695 1636 Persii
734 1574 938 1637 folium
985 1574 1300 1639 inventum
1345 1584 1474 1653 est,
1538 1576 1709 1639 cuius
1760 1575 1965 1639 varias
2016 1574 2313 1637 lectiones
2360 1573 2556 1636 edidit

495 1670 701 1738 Maius
749 1672 983 1751 (Class.
1028 1687 1220 1741 auctt.
1270 1697 1305 1740 e
1348 1676 1529 1739 codd.
1577 1673 1751 1740 Vatt.
1798 1688 1845 1739 t-.
1878 1673 1967 1739 Ill
2007 1697 2067 1758 p.
2087 1670 2323 1754 ⁸XVIII
2352 1672 2550 1760 sqq.),

498 1776 902 1860 apographum
947 1777 1276 1861 diligenter
1315 1778 1540 1841 factum
1579 1778 1857 1862 promisit
1907 1776 2265 1841 Hauthalius
2323 1777 2436 1855 (cf.
2485 1797 2548 1860 p.

499 1873 651 1940 363.
694 1876 822 1940 455
853 1878 1004 1961 sq.).
1065 1876 1386 1961 Leguntur
1427 1879 1488 1941 in
1532 1879 1647 1943 hoc
1679 1879 1822 1943 folio
1852 1890 1971 1943 sat.
2004 1876 2060 1956 l,
2095 1901 2160 1942 v.
2195 1873 2552 1956 57-103,

500 1999 696 2061 neque
739 1990 940 2043 tamen
984 1980 1049 2043 in
1093 1990 1214 2043 tam
1256 1980 1505 2061 antiquo
1549 1981 1760 2046 codice
1806 1981 2160 2063 incorrupti.
2226 1978 2557 2043 Scribendi

499 2083 657 2145 ratio
716 2083 926 2145 eadem
988 2083 1156 2159 l'ere,
1214 2102 1367 2164 quae
1429 2082 1492 2144 in
1549 2081 1691 2166 Mp.
1739 2083 1957 2156 Rom„
2022 2081 2284 2165 adferre
2324 2103 2389 2144 v.
2436 2078 2551 2159 69,

500 2204 713 2246 umero
745 2205 806 2246 v.
840 2182 949 2260 9⁰,
996 2182 1293 2266 effundat
1330 2155 1516 2265 stef.)
1558 2207 1622 2247 v.
1653 2182 1764 2262 65,
1803 2186 2013 2269 patris
2042 2207 2104 2247 v.
2140 2182 2223 2247 79
2254 2195 2315 2245 et
2344 2182 2554 2247 corbis

501 2306 732 2368 quoque
773 2308 838 2349 v.
885 2282 993 2347 71.
1068 2282 1271 2346 Etiam
1325 2285 1609 2348 vitiorum
1666 2286 1957 2371 quaedam
2011 2286 2084 2348 ad
2142 2284 2556 2369 corruptionis

502 2408 696 2470 genus
749 2387 1084 2463 accedunt,
1145 2385 1302 2468 quod
1349 2387 1415 2450 in
1457 2387 1600 2472 ΜΡ.
1648 2386 1823 2450 Rom.
1872 2390 2257 2453 observatum
2307 2398 2441 2465 est,
2486 2399 2558 2451 ut

502 2491 715 2551 erm-125·
744 2510 853 2572 pro
883 2487 1097 2550 crudis
1123 2510 1188 2552 v.
1221 2486 1330 2565 92,
1358 2492 1641 2573 potuine
1669 2510 1776 2573 pro
1796 2493 2090 2573 posuisse
2118 2514 2181 2554 v.
2205 2486 2315 2569 86,
2351 2490 2561 2552 exiiet

503 2609 612 2674 pro
655 2598 867 2653 exstet
905 2612 970 2654 v.
1019 2588 1100 2654 57
1120 2636 1139 2667 ,
1195 2591 1429 2674 graeci
1465 2611 1577 2675 pro
1612 2612 1852 2675 graece
1892 2613 1958 2655 v.
2005 2589 2092 2657 70
2108 2637 2127 2668 ‚
2176 2601 2394 2655 tenens
2436 2611 2550 2674 pro

505 2699 714 2754 terens
750 2713 812 2754 v.
855 2691 974 2768 73,
1024 2690 1318 2755 laudatus
1355 2712 1466 2775 pro
1511 2691 1816 2754 laudatur
1852 2716 1917 2757 v.
1966 2692 2088 2773 87,
2147 2694 2397 2757 venulla
2440 2713 2553 2776 pro

503 2815 661 2856 vena
699 2794 833 2856 nlla
890 2816 953 2857 v.
1011 2790 1173 2871 103,
1233 2792 1396 2856 unde
1457 2813 1534 2856 ea
1591 2795 2060 2873 confirmantur,
2120 2815 2273 2880 quae
2329 2794 2414 2857 ibi
2479 2795 2556 2857 de

504 2896 803 2979 scriptura
848 2895 1074 2959 codicis
1112 2894 1427 2979 archetypi
1468 2895 1697 2959 monita
1742 2906 1908 2959 sunt.
1998 2895 2147 2961 Non
2208 2908 2411 2962 tamen
2470 2918 2557 2960 ex

505 2997 717 3060 eodem
761 2998 904 3062 cod.
950 2997 1192 3059 ductum
1246 3015 1385 3060 esse
1448 2995 1809 3061 Vaticanum
1866 3000 1967 3062 vel
2022 3001 2083 3062 in
2143 3010 2267 3062 tam
2323 2999 2554 3082 exiguo

504 3100 699 3183 spatio
747 3109 918 3163 certo
964 3097 1280 3162 diiudicari
1325 3108 1566 3182 potest,
1628 3109 1797 3162 vetat
1856 3099 2016 3163 euim
2075 3101 2256 3165 lectio
2314 3101 2564 3164 &uitari

502 3201 751 3262 mobilis
793 3223 855 3263 v.
891 3198 1012 3277 59,
1060 3221 1236 3283 quam
1279 3200 1556 3265 servavit
1606 3200 1681 3264 V
1674 3211 1810 3275 at„
1858 3221 1992 3265 cum
2039 3201 2180 3285 ΜΡ.
2229 3203 2405 3267 Rom.
2449 3202 2558 3265 ha·

508 3302 693 3365 beant
720 3304 967 3364 im‘tata
994 3311 1108 3365 est.
1155 3300 1354 3364 Etiam
1388 3325 1452 3366 v.
1485 3300 1569 3365 74
1604 3300 1681 3364 V
1674 3314 1766 3365 at.
1798 3303 1982 3366 habet
2010 3303 2250 3387 quidem
2289 3303 2558 3367 dictato—

502 3423 672 3477 rem,
719 3404 830 3468 sed
860 3425 969 3486 pro
1000 3425 1136 3466 cun
1166 3402 1313 3485 legit
1342 3424 1543 3488 quen.
1793 3403 1822 3416 ”“

675 3503 940 3570 Praeter
982 3503 1095 3569 hos
1145 3506 1410 3569 maxime
1441 3506 1897 3583 memorabiles„
1947 3507 2225 3571 codicum
2256 3526 2410 3589 quos
2449 3506 2559 3571 ad·

510 3607 713 3683 hibui,
763 3609 859 3671 hic
888 3628 1184 3672 recensus
1221 3618 1340 3671 est.

682 3705 842 3773 Cod.
890 3731 1004 3773 ms.
1050 3710 1454 3775 bibliothecae
1495 3710 1672 3775 acad.
1729 3709 2303 3794 Aga-torotense
2346 3706 2427 3773 C.
2468 3705 2556 3785 11,

508 3810 577 3874 4.
614 3811 809 3896 (A.),
870 3811 1267 3891 chartaceus,
1314 3823 1602 3878 accurate
1640 3813 1944 3897 scriptus,
1989 3811 2163 3897 pictis
2200 3810 2557 3877 initialibus.

518 3998 541 4051 l
581 3995 821 4124 Cllzlxi.
857 3995 1123 4118 pre-gns?
1156 3996 1337 4051 Froat.
1376 4015 1426 4066 p.
1463 3998 1600 4052 vm!
1635 3999 1719 4051 ed.
1758 3998 1903 4052 Rom.
1955 3998 2023 4051 ad
2069 3997 2181 4050 Cic.
2218 3996 2388 4053 tciol.
2426 3999 2559 4053 Βοὴ.

582 4083 631 4133 p.
794 4081 873 4134 sq.
977 4103 992 4118 .
1109 4103 1125 4119 .
