2764 4738
113 4201 313 4319 Ι*

529 435 698 476 nxxx
1158 411 1901 479 RROLEGOMENA.

532 583 798 663 iudicet,
846 594 1129 667 quantum
1176 582 1360 647 animi
1404 593 1584 668 atque
1628 581 1925 648 libertatis
1963 578 2255 661 Persius,
2318 577 2591 646 Cornuti

532 697 596 752 et
637 681 814 750 Paeti
860 684 1176 751 Thraseae
1216 686 1529 766 alumnus,
1578 687 1747 770 isque
1792 684 2027 749 invenis
2080 684 2196 749 sibi
2248 684 2590 749 sumserit!

530 785 903 853 Praesertim
936 808 1068 851 cum
1098 788 1438 853 nesciamus
1458 834 1478 866 ,
1520 798 1718 852 utrum
1748 787 1965 873 publici
1994 787 2141 851 iuris
2170 786 2421 852 satiram
2455 797 2580 850 sta-

532 889 640 955 tim
696 891 903 955 facere
961 890 1348 955 constitnerit
1389 910 1623 955 necne:
1686 912 1826 954 nam
1884 890 2041 974 quod
2089 909 2219 952 eam
2268 888 2584 965 recitavit,

536 991 595 1056 id
644 992 810 1057 inter
850 990 1078 1056 amicos
1124 1012 1259 1056 eum
1300 993 1523 1057 secisse
1564 993 1892 1057 verisimile
1938 1002 2058 1057 est.
2144 990 2368 1068 Adde,
2428 990 2589 1074 quod

535 1106 895 1181 praeterea,
956 1104 1017 1157 nt
1059 1093 1348 1170 vidimus,
1413 1093 1600 1159 multa
1658 1093 1849 1159 libere
1912 1095 2185 1174 notavit,
2247 1114 2405 1178 quae
2469 1113 2591 1156 non

536 1207 862 1282 potuerunt
906 1217 1029 1259 non
1075 1196 1153 1260 ad
1195 1193 1516 1261 Neronem
1551 1196 1810 1274 referri,
1867 1208 2046 1280 atque
2076 1197 2391 1262 audaciam
2423 1196 2590 1260 illam

537 1300 686 1366 satis
717 1300 832 1363 iam
865 1309 1190 1363 testantur.
1240 1297 1399 1362 Tum
1432 1298 1574 1363 illud
1608 1318 1841 1381 quoque
1870 1299 2155 1378 affertur,
2189 1299 2242 1363 si
2275 1298 2340 1362 hi
2370 1318 2592 1363 versus

538 1399 809 1466 Neronis
852 1411 1099 1478 essent,
1148 1400 1370 1464 nullam
1420 1399 1607 1465 fuisse
1651 1421 1930 1478 eausam,
1980 1423 2089 1465 cur
2128 1398 2449 1466 Cornutus
2491 1401 2596 1465 illa

537 1503 767 1569 verba:
827 1498 1182 1565 Auriculam
1235 1503 1409 1565 asini
1455 1501 1639 1567 Mida
1689 1524 1816 1567 rex
1872 1501 2062 1567 habet
2115 1504 2406 1568 mutanda
2454 1521 2596 1568 esse

541 1605 870 1669 censuerit.
946 1601 1142 1685 Quam
1199 1623 1445 1668 causam
1499 1614 1701 1668 tamen
1762 1605 1904 1669 mihi
1955 1606 2176 1670 videor
2217 1605 2591 1689 intelligere.

542 1704 793 1773 Scilicet
832 1705 992 1770 alind
1040 1716 1173 1785 est,
1234 1717 1451 1790 poetae
1497 1705 1751 1771 alicuius
1795 1708 2104 1791 ingenium
2162 1718 2227 1772 et
2280 1705 2594 1770 scribendi

541 1827 733 1891 genus
763 1808 998 1891 publice
1028 1807 1372 1892 vituperare
1406 1819 1473 1872 ut
1501 1830 1748 1892 pravum
1779 1811 2062 1893 nulloque
2106 1811 2287 1873 modo
2333 1806 2599 1892 proban-

545 1911 683 1974 dum
726 1920 905 1992 atque
947 1912 1208 1994 exempli
1254 1910 1391 1975 loco
1434 1932 1654 1976 versus
1687 1911 1874 1997 ipsius
1902 1911 2158 1991 afferre,
2196 1932 2347 1994 qnos
2379 1930 2598 1975 omnes

541 2011 616 2077 ab
649 2033 723 2076 eo
764 2013 1066 2097 profectos
1114 2033 1251 2078 esse
1297 2025 1525 2078 norunt
1568 2024 1631 2077 et
1674 2014 1750 2077 ad
1793 2011 2166 2097 probandum
2197 2013 2296 2091 id,
2347 2013 2422 2076 de
2469 2033 2595 2096 quo

547 2135 680 2179 cum
727 2113 988 2177 maxime
1032 2115 1271 2198 agitur,
1330 2117 1540 2180 facere
1597 2114 1981 2199 intelligunt3
2043 2115 2206 2179 aliud
2256 2115 2345 2178 ita
2393 2116 2471 2180 de
2520 2136 2602 2180 eo

544 2216 748 2301 loqui,
797 2228 862 2280 ut
903 2216 1121 2280 iniuria
1166 2238 1303 2281 eum
1348 2217 1601 2282 afficias.
1663 2215 1842 2299 Quod
1885 2217 2025 2299 quin
2068 2217 2290 2297 faciat,
2339 2216 2441 2301 qui
2485 2217 2601 2282 ali-

546 2338 720 2403 quem
766 2318 1036 2384 asininas
1082 2339 1261 2385 aures
1304 2320 1527 2386 habere
1572 2320 1759 2399 dixit,
1805 2319 1906 2386 vel
1961 2340 2047 2384 ex
2088 2321 2475 2404 antiquorum
2507 2319 2606 2385 iu·

547 2421 702 2485 dicio
735 2421 930 2484 minus
961 2441 1110 2485 sane
1141 2422 1202 2484 in
1232 2424 1448 2487 talibus
1482 2423 1776 2500 delicato,
1822 2442 1999 2485 nemo
2048 2422 2346 2487 dubitabit
2376 2433 2440 2486 et
2469 2422 2606 2508 ipse

546 2519 797 2586 Persius
832 2522 1053 2586 docere
1085 2533 1317 2605 potest,
1367 2524 1468 2608 qui
1508 2524 1567 2588 id
1612 2523 1775 2588 inter
1813 2524 2323 2609 petulantissimas
2368 2544 2605 2589 sannas

546 2625 741 2688 refert
771 2626 865 2704 (v.
901 2620 1044 2706 59).
1105 2621 1232 2688 Iam
1276 2622 1528 2690 Persius
1572 2626 1811 2710 quidem
1855 2625 2060 2690 verbis
2090 2627 2212 2691 illis
2243 2647 2359 2693 nee
2388 2625 2605 2693 Nero-

549 2745 726 2805 nem,
786 2747 904 2791 nec
947 2727 1190 2789 omnino
1236 2739 1465 2791 certum
1512 2727 1808 2810 quendam
1856 2738 2135 2812 poetam,
2181 2729 2294 2793 sed
2340 2729 2406 2792 in
2467 2728 2608 2792 nni·

550 2848 792 2893 versum
836 2848 1081 2912 pravum
1124 2826 1361 2892 Romae
1406 2828 1683 2894 indicium
1733 2830 2007 2909 notavit,
2055 2841 2123 2893 nt
2152 2830 2610 2896 sententiarum

551 2950 750 2995 nexus
783 2932 997 3010 docet3
1030 2952 1242 2995 verum
1276 2953 1409 2995 cum
1439 2929 1757 2996 Neronem
1791 2932 1954 2996 clare
1985 2933 2050 2995 iu
2080 2933 2154 2997 iis
2176 2980 2195 3012 ,
2243 2954 2399 3017 qnae
2432 2944 2612 2997 ante·

552 3032 806 3111 cedunt,
854 3053 1178 3116 aggressus
1208 3033 1322 3110 sit,
1370 3033 1547 3098 facile
1579 3034 1772 3117 potuit
1814 3035 2013 3099 lector
2055 3036 2253 3101 minus
2299 3046 2609 3116 attentus,

549 3134 651 3198 vel
690 3134 1016 3198 malevolus
1059 3133 1115 3196 id
1159 3134 1231 3197 ad
1276 3133 1594 3199 Neronem
1639 3135 1911 3200 trahere.
1972 3134 2187 3221 Itaque
2235 3148 2413 3202 recte
2446 3136 2613 3202 Cor-

551 3247 732 3300 nutus
779 3238 839 3300 id
884 3236 1230 3299 mutandum
1275 3236 1551 3315 censuit,
1601 3237 1753 3320 quod
1784 3238 1847 3300 in
1881 3239 2094 3303 rudem
2127 3239 2611 3324 illiberalemqne

552 3339 829 3403 iniuriam
864 3337 1023 3403 verti
1056 3347 1315 3421 poterat,
1364 3339 1663 3402 edendum
1695 3360 1847 3403 vero
1868 3386 1889 3418 ,
1933 3342 2093 3424 quod
2133 3341 2391 3406 liberum
2423 3343 2613 3406 etiam

554 3451 768 3505 contra
798 3441 1127 3527 principem
1158 3440 1418 3504 animum
1454 3439 1768 3524 prodebat.

726 3557 900 3641 Quae
934 3580 1064 3622 cum
1096 3559 1180 3622 ita
1220 3559 1378 3635 sint,
1426 3559 1760 3643 putabimus
1804 3558 2084 3625 Persium
2134 3563 2400 3643 fecisse,
2451 3565 2615 3648 quod

556 3662 685 3724 sere
731 3662 910 3726 aliter
952 3662 1157 3724 facere
1205 3681 1328 3723 non
1373 3661 1603 3745 potuit,
1649 3661 1703 3724 si
1745 3683 1897 3726 vere
1936 3663 2274 3729 litterarum
2307 3667 2616 3732 conditio·

556 3783 692 3827 nem
724 3761 855 3826 eius
886 3762 1170 3846 temporis
1200 3762 1525 3848 depingere
1555 3762 1783 3843 voluit,
1832 3763 2007 3847 idque
2038 3767 2387 3852 exemplum
2422 3771 2617 3855 potis-

627 3971 714 4013 tur
747 3961 913 4014 Persii
951 3962 1198 4024 satiram,
1248 3964 1384 4029 quod
1433 3978 1541 4015 eam
1587 3961 1804 4014 Neronis
1848 3964 2101 4031 poetieam
2151 3969 2467 4037 vituperare
2504 3975 2621 4025 ani·

621 4033 933 4155 ιιιιιᾱγοηὶῑ,
978 4047 1279 4100 quamquam
1328 4049 1426 4084 non
1477 4032 1665 4084 oblitus
1717 4031 1970 4094 fortasse,
2038 4051 2132 4087 sna
2179 4054 2388 4105 quoque
2436 4045 2616 4095 studia

556 4151 565 4156 ,
648 4118 785 4169 angi.
