2764 4738
481 411 610 482 338
942 413 1206 479 scnol„
1236 413 1343 479 An
1374 413 1547 477 sAT.
1581 414 1657 487 V,
1693 418 1813 479 169
1831 416 2075 492 -180.

658 590 800 652 169.
843 588 1117 667 Nugaris
1139 594 1200 660 ¹,
1229 588 1404 647 solea
1423 605 1601 666 puer.
1661 584 1875 646 Sensus
1904 585 1995 646 bie
2025 594 2153 646 est:
2187 583 2276 646 Tu
2294 627 2312 656 ‚
2343 587 2435 665 qui
2468 595 2531 646 te

482 671 623 734 dieis
653 673 725 733 ab
755 693 950 735 amore
981 674 1298 734 meretricis
1326 675 1438 733 iam
1465 668 1803 744 discedere,
1848 671 2098 745 felleris,
2144 671 2252 731 nisi
2281 672 2530 731 festinus

481 756 772 832 discedas,
814 779 888 819 ne
932 761 1057 820 eius
1104 759 1390 819 amoribus
1430 758 1770 836 impliceris,
1819 756 1891 816 ab
1937 775 2009 816 ea
2036 754 2209 817 rubra
2238 757 2399 818 solea
2425 777 2529 818 va-

481 846 664 925 pules.
838 846 1020 904 Solea
1051 844 1237 904 rubra
1274 845 1716 904 calceamentum
1748 842 2354 921 muliebre-significet.

662 933 806 992 170.
850 932 1074 990 Arctos
1120 949 1316 989 casses
1358 926 1500 989 dixit
1543 929 1734 1007 spissa
1778 929 1948 989 retia.
1997 926 2265 987 'Proetum
2296 948 2331 988 a
2361 927 2529 1000 feris,

484 1034 631 1096 qnae
675 1014 928 1076 inclusae
973 1014 1224 1087 retibus,
1267 1012 1395 1074 dum
1444 1033 1518 1074 ea
1559 1012 1795 1074 trabunt
1822 1024 1922 1072 aut
1950 1010 2187 1086 rodunt,
2217 1015 2395 1094 magis
2424 1015 2529 1073 im-

523 1102 782 1161 licentur.

483 1122 520 1181 P
661 1190 802 1247 171.
845 1185 1022 1243 Nune
1057 1181 1242 1262 serus
1285 1193 1352 1242 et
1376 1183 1618 1243 violens.
1664 1181 1786 1243 Hoc
1817 1179 1987 1244 dicit:
2032 1181 2350 1263 Propterea
2378 1180 2531 1264 quod

485 1289 632 1331 nune
658 1279 718 1331 te
749 1267 1059 1331 excludere
1089 1270 1213 1328 visa
1242 1280 1365 1340 est,
1399 1269 1600 1328 merito
1631 1288 1755 1329 eam
1773 1310 1792 1339 ‚
1836 1269 1997 1349 qnasi
2026 1279 2246 1348 turpem
2277 1288 2528 1329 amorem

485 1374 766 1435 respuens
783 1397 802 1428 ‚
860 1364 1225 1427 contemnes,
1287 1355 1336 1413 si
1394 1373 1534 1414 vero
1578 1364 1636 1416 te
1682 1354 1849 1413 solita
1890 1353 2270 1415 oblectatione
2314 1354 2532 1426 illiciat,

486 1443 610 1503 sine
641 1439 814 1501 dubio
842 1451 1031 1500 tecum
1062 1441 1267 1499 tacitns
1301 1438 1492 1500 dices:

662 1530 805 1589 1⁷2.
854 1526 1144 1602 Quidnam
1177 1526 1370 1604 iginn·
1387 1522 1667 1604 faciam?
1710 1523 1774 1584 Si
1802 1523 1874 1585 ad
1905 1543 2032 1586 eam
2062 1524 2327 1586 exclusus
2358 1542 2532 1585 neee-

488 1609 629 1674 dere
660 1631 775 1671 non
803 1612 989 1683 valui,
1017 1630 1203 1690 neque
1232 1620 1470 1670 vocatus
1499 1608 1794 1672 accedam.

666 1701 809 1760 178.
850 1699 928 1757 Si
954 1706 1111 1756 totus
1140 1705 1205 1754 et
1231 1697 1503 1773 Integer,-
1544 1695 1654 1756 boe
1685 1707 1808 1756 est=
1846 1694 1909 1756 Si
1938 1706 2127 1755 eutem
2155 1696 2305 1776 turpi
2335 1712 2532 1755 amore

489 1784 808 1864 postposito
849 1783 1023 1843 etism
1052 1780 1123 1843 de
1155 1781 1411 1841 omnibus
1440 1783 1589 1841 vitiis
1622 1800 1915 1860 emergas,
1965 1793 2099 1841 tune
2126 1792 2187 1842 te
2218 1781 2532 1859 sapientem

490 1868 823 1948 pronuncio.
1006 1868 1182 1927 Totus
1240 1877 1306 1926 et
1361 1868 1599 1945 integer
1640 1863 1815 1939 dixit,
1878 1877 1941 1927 ut
1979 1869 2106 1947 ipso
2150 1876 2398 1927 exeunte
2455 1885 2531 1926 ue

489 1955 675 2014 animo
706 1951 929 2032 quidem
959 1950 1105 2032 apud
1137 1952 1494 2013 meretricem
1525 1963 1841 2013 remaneat.

666 2042 807 2101 174.
860 2039 1038 2114 Quem
1069 2040 1444 2116 quaerimus,
1491 2038 1599 2099 boe
1630 2048 1722 2098 est
1750 2038 2085 2116 sapientem.

664 2127 808 2187 175.
851 2123 986 2182 Non
1013 2123 1073 2181 iu
1088 2120 1338 2200 festuca
1359 2128 1389 2162 2
1413 2124 1609 2183 lictor.
1661 2123 1878 2183 Sensus
1909 2132 2029 2182 est:
2061 2121 2184 2193 lue,
2214 2122 2309 2202 qui
2338 2139 2533 2181 manu-

490 2209 764 2280 mittitur,
794 2229 905 2268 non
934 2209 992 2267 in
1023 2226 1093 2270 en
1125 2210 1321 2287 virga,
1352 2228 1465 2292 qne
1494 2228 1529 2269 a
1559 2210 1760 2270 lietore
1790 2209 2139 2289 perentitur,
2182 2208 2271 2267 ius
2301 2207 2536 2267 liberta-

490 2295 564 2353 tis
595 2294 971 2358 certissimum
999 2295 1257 2376 occepit,
1302 2313 1428 2354 enm
1470 2295 1528 2354 in
1568 2295 1752 2355 animo
1782 2294 1930 2355 liber
1957 2313 2070 2354 non
2100 2294 2205 2366 sit,
2248 2291 2355 2353 sed
2381 2293 2536 2353 vitiis

492 2380 768 2440 trahetur.

494 2546 531 2607 d
666 2468 813 2529 176.
859 2466 1080 2545 Palpo,
1127 2466 1415 2547 proprium
1445 2484 1685 2539 nomen,
1733 2466 2042 2547 praecipue
2073 2476 2260 2527 tomen
2289 2465 2347 2526 ei
2373 2463 2538 2525 blan·-

532 2550 661 2610 itur.

668 2640 810 2697 177.
862 2637 1111 2696 Cretam
1171 2637 1447 2707 ambitio,
1505 2636 1667 2716 qnasi
1723 2635 1989 2714 pulchre,
2043 2646 2105 2697 et
2154 2657 2190 2696 a
2232 2635 2538 2715 superficie

492 2720 668 2791 inita,
713 2719 1006 2800 largiendo
1048 2721 1299 2781 honores
1329 2743 1364 2781 a
1394 2720 1603 2802 populo
1632 2732 1947 2793 mercatur,
1989 2719 2189 2802 quibus
2230 2722 2542 2781 honoribus

494 2807 837 2867 innotescat.
1018 2808 1218 2885 Vigila
1241 2850 1259 2878 ‚
1294 2817 1359 2867 et
1384 2808 1541 2867 cicer
1571 2809 1797 2885 ingere.
1846 2805 2068 2886 Sparge
2098 2808 2308 2886 igitur,
2338 2808 2539 2887 inquit,

492 2892 702 2973 populo
732 2895 907 2952 cicer.
938 2889 1059 2951 Boc
1089 2893 1237 2952 enim
1269 2893 1326 2950 in
1356 2889 1592 2951 *ludis
1624 2892 1667 2951 F
1685 2892 2007 2952 loralibu
2027 2892 2094 2951 s*
2122 2894 2275 2952 inter
2303 2903 2541 2953 caetera

495 2997 731 3037 munera
760 2975 1104 3050 iactabatur,
1146 2974 1366 3056 quaudo
1398 2989 1590 3038 terrae
1621 2974 1784 3036 ludos
1816 2977 2111 3052 colebant,
2157 2989 2219 3038 et
2257 2976 2542 3038 *omnia

496 3064 783 3122 semina
850 3082 1079 3141 super
1147 3062 1496 3141 populum
1557 3062 2063 3143 spargebant,
2144 3071 2225 3123 nt
2296 3064 2540 3123 tellus

496 3148 741 3207 veluti
809 3148 1328 3209 visceralibus
1398 3148 1557 3207 suis
1633 3148 2202 3229 placaretur-*⁸
2296 3148 2373 3208 Et
2429 3149 2542 3210 boe

497 3230 664 3294 dicit:
709 3229 931 3294 Perfice
962 3234 1076 3293 ista
1105 3235 1324 3306 omnia,
1367 3245 1430 3293 nt
1460 3234 1545 3294 sic
1573 3234 1629 3295 iu
1659 3235 1931 3295 memorie
1959 3234 2242 3295 hominum
2283 3235 2431 3307 sint,
2478 3245 2544 3293 nt

497 3322 666 3379 etiam
697 3337 733 3377 a
761 3318 989 3379 senibus
1019 3330 1424 3381 memorentur.

674 3408 820 3469 179.
865 3406 1126 3485 Aprae'eos
1169 3425 1337 3465 senes
1367 3403 1509 3465 dixit
1537 3400 1610 3464 ad
1639 3404 1819 3465 solem
1850 3401 2058 3466 sedere
2098 3416 2424 3465 consuetos.

505 3490 664 3565 Quid
681 3489 994 3568 pulchrius
1015 3495 1046 3549 ?
1095 3490 1349 3562 scilicet,
1390 3510 1553 3571 quam
1585 3489 1693 3550 boe
1724 3491 1968 3551 faeere?

675 3578 815 3637 180.
858 3578 955 3635 At
985 3594 1113 3634 cum
1155 3577 1408 3635 Herodis
1451 3595 1661 3636 venere
1702 3578 1848 3635 dies.
1907 3574 1997 3636 De
2038 3575 2541 3655 superstitionibus

496 3669 740 3731 traam,
771 3658 1081 3722 ostendens
1112 3662 1280 3721 etiam
1299 3703 1318 3734 ‚
1360 3663 1454 3741 qui
1484 3659 1974 3740 superstitionibus
2005 3663 2083 3721 sit
2110 3660 2368 3734 deditus,
2412 3680 2543 3722 ser·

498 3746 646 3804 vire.
725 3744 827 3805 Hic
875 3742 1252 3807 “Herodes
1292 3743 1483 3826 opud
1525 3745 1846 3808 Iudaeos
1884 3745 2225 3826 regnavit
2265 3758 2543 3825 tempo-

498 3830 714 3889 ribus
770 3832 1103 3911 Augusti
1160 3832 1646 3912 imperotoris
1704 3834 1775 3893 in
1833 3833 2179 3913 partibus
2235 3831 2535 3913 Syriae.

503 3948 526 4000 1
568 3947 654 3999 Gt.
695 3948 810 3998 eod.
847 3949 1000 3999 Rern.
1041 3949 1361 4016 „Nugas-is,
1396 3950 1711 4003 tbubosos.“

496 4018 532 4071 2
567 4016 841 4074 Gloss.,}1.
882 4017 1059 4085 Steph.
1099 4035 1146 4085 p.
1187 4019 1286 4072 9⁶:
1325 4019 1595 4087 Festum,
1637 4014 1877 4090 κάρφος,
1912 4015 2134 4090 ῥάβδος.

499 4086 531 4137 8
569 4084 648 4136 Cf.
687 4086 850 4138 sebol.
891 4086 1017 4139 flor.
1053 4094 1156 4139 snt.
1193 4086 1260 4156 11,
1296 4088 1352 4155 3,
1392 4089 1512 4145 ¹82.
