2764 4738
419 405 548 475 330
908 409 1172 472 SCBOL.
1213 409 1319 471 AD
1364 409 1534 470 sAT.
1564 411 1640 485 V,
1669 415 1972 476 76—88.

588 584 692 646 76.
737 584 855 643 Hic
878 585 1069 643 Dama
1099 593 1330 644 estnon
1377 584 1605 643 tressis.
1666 582 1842 653 Quasi
1885 583 2245 660 interrogans
2288 592 2462 660 poeta

421 665 588 727 dicit:
637 668 776 741 Hic,
821 671 915 750 qni
946 668 1091 728 liber
1120 680 1212 729 est
1242 669 1463 741 factus,
1508 671 1617 728 iam
1648 672 1839 728 Dama
1880 678 2003 738 est,
2051 665 2106 725 id
2138 680 2227 726 est
2257 667 2460 727 nobilis

421 763 688 825 senator,
761 765 823 813 et
880 776 990 813 non
1039 757 1279 813 servus?
1449 758 1662 833 Agaso
1720 756 2090 813 iumentorum
2149 751 2462 812 ministerio

421 835 725 916 deputatus
768 839 1116 919 appellatur,
1176 859 1341 919 quem
1387 841 1471 900 sic
1511 841 1714 899 nullius
1757 841 1944 899 meriti
2002 857 2135 898 csse
2177 836 2347 910 dicit,
2400 849 2464 897 ut

420 943 546 984 eum
578 923 754 983 tribus
788 927 1027 984 nummis
1057 923 1251 984 valere
1284 922 1578 984 concedat.

593 1014 694 1072 77.
732 1013 943 1089 Vappn
975 1011 1200 1089 proprie
1234 1009 1437 1069 sordes
1468 1021 1599 1070 sunt
1628 1010 1798 1069 aceti.
1925 1010 2188 1086 Lippus,
2223 1028 2454 1086 pravuS.

422 1092 581 1154 Hunc
624 1105 812 1154 sutem
860 1098 1048 1174 pravis
1091 1096 1337 1155 moribus
1382 1097 1665 1175 significat
1704 1107 1765 1154 et
1820 1091 2266 1167 fraudulentum,
2330 1096 2462 1173 quia

419 1199 529 1241 nec
560 1178 686 1239 dum
718 1183 1086 1241 iumentorum
1119 1181 1346 1240 cibariis
1377 1201 1443 1240 se
1474 1191 1774 1260 temperat.

329 1266 337 1275 ’
591 1270 694 1328 78.
745 1268 1017 1327 Vei-terit
1042 1267 1198 1325 hunc
1226 1269 1529 1341 domimi-s,-
1579 1267 1758 1338 bunc,
1788 1267 1881 1346 qui
1912 1266 2060 1325 liber
2090 1264 2353 1324 efficitur.

591 1355 694 1414 79.
739 1353 978 1431 Papae!
1019 1352 1381 1424 Interiectio,
1413 1355 1574 1432 quasi
1604 1373 1717 1413 vox
1745 1351 2089 1412 admirantis.
2248 1353 2463 1410 Marco

420 1438 774 1515 spondente,
808 1436 861 1496 id
894 1448 1019 1508 est,
1056 1435 1220 1497 fidem
1253 1435 1500 1498 dicente.

591 1526 698 1585 80.
746 1525 958 1581 Marco
986 1523 1097 1581 sub
1127 1524 1316 1582 iudioe
1340 1524 1583 1601 palles?
1625 1522 1746 1581 Hoc
1775 1517 2103 1602 εἰρωνικῶς
2130 1517 2299 1591 (licit,
2332 1522 2465 1601 quia

422 1627 607 1687 neque
655 1607 750 1665 illo
795 1607 956 1667 fldem
1005 1606 1172 1667 dante
1218 1610 1511 1687 pecuniam
1556 1606 1798 1667 credere
1849 1604 2107 1676 dubites,
2154 1626 2337 1685 neque
2368 1607 2465 1665 illo

422 1692 705 1753 iudicante
738 1693 1028 1753 formides.
1085 1693 1300 1771 Dignus
1333 1696 1382 1753 is
1415 1705 1537 1766 est,
1583 1695 1677 1773 qui
1706 1689 1947 1762 iudicet,
1979 1689 2127 1769 apud
2155 1711 2319 1772 quem
2350 1711 2467 1751 non

422 1780 661 1849 timeas,
704 1798 775 1839 ne
806 1780 1013 1838 iniuste
1046 1777 1348 1837 damneris.

594 1868 701 1925 81.
749 1866 1018 1942 Assigna
1049 1866 1290 1935 Marce,
1343 1860 1399 1920 id
1429 1872 1522 1921 est
1550 1862 1754 1940 sigilla.

594 1953 702 2011 82.
749 1950 914 2007 Haec
939 1965 1102 2007 mera
1133 1948 1428 2007 libertas?
1486 1946 1645 2006 Hanc
1674 1958 1734 2006 tu
1764 1947 2060 2006 nrbitrnris
2090 1948 2467 2007 certissimam

423 2032 742 2093 libertatem
762 2074 781 2104 ,
823 2052 986 2111 quam
1025 2052 1099 2092 ex
1129 2052 1299 2091 servo
1331 2033 1515 2091 factus
1547 2031 1693 2091 liber
1722 2042 1782 2091 et
1810 2032 1952 2092 civis
1985 2034 2264 2092 Romanus
2292 2050 2467 2090 ncce-

422 2119 614 2197 perit?
782 2121 958 2177 Hanc
1012 2118 1179 2177 nobis
1228 2119 1395 2197 pilea
1456 2118 1712 2188 donant,
1772 2120 1995 2188 servis,
2060 2119 2155 2196 qui
2186 2116 2466 2175 beneficio

423 2202 768 2263 dominorum
824 2203 1389 2273 manumittebantur,
1446 2212 1506 2260 nt
1548 2203 1810 2279 superius
1856 2203 1999 2262 dixit
2039 2210 2097 2263 ¹2
2155 2205 2252 2262 Ae
2301 2203 2467 2260 illum

423 2289 694 2347 hesterni
718 2291 911 2367 capite
942 2291 1147 2348 1‘nduto
1174 2288 1412 2347 subiere
1450 2288 1732 2363 Quirites.

595 2378 701 2436 83.
747 2377 850 2434 An
898 2377 1204 2454 quisquam
1247 2384 1340 2434 est
1382 2374 1541 2433 alius
1585 2373 1755 2433 liber.
1826 2371 2147 2453 propositio
2196 2372 2324 2432 talis
2371 2383 2467 2431 est

423 2459 776 2539 syllogismi:
833 2457 996 2519 Alius
1040 2460 1186 2519 liber
1230 2480 1342 2519 non
1373 2469 1499 2530 est,
1550 2460 1660 2517 nisi
1691 2462 1738 2518 si
1770 2461 1862 2519 cni
1893 2461 2029 2519 licet
2057 2462 2228 2518 vitem
2258 2477 2467 2517 secun-

422 2543 551 2605 dum
596 2564 754 2603 suam
794 2546 1138 2603 voluntatem
1181 2542 1540 2623 producet-03
1603 2547 1914 2624 assumptio
1957 2555 2051 2604 est
2097 2545 2271 2603 haec:
2326 2542 2465 2602 Mihi

422 2640 611 2690 sutem
657 2630 793 2691 licet
835 2631 1065 2702 vivere,
1108 2640 1170 2690 ut
1214 2630 1376 2705 volo;
1436 2626 1639 2690 deinde
1683 2631 1929 2690 infertur
1955 2630 2277 2689 conclusio:
2330 2628 2468 2688 Sum

423 2735 568 2794 ergo
599 2714 771 2775 Bruto
803 2715 1055 2775 liberior.

593 2805 697 2863 85.
741 2803 1022 2861 Mendose
1052 2801 1321 2877 colligis,
1354 2801 1567 2879 inquit.
1619 2798 1967 2859 Contradicit
1995 2810 2183 2859 nutem
2216 2798 2469 2879 pbiloso-

422 2885 605 2965 pbicis
660 2887 1136 2965 propositionibus
1193 2886 1283 2945 bic
1329 2885 1593 2956 Persius,
1656 2886 1973 2965 syllogismi
2021 2882 2218 2945 dicens
2266 2885 2468 2943 salsam

423 2990 559 3032 esse
590 2973 985 3031 collectionem
1005 3015 1022 3042 ,
1065 2969 1211 3052 quod
1243 2972 1459 3041 omnis,
1507 2971 1597 3049 qui
1629 2974 1799 3042 vivit,
1841 2972 1988 3030 sicut
2016 2971 2168 3041 vult,
2200 2970 2345 3030 liber
2373 2972 2468 3029 sit.

424 3056 528 3117 Hic
558 3068 743 3116 antem
775 3056 1080 3116 secundum
1113 3053 1260 3137 quod
1289 3057 1347 3114 in
1378 3058 1759 3134 assumptione
1801 3057 2063 3133 superius
2096 3053 2268 3127 dixit,
2318 3054 2469 3134 qnod

423 3143 698 3202 voluntati
755 3162 896 3201 suae
956 3144 1215 3201 serviens
1273 3142 1458 3213 vivat,
1516 3160 1642 3200 cum
1702 3142 1854 3201 vitiis
1898 3141 2004 3200 sibi
2054 3138 2469 3199 dominantibus

423 3227 705 3288 trabatur.

594 3317 698 3376 86.
737 3313 1021 3372 Mordaci
1044 3322 1245 3384 aceto,
1290 3314 1411 3372 acri
1442 3323 1503 3372 et
1529 3323 1816 3391 pungente
1848 3313 2126 3390 sapientia
2156 3309 2437 3371 eruditus.

595 3402 699 3461 88.
749 3399 1027 3457 Vindicta
1075 3408 1390 3475 postquam
1444 3418 1624 3457 meus.
1690 3396 1906 3455 Rursus
1952 3398 2048 3456 ille
2094 3398 2469 3456 manumissus

425 3485 720 3563 proponit,
769 3494 830 3543 et
859 3480 1025 3542 dicit:
1071 3484 1160 3542 Ex
1190 3504 1300 3563 quo
1333 3503 1490 3543 mens
1522 3484 1802 3567 praetoris
1832 3481 2081 3541 vindicta
2112 3482 2298 3542 factus
2326 3503 2470 3553 sum,

426 3589 529 3630 cur
571 3571 703 3628 mibi
748 3590 857 3628 non
901 3568 1072 3628 liceat
1113 3567 1419 3628 secundnm
1467 3569 1808 3628 voluntatem
1851 3588 2034 3628 meam
2078 3569 2308 3639 vivere,
2365 3588 2470 3627 ex-

426 3666 597 3733 cepto
644 3652 1013 3734 quodcunque
1066 3654 1252 3733 legum
1298 3655 1444 3713 tituli
1477 3652 1813 3731 probibent?
1983 3655 2157 3713 Meus
2201 3652 2369 3724 dicit,
2413 3650 2473 3711 id

425 3752 515 3801 est
557 3740 733 3813 liber,
781 3741 891 3800 mei
935 3741 1090 3799 iuris.
1276 3741 1695 3800 *Vindicta
1733 3744 1793 3811 2,
1854 3740 2065 3817 virga
2108 3749 2260 3812 est,
2330 3758 2471 3818 qua

429 3894 455 3946 1
495 3892 640 3943 Pers.
680 3890 768 3957 lll,
809 3893 905 3945 105
931 3907 1010 3960 sq.

426 3963 463 4019 2
495 3962 713 4029 Papias:
766 3960 1070 4025 „Vindicta
1114 3968 1196 4011 est
1238 3959 1448 4024 virgula
1482 3959 1766 4026 quosdam,
1821 3974 1973 4025 qnnm
2011 3959 2168 4010 lictor
2200 3959 2474 4011 manumit-

497 4031 642 4083 tendi
691 4031 830 4081 servi
877 4031 1034 4096 cupiti
1083 4030 1350 4096 imponens
1385 4030 1601 4080 eundem
1637 4043 1844 4079 servum
1882 4029 1935 4077 in
1973 4028 2268 4080 libertatem
2306 4028 2476 4078 vindi-

496 4099 677 4167 cnbnt,
714 4100 890 4153 dicens
914 4098 1076 4152 verba
1099 4099 1349 4167 quaedam
1372 4100 1620 4152 solemnia
1638 4134 1655 4164 ,
1692 4097 1828 4151 unde
1852 4097 2086 4150 vindicte
2099 4098 2449 4150 vocabatur.“
