2764 4738
845 414 1014 478 SAT.
1045 418 1120 489 V,
1149 421 1233 480 45
1266 449 1347 463 -
1379 420 1483 480 54.
2075 413 2200 481 189

198 582 390 663 Eripuit
416 595 552 645 cett.
609 586 743 646 Non
771 588 1035 665 equidem
1060 584 1131 659 (1,
1164 590 1309 659 110)
1342 587 1573 647 dubites
1590 629 1610 660 ‚
1642 585 1715 648 ad
1743 587 1788 660 1,
1819 592 1879 652 6.
1937 587 2197 649 Foedere

197 681 367 740 oerto,
414 672 541 749 lege
572 672 684 731 fixa
714 683 881 752 atque
912 671 1190 744 stabilita,
1234 672 1400 750 Virg.
1429 673 1578 734 Aen.
1610 674 1655 745 1,
1686 677 1787 736 62.
1833 672 1935 732 Sil.
1966 675 2033 733 It.
2063 674 2196 746 XV,

193 759 281 817 75.
310 755 495 815 Manil.
523 755 680 817 Astr.
712 758 953 829 11,477=
984 756 1169 822 lunxit
1197 757 1476 817 amicitias
1506 757 1703 817 borum
1735 764 2061 832 (astrorum)
2090 759 2194 818 sub

193 839 399 900 foedere
427 853 613 903 certo.
671 845 869 902 Parca
905 852 1088 903 tenax
1113 844 1247 902 veri
1268 842 1501 916 (Catuli.
1534 843 1741 915 LXIV,
1771 847 1917 907 307.
1964 843 2104 904 Hor.
2138 864 2192 904 c.

190 944 322 984 saec.
335 930 439 998 25)
459 928 771 1006 suspendit
781 939 987 988 nostra
1004 938 1264 1005 tempora
1280 929 1716 1005 aequaliLibra
1733 930 1833 1002 (cf.
1848 929 1942 999 111,
1964 932 2042 991 10
2058 935 2194 1008 sq.)‚

190 1029 314 1088 quae
354 1030 422 1070 eo
467 1014 640 1072 etiam
684 1012 991 1073 referenda
1028 1015 1241 1071 monuit
1283 1013 1565 1073 Welcker
1595 1014 1902 1087 (zeitschr.
1935 1014 1978 1072 f.
2010 1014 2195 1073 Kunst

188 1113 234 1171 p-
259 1099 435 1168 216),
501 1096 658 1177 quod
715 1099 894 1158 Parca
951 1098 1148 1158 libram
1189 1109 1390 1157 tenens
1437 1099 1977 1177 repraesentabatur
2020 1099 2191 1173 (Mus.

188 1178 344 1258 Capit.
372 1182 451 1240 lv
477 1193 522 1242 t.
552 1187 706 1254 29.).
764 1183 948 1244 Parca
997 1195 1222 1255 autem,
1266 1203 1414 1263 quae
1455 1185 1715 1244 nascenti
1755 1184 1962 1244 bomini
1992 1184 2192 1256 adfuit,

186 1275 524 1347 concipere,
555 1287 667 1349 quo
697 1269 1056 1347 astrologicis
1087 1269 1578 1348 superstitionibus
1601 1268 1779 1329 Roma
1796 1271 2015 1350 repleta
2044 1281 2191 1342 erat,

184 1367 247 1407 ex
280 1362 424 1410 motu
467 1365 751 1414 astrorum
798 1357 1093 1433 unicuique
1141 1356 1315 1413 fatum
1359 1373 1517 1414 suum
1548 1355 1859 1415 attribuere
1891 1355 2193 1433 putabatur

186 1433 464 1508 (Klausem
505 1439 798 1500 Zeitscbr.
817 1438 1436 1517 r.AW.1840p.255
1465 1447 1648 1520 sqq.)‚
1679 1460 1852 1521 quare
1879 1442 1933 1499 in
1952 1441 2189 1519 anagly-

183 1519 289 1596 phis
301 1520 1078 1585 RomanisnnnParcarnmin
1106 1525 1277 1604 globo
1312 1525 1554 1585 coelesti
1580 1526 1955 1604 boroscopum
1988 1537 2188 1585 notare

184 1605 327 1677 solet,
354 1607 444 1667 nbi
472 1610 567 1671 vel
587 1611 785 1670 infanti
802 1630 1006 1670 recens
1025 1621 1156 1670 nato
1177 1609 1272 1681 (R.
1292 1609 1572 1670 Rocbette
1587 1611 1741 1671 Mon.
1757 1609 1912 1670 Iued.
1928 1621 1966 1669 t.
1986 1616 2086 1677 77.
2101 1616 2188 1682 2),

112 1711 113 1716 ¹
183 1690 258 1748 vel
283 1691 615 1756 Prometheo
644 1695 923 1756 bominem
953 1696 1185 1774 fingenti
1215 1693 1443 1756 adstant
1487 1695 1656 1770 (Mus.
1689 1696 1870 1775 Capit.
1902 1696 1980 1755 lv
2010 1707 2051 1755 t.
2082 1701 2187 1759 25.

182 1771 305 1835 tius.
334 1777 431 1838 Pio
462 1781 549 1840 Cl.
581 1780 662 1841 lv
687 1793 729 1840 t.
759 1785 863 1845 34.
902 1781 1079 1841 Millin
1109 1800 1336 1860 voyage
1366 1792 1414 1841 t.
1450 1784 1592 1853 65),
1639 1781 1789 1861 quod
1832 1801 1958 1841 cum
2003 1782 2186 1842 Persii

183 1877 255 1917 w.
270 1867 494 1943 egregie
526 1868 794 1927 concinit.
840 1865 1106 1927 Ceterum
1136 1865 1309 1925 tradit
1334 1866 1594 1926 Manilius
1611 1869 1799 1945 (Astr.
1815 1866 1889 1940 11,
1905 1871 2027 1930 629
2043 1873 2185 1947 sq.)=

182 1942 416 2028 Quosque
460 1950 674 2011 dabunt
715 1953 924 2031 gemini
965 1951 1277 2033 chelaeque
1341 1962 1404 2012 et
1446 1954 1713 2031 aquarius
1758 1963 1954 2025 ortus,
2002 1954 2168 2014 Unuu

183 2042 352 2105 peetus
380 2035 592 2098 habent
619 2035 862 2118 fideique
892 2038 1168 2097 immobile
1202 2037 1461 2099 vinclum.
1506 2040 1675 2097 Hora
1699 2048 1845 2097 nata
1867 2039 2182 2115 fidelibus,

181 2114 464 2180 insolenter
488 2142 595 2201 pro
624 2122 767 2182 bora
787 2165 806 2195 ‚
837 2143 981 2203 quae
1011 2122 1271 2182 fidelibus
1301 2123 1471 2182 vitam
1502 2121 1679 2193 dedit,
1710 2125 1922 2183 dividit
1946 2142 2187 2183 eoncor-

184 2199 408 2279 diasata
437 2210 497 2268 in
518 2210 783 2286 geminos·
800 2252 823 2279 ‚
854 2210 1019 2287 quia,
1049 2220 1112 2268 ut
1140 2211 1221 2269 ait
1249 2207 1511 2267 Manilius
1544 2207 1636 2281 (ll,
1658 2212 1775 2271 631
1799 2217 1917 2289 sq.)
1950 2228 2186 2286 maguus

181 2287 272 2344 erit
310 2288 549 2353 Geminis
592 2313 751 2353 amor
792 2305 854 2354 et
890 2292 1195 2353 concordia
1238 2291 1466 2373 duplex.
1534 2296 1860 2353 Saturnum
1910 2313 2182 2373 gravem,

182 2374 289 2448 quia
314 2376 414 2437 boe
443 2378 602 2440 sidus
633 2380 942 2439 maleficum
973 2391 1102 2440 erat
1130 2379 1324 2459 (Prop.
1356 2379 1458 2450 lv,
1484 2381 1797 2452 1‚84.1uv.
1824 2380 1924 2452 vl,
1956 2385 2079 2443 569
2098 2400 2185 2459 sq.

181 2455 325 2534 Apul.
369 2463 583 2525 Florid.
628 2487 683 2543 p.
716 2469 840 2528 348
869 2465 1017 2525 Elm.
1070 2466 1251 2526 Macr.
1284 2467 1341 2524 in
1372 2466 1499 2525 Cic.
1545 2486 1729 2525 somn.
1780 2463 1939 2545 Scip.
1975 2464 2019 2536 Ι,
2059 2469 2184 2536 19),

180 2545 312 2602 cuius
328 2549 430 2607 tim
445 2549 800 2630 frangimus
815 2594 835 2623 ,
862 2548 1242 2623 debilitamus,
1270 2553 1411 2611 Iove
1437 2560 1666 2622 nostro,
1699 2552 1994 2622 communi,
2025 2552 2184 2610 euius

180 2637 359 2690 utrum
388 2635 701 2697 beneficum
733 2646 793 2696 et
822 2637 1069 2696 salutare
1100 2647 1228 2697 erat
1258 2636 1457 2716 (Apul.
1489 2635 1528 2695 l.
1558 2635 1596 2695 l.
1642 2634 1897 2696 Manetb.
1930 2634 2030 2707 lv,
2056 2639 2183 2698 496

179 2727 280 2791 ης.
322 2716 483 2799 Prop.
517 2721 556 2780 l.
588 2722 627 2780 l.
657 2726 787 2794 83).
842 2720 988 2781 Nam
1018 2743 1129 2781 non
1164 2741 1267 2800 per
1295 2741 1360 2781 se
1394 2721 1570 2779 solum
1601 2722 1906 2800 potentiam
1939 2722 2186 2781 habebat

181 2798 383 2872 quodvis
423 2818 671 2879 εσυ-πω,
714 2826 908 2866 verum
953 2807 1064 2867 alia
1104 2827 1325 2888 quoque
1370 2816 1538 2886 prout
1577 2807 1898 2885 primarium
1940 2807 2184 2884 aspicie·

178 2877 321 2957 baut,
348 2892 451 2951 vim
484 2892 865 2964 exercebant,
895 2890 1044 2952 unde
1076 2893 1343 2952 malorum
1375 2910 1525 2951 noxa
1557 2902 1782 2970 poterat
1810 2893 2054 2951 imminui
2087 2912 2182 2949 sa-

180 2962 401 3034 lutarium
430 2976 706 3057 adspectu
726 3020 746 3050 ,
780 2978 855 3037 cf.
891 2978 1129 3038 Censor.
1161 2976 1233 3037 de
1264 2976 1356 3037 die
1388 2988 1504 3036 nat.
1535 2982 1599 3041 9.
1633 2977 1750 3038 Iani
1780 2996 1909 3037 exc.
1940 2975 2012 3036 ad
2043 2976 2179 3035 Hor.

180 3047 212 3107 ¹·
239 3052 271 3112 l·
324 3058 526 3121 Horum
557 3060 927 3143 quodcunque
955 3064 1050 3123 vel
1079 3061 1230 3123 aliud
1259 3063 1335 3122 sit
1363 3072 1614 3135 astrum,
1662 3082 1793 3122 nam
1822 3062 1932 3121 boc
1963 3063 2183 3132 nescio,

178 3147 253 3194 αἱ
288 3151 462 3206 tamen
507 3159 669 3208 certe
711 3146 970 3229 aliquod,
1013 3150 1173 3227 quod
1198 3168 1287 3207 me
1326 3148 1441 3207 tibi
1470 3157 1796 3227 temperat,
1828 3146 1932 3206 sub
1962 3168 2073 3227 quo
2102 3148 2184 3206 ita

178 3234 315 3284 tatus
342 3250 493 3305 sum,
526 3244 585 3292 ut
615 3244 798 3293 tecum
831 3245 1128 3314 tantopere
1161 3235 1506 3295 consentiam
1525 3275 1543 3305 ‚
1574 3235 1657 3294 cf.
1691 3233 1827 3294 flor.
1858 3253 1986 3313 epp.
2017 3232 2090 3305 11,
2117 3236 2182 3303 2,

177 3305 272 3380 87,
298 3314 383 3374 ubi
411 3320 614 3395 genius
646 3320 835 3380 natale
865 3330 1076 3379 astrum
1104 3331 1426 3398 temperare
1456 3317 1677 3379 dicitur.

319 3419 368 3458 v·
399 3407 670 3466 52—61.
717 3405 893 3464 Mille
925 3405 1213 3464 hominum
1242 3405 1465 3483 species
1492 3414 1555 3463 et
1592 3423 1791 3463 rerum
1823 3423 1964 3464 usus
1993 3404 2180 3463 dacco-

178 3472 286 3549 lor,
329 3488 547 3560 varius,
592 3489 685 3548 ubi
723 3493 950 3568 speeies
990 3500 1063 3551 et.
1094 3509 1237 3549 usus
1265 3509 1465 3548 rerum
1508 3487 1581 3548 ad
1610 3501 1904 3550 externum
1935 3488 2180 3548 habitum

177 3570 228 3617 ²1
258 3572 447 3644 agendi
491 3576 766 3635 rationem
821 3585 1119 3654 spectant3
1181 3576 1330 3636 velle
1372 3593 1541 3633 suum
1592 3575 1660 3647 (1,
1701 3579 1765 3648 9)
1812 3576 2022 3652 cuique
2064 3584 2178 3643 est,

175 3655 422 3728 Pfflprium
454 3657 727 3740 quoddam
745 3703 765 3732 ,
816 3670 876 3720 ut
902 3660 1067 3739 Virg.
1097 3660 1223 3720 Ecl.
1252 3660 1323 3731 11,
1356 3662 1469 3721 652
1542 3659 1742 3718 Trahit
1771 3680 1874 3719 sua
1903 3678 2179 3739 quemque

175 3731 415 3814 Νηρίας,
444 3764 554 3804 nec
591 3765 705 3804 uno
733 3755 860 3805 voto
888 3747 926 3804 i.
943 3764 996 3805 e.
1022 3744 1253 3805 diverso
1282 3746 1507 3804 vivitur
1529 3743 1623 3817 (11,
1641 3749 1731 3817 7).
1777 3743 1869 3804 Ad
1900 3748 2180 3824 exempla,

176 3830 295 3890 *1⁸³0
332 3826 435 3889 iam
480 3830 678 3902 affert,
725 3831 810 3891 cf.
842 3830 979 3891 Hor.
1011 3850 1144 3909 epp.
1173 3830 1219 3902 Ι,
1254 3834 1353 3902 18,
1385 3834 1460 3892 21
1498 3849 1621 3909 sqq.
1674 3832 1918 3890 Mutare
1959 3849 2181 3889 merces

176 3912 253 3961 0⁸2
285 3913 420 3987 apud
461 3913 627 3994 Virg.
676 3915 805 3976 Ecl.
840 3915 940 3988 IV,
971 3919 1076 3979 38.
1122 3915 1317 3975 Horat.
1362 3925 1471 3974 sat.
1503 3914 1547 3987 1,
1576 3919 1639 3987 4,
1667 3919 1775 3978 29.
1822 3915 1994 3995 Apul.
2025 3914 2179 3976 Flor.

177 3994 365 4084 Ρχ343
391 3998 534 4060 Eum.
583 4021 687 4080 pro
729 4001 1009 4073 mercari,
1065 3999 1214 4061 unde
1273 4000 1480 4079 Virgil.
1527 3999 1745 4079 Georg.
1779 4001 1873 4073 111,
1904 4003 2028 4065 306
2060 4020 2178 4081 sq.:

174 4063 576 4165 hlesiamagno
592 4096 877 4148 mutantur
889 4086 1131 4149 vellera.
1180 4085 1408 4148 Plenius
1435 4084 1667 4147 Persius
1697 4087 1986 4148 mercibus
2003 4086 2182 4147 Italis
