2764 4738
514 419 645 487 220
1200 424 1367 486 8ΑΤ.
1427 426 1526 499 VI,
1557 429 1638 489 33
1668 460 1757 471 —
1786 430 1889 490 39.

516 615 693 675 saepe
721 607 1061 657 testamento
1091 599 1419 676 imperatum
1451 608 1597 670 erat,
1626 618 1680 656 v.
1702 596 1934 657 Guther.
1952 594 2023 655 de
2051 599 2177 657 inre
2194 618 2346 657 man.
2370 599 2442 669 11,
2462 605 2555 662 10.

517 683 672 741 Haec
704 702 884 742 coena
915 683 970 741 h.
1004 684 1040 741 l.
1073 682 1438 760 intelligenda
1469 695 1592 753 est,
1644 704 1806 762 quam
1837 685 2008 740 laer-es
2035 685 2307 760 negliget
2333 687 2554 755 iratus,

517 770 674 846 quod
699 788 821 826 rem
852 770 1216 841 curtaveris,
1267 770 1534 827 minueris
1580 768 1740 840 (Ilor.
1774 777 1880 826 sat.
1912 767 1980 836 Π,
2009 771 2068 838 3,
2103 773 2257 830 124:
2306 768 2560 842 Quantn⁶

516 854 626 912 lum
657 855 802 913 enim
836 873 1083 912 summae
1115 853 1360 912 curtabit
1391 855 1624 933 quisque
1656 852 1928 923 dierum);
1960 854 2052 931 qui
2083 865 2284 913 cetera
2315 875 2559 935 quoque,

517 958 663 1019 quae
694 937 762 996 ad
796 940 961 997 funus
993 940 1295 1017 pertinent,
1329 940 1689 1017 negligenter
1718 949 1779 998 et
1806 935 2031 996 sordide
2056 937 2307 1010 curabit3
2341 961 2557 1012 urnae,

516 1027 570 1082 in
603 1044 712 1103 qua
742 1024 983 1084 collecta
1008 1043 1139 1082 ossa
1170 1043 1514 1102 componere
1532 1024 1794 1083 solebant
1819 1022 1962 1097 (1uv.
1987 1023 2274 1094 vl1‚208.
2310 1025 2561 1086 Kircbm.

518 1110 555 1167 l.
589 1110 625 1167 l.
657 1108 912 1180 111‚18)‚
944 1128 1116 1180 ossa,
1151 1110 1350 1189 quihus
1382 1121 1664 1186 unguenta
1698 1119 1758 1167 et
1786 1107 1993 1166 odores
2026 1110 2340 1167 miscebant
2375 1110 2563 1184 (Ovid.

516 1194 678 1253 Fast.
711 1194 804 1264 ut,
838 1199 980 1257 561.
1026 1194 1200 1252 Trist.
1235 1194 1329 1265 111,
1357 1198 1417 1265 3,
1453 1198 1554 1257 69.
1598 1194 1723 1252 Tib.
1757 1193 1850 1262 ΠΙ,
1878 1197 1940 1264 2,
1966 1197 2049 1255 23
2066 1214 2187 1272 sqq.
2221 1196 2298 1253 ib.
2327 1197 2561 1275 intpp.)‚

519 1281 687 1339 dabit
727 1281 992 1338 inodora.
1059 1281 1307 1339 Nescire
1344 1289 1604 1358 paratus
1648 1279 1716 1350 (I,
1752 1283 1931 1348 132),
1975 1298 2080 1336 seu
2124 1282 2441 1352 ct'nnama,
2488 1302 2563 1340 ex

516 1364 822 1442 Aethiopia
852 1366 1021 1423 allata
1053 1367 1246 1423 summi
1278 1366 1444 1444 pretii
1489 1365 1594 1437 (cf.
1629 1364 1768 1422 Pliu.
1802 1363 1926 1434 XII,
1962 1367 2061 1435 19,
2090 1368 2192 1425 42.
2224 1365 2378 1435 XIII,
2416 1372 2471 1436 1,
2501 1372 2561 1429 2.

518 1450 686 1508 Mart.
711 1449 807 1520 IV,
841 1454 939 1521 13,
971 1454 1072 1521 3),
1101 1453 1336 1529 spirent
1359 1451 1647 1520 surdum,
1682 1447 1832 1528 quod
1862 1450 2008 1506 sicut
2037 1447 2108 1507 de
2137 1469 2279 1508 sono
2311 1451 2563 1511 obscuro

518 1546 822 1613 usurpatur
881 1535 1019 1608 (Iuv.
1065 1534 1189 1606 VII,
1230 1541 1306 1597 71
1348 1534 1519 1593 surda
1566 1534 1821 1593 buccina.
1893 1532 2083 1604 Quint.
2123 1534 2250 1602 XII,
2303 1541 2403 1606 10,
2444 1541 2563 1597 28:

518 1619 766 1699 Ephyris
799 1632 859 1678 et
889 1619 1170 1697 Zephyris
1202 1622 1248 1678 si
1280 1621 1491 1677 nostris
1521 1618 1722 1677 litteris
1754 1619 2104 1684 scribantur,
2146 1619 2376 1677 surdum
2407 1622 2567 1700 qnid-

518 1703 645 1766 dam
675 1716 733 1763 et
764 1705 1059 1763 barbarum
1092 1706 1365 1776 efficient)
1387 1747 1403 1772 ,
1433 1706 1511 1762 ita
1542 1703 1613 1762 de
1644 1704 1837 1762 colore
1872 1702 2034 1774 (Plin.
2054 1703 2352 1776 XXXVII,
2374 1711 2433 1775 5,
2452 1711 2564 1767 18:

518 1790 608 1850 Ad
651 1790 758 1848 hoc
802 1789 1129 1869 quibusdam
1176 1792 1505 1848 intercurrit
1531 1789 1760 1859 umbra,
1805 1786 2119 1868 surdusque
2151 1790 2213 1847 fit
2242 1789 2441 1863 color3
2486 1792 2564 1849 cs.

523 1881 580 1944 5,
614 1879 754 1946 20),
788 1887 847 1933 et
877 1875 1051 1933 odore
1084 1886 1411 1953 usurpatur.
1472 1876 1592 1932 Seu
1624 1875 1822 1932 castae
1853 1872 1945 1944 (ll,
1980 1877 2084 1944 64)
2112 1885 2402 1951 peccent,
2437 1895 2568 1934 cor·

520 1971 718 2038 ruptae
763 1971 823 2018 et
866 1959 1215 2019 adulteratae
1256 1979 1499 2029 ceraso,
1554 1960 1743 2017 cerasi
1788 1957 1964 2028 libro,
2010 1969 2072 2016 ut
2116 1959 2373 2031 videtur,
2419 1959 2569 2040 quod

521 2046 736 2104 fraudis
768 2066 949 2122 genus
981 2046 1112 2104 alibi
1143 2066 1251 2103 non
1283 2043 1508 2105 videtur
1536 2044 1996 2115 commemorari,
2038 2055 2198 2103 certe
2230 2066 2344 2103 non
2377 2048 2570 2104 memi-

520 2133 602 2189 nit
634 2130 877 2200 I'linius,
925 2132 1018 2189 ubi
1064 2141 1294 2209 styrace
1338 2141 1398 2188 et
1440 2131 1579 2188 lauri
1607 2130 1948 2187 tenuissimis
1982 2130 2223 2187 surculis
2255 2128 2569 2190 adulterari

522 2214 692 2274 tradit
725 2215 873 2286 (XII,
902 2220 1005 2287 20,
1040 2221 1172 2284 42).
1238 2216 1408 2274 Casia
1438 2212 1509 2273 ad
1539 2216 1757 2273 funeris
1789 2234 1945 2272 usum
1979 2216 2183 2272 emitur
2213 2217 2387 2274 etiam
2420 2215 2568 2295 apud

519 2301 690 2361 Mart.
728 2301 802 2373 X,
837 2306 941 2373 97,
976 2305 1036 2364 2.
1091 2302 1288 2371 Tune,
1336 2302 1551 2380 inquiet
1591 2297 1862 2358 eiusmodi
1897 2298 2097 2372 hercS,
2143 2300 2297 2358 bona
2337 2303 2572 2360 minuas

522 2388 864 2459 incolumis,
899 2390 1160 2465 impune?
1214 2386 1416 2466 Neque
1450 2387 1538 2445 hic
1572 2397 1815 2455 tantum,
1862 2404 2052 2444 verum
2085 2384 2180 2444 alii
2213 2407 2442 2466 quoque
2475 2408 2571 2446 se·

521 2475 643 2532 veri
691 2484 751 2532 et
795 2473 995 2550 rigidi,
1042 2473 1316 2530 luxuriem
1361 2483 1512 2530 tuam
1557 2471 1958 2550 increpabunt,
2020 2491 2251 2550 quorum
2303 2483 2570 2552 tanquam

522 2559 836 2637 exemplum
870 2560 1132 2635 proponit
1164 2560 1460 2627 Bes-tium,
1493 2567 1879 2615 correctorem
1914 2557 2064 2614 illum
2096 2553 2245 2634 apud
2279 2557 2570 2616 Horatium

525 2652 681 2723 (epp.
719 2643 762 2715 l,
796 2649 894 2714 15,
922 2648 1049 2716 37),
1092 2644 1185 2722 qui
1215 2654 1445 2701 ventres
1476 2653 1740 2721 nepotum
1772 2643 1974 2700 lamina
2004 2642 2287 2701 candente
2321 2644 2571 2703 urendos

523 2728 785 2800 dicebat,
843 2747 1007 2808 quem
1069 2730 1177 2786 iam
1236 2728 1513 2787 Lucilium
1571 2726 1643 2786 ad
1709 2738 1900 2806 partes
1950 2747 2195 2785 vocasse
2244 2732 2575 2807 suspicatur

522 2815 894 2874 W*eichertus
930 2821 1130 2891 (poett.
1164 2814 1321 2873 Latt.
1357 2814 1484 2872 rell.
1516 2833 1570 2891 p.
1605 2817 1730 2874 420
1759 2816 1933 2892 sqq.).
1998 2813 2051 2871 Is
2083 2814 2255 2889 igitur
2305 2816 2572 2873 doctores

531 2903 741 2959 Graios
772 2910 953 2977 urget
978 2901 1279 2970 conviciiS,
1312 2909 1404 2968 et,
1445 2910 1506 2955 ut
1536 2899 1721 2956 solent
1752 2900 1989 2955 omnium
2023 2908 2338 2976 temporum
2376 2898 2573 2970 Bestii,

523 2987 744 3044 nimiam
799 3005 833 3043 a
871 2986 1189 3062 peregrinis
1236 2985 1573 3062 praesertim
1627 2985 1859 3041 ascitam
1908 2985 2242 3060 sapientiam
2289 2987 2571 3064 animique

524 3072 796 3131 culturam
829 3081 1089 3149 tanquam
1122 3070 1375 3128 luxuriae
1409 3089 1634 3127 causam
1667 3078 1918 3127 accusat.
1978 3069 2061 3126 lta
2094 3088 2163 3127 ne
2198 3082 2313 3127 tum
2346 3069 2571 3149 quidem

527 3155 767 3215 deerant
797 3155 1087 3226 homines,
1119 3157 1243 3234 qni,
1288 3165 1346 3213 ut
1376 3155 1506 3212 olim
1541 3154 1682 3211 Cato
1714 3153 2020 3212 Censorius
2040 3197 2056 3223 ‚
2105 3152 2367 3213 Graecos
2398 3167 2460 3213 et
2489 3158 2575 3214 in-

525 3243 716 3320 primis
765 3241 1039 3299 Graecam
1087 3240 1493 3318 philosophiam
1539 3250 2012 3318 aspernarentur,
2060 3240 2139 3298 cf.
2191 3240 2235 3310 1,
2290 3244 2416 3302 127
2449 3261 2572 3320 sqq.

522 3326 618 3398 III,
657 3332 737 3388 77
763 3346 883 3405 sqq.
918 3326 988 3397 V,
1026 3330 1146 3387 189
1178 3345 1299 3405 sqq.
1343 3325 1577 3401 Itafit,
1630 3335 1917 3382 nostrum:
1959 3344 2023 3381 so
2058 3326 2290 3400 geht’s,
2341 3327 2465 3385 Cic.
2501 3326 2573 3383 N.

524 3412 593 3471 D.
626 3413 718 3483 111,
750 3416 854 3481 37,
890 3415 1006 3473 89:
1054 3411 1137 3469 Ita
1170 3412 1263 3481 lit,
1295 3412 1501 3489 inquit,
1548 3410 1640 3468 ubi
1684 3410 1759 3467 cf.
1803 3407 2004 3468 Heind.
2073 3412 2390 3486 Postquam
2440 3412 2584 3470 urbi

525 3518 651 3556 cum
669 3499 878 3576 pipere
907 3507 969 3555 et
987 3496 1207 3574 palmis
1240 3498 1404 3554 venit
1427 3515 1680 3574 sapere,
1714 3492 1765 3551 id
1799 3506 1909 3563 est,
1942 3515 2015 3552 ex
2045 3497 2215 3553 terris
2247 3496 2573 3574 longinquis

524 3581 818 3641 advectum
852 3593 974 3653 est,
1018 3592 1079 3639 ut
1121 3582 1401 3640 luvenalis
1447 3581 1702 3639 similiter
1731 3577 1865 3638 dicit
1899 3579 2015 3652 (III,
2048 3584 2186 3650 83):
2235 3580 2576 3651 „Advectus

525 3667 790 3736 Romam,
850 3687 961 3747 quo
1001 3687 1177 3745 pruna
1219 3674 1281 3726 et
1323 3676 1551 3725 cottana
1595 3673 1830 3724 vento.“
1906 3667 2086 3742 Piper
2127 3664 2225 3737 (V,
2270 3671 2375 3735 55,
2429 3671 2575 3737 135)

525 3764 584 3811 ct
620 3755 858 3832 palmae
906 3751 1253 3811 Alexandria
1297 3752 1642 3831 potissimum
1685 3748 2146 3819 advehebantur,
2192 3752 2316 3809 sive
2351 3752 2424 3810 de
2457 3754 2578 3830 pal-

527 3858 738 3897 marum
772 3838 956 3896 fructu
987 3838 1267 3913 intelligas
1301 3835 1486 3909 (Ovid.
1517 3837 1649 3895 fast.
1677 3836 1720 3907 l,
1758 3839 1899 3896 185.
1933 3835 2004 3894 cl.
2036 3834 2177 3893 Gell.
2209 3835 2335 3906 Vll,
2372 3840 2474 3907 16,
2494 3842 2578 3907 5),

527 3925 648 3983 sive
690 3921 761 3982 de
809 3933 1095 4000 unguento
1141 3922 1308 3993 (Cato
1340 3922 1407 3980 R.
1437 3922 1502 3980 R.
1538 3924 1692 3982 113:
1741 3921 1954 3997 palma,
2000 3938 2164 4000 quam
2211 3924 2578 3999 unguentarii

527 4009 768 4079 habeut,
815 4008 890 4067 cl.
945 4007 1085 4066 Plin.
1128 4007 1254 4079 XII,
1299 4011 1404 4078 22,
1444 4012 1573 4079 47).
1633 4005 2079 4084 Acerbe,igitur
2108 4003 2279 4076 dicit,
2315 4006 2573 4067 Graecos

528 4115 652 4154 cum
695 4095 854 4157 hisce
886 4093 1165 4153 mercibus
1197 4094 1453 4153 luxuriae
1484 4090 1916 4152 inservientibus
1948 4093 2117 4151 etiam
2149 4110 2358 4171 sapere
2382 4137 2400 4164 ,
2458 4094 2578 4154 cul—
