2764 4738
458 406 640 454 mu
1125 380 1847 446 PROLEGOMENA.

462 556 733 633 raverit,
778 574 897 641 quo
937 552 1117 618 modo
1158 553 1648 619 doctissimorum
1705 552 2233 639 grammaticorum
2271 552 2520 623 scholia

464 660 779 724 decurtata
817 670 882 723 et
923 657 1290 743 interpolata
1331 657 1496 735 sint,
1555 656 1610 721 is
1652 656 1717 720 in
1766 656 1872 720 tali
1914 658 2268 740 quaestione
2310 657 2520 724 missis

460 762 685 847 ineptis
715 772 780 825 et
810 760 1073 826 futilibus
1104 778 1179 824 ea
1209 769 1442 824 tantum
1473 760 1539 824 in
1570 779 1819 824 censum
1847 760 2129 839 vocabit,
2169 782 2324 844 quae
2355 762 2519 827 auti-

463 885 617 949 quae
649 863 965 929 doctrinae
994 862 1262 945 speciem
1292 872 1657 928 monstrant.
1689 859 1904 945 Itaque
1933 860 2305 929 Ruhnkenio
2336 865 2518 929 facile

462 967 858 1032 assentietur.
932 962 1097 1030 Nam
1143 987 1278 1031 cum
1320 966 1479 1030 haud
1521 986 1716 1049 pauca
1757 964 1823 1028 in
1866 964 2037 1029 hisce
2063 965 2312 1031 scholiis
2341 966 2520 1032 inve·

462 1068 746 1145 niantur,
793 1087 947 1150 quae
991 1078 1060 1131 ut
1101 1087 1261 1132 nunc
1302 1068 1591 1152 leguntur
1633 1067 1816 1133 etiam
1864 1066 2255 1133 mediocriter
2297 1069 2519 1135 doctus

462 1170 624 1236 scire
667 1169 898 1255 potuit,
948 1180 1072 1233 tum
1116 1171 1414 1254 permulta
1455 1169 1544 1237 ita
1596 1170 2019 1255 disputantur,
2067 1187 2143 1234 eo
2198 1171 2520 1237 doctrinae

462 1272 622 1338 haud
655 1271 922 1357 vulgaris
953 1282 1264 1357 apparatu,
1297 1293 1372 1338 ea
1402 1273 1811 1358 antiquorum,
1844 1269 2220 1337 Graecorum
2249 1294 2518 1359 quoque,

463 1375 828 1459 scriptorum
874 1372 1265 1457 cognitione,
1326 1384 1395 1439 ut
1437 1384 1750 1441 auctorem
1794 1376 2056 1461 prodant
2094 1376 2403 1460 antiquum
2448 1385 2516 1442 et

462 1477 793 1543 eruditum.
856 1472 1235 1559 Quamquam
1276 1496 1431 1541 vero
1475 1478 1798 1543 maximam
1842 1488 2076 1564 partem
2104 1476 2375 1556 scholia,
2421 1478 2520 1543 in-

463 1579 673 1666 primis
719 1576 794 1642 ad
841 1575 1186 1663 Georgica,
1233 1599 1359 1645 non
1412 1579 1498 1644 ita
1541 1580 1626 1646 ab.
1658 1592 1911 1647 auctore
1953 1581 2181 1669 scripta
2221 1591 2405 1660 sunt,
2451 1590 2525 1646 ut

463 1684 791 1768 leguntur,
836 1678 946 1744 sed
977 1689 1189 1764 postea
1217 1680 1283 1745 iu
1315 1680 1619 1766 epitomen
1646 1684 1901 1749 redacta
1920 1728 1942 1762 ,
1974 1694 2179 1748 tamen
2208 1684 2359 1748 nihil
2387 1685 2522 1748 fere

464 1785 531 1850 in
575 1784 652 1850 iis
702 1782 1039 1869 reperitur,
1097 1782 1258 1866 quod
1311 1804 1441 1847 non
1498 1785 1692 1868 possit
1744 1785 1820 1849 ad
1878 1783 2143 1851 Probum
2199 1783 2523 1874 Berytinm

464 1887 726 1966 reterri,
789 1885 945 1971 quod
1002 1884 1243 1970 quidem
1297 1884 1549 1952 alicuius
1594 1888 1883 1953 momenti
1922 1888 2046 1967 sit,
2108 1907 2306 1972 neque
2354 1888 2523 1954 enim

464 1989 879 2066 intercedam,
937 1987 993 2053 si
1049 1987 1181 2071 quis
1233 1988 1528 2071 quaedam
1568 1988 1774 2055 inesse
1813 1999 1990 2078 putet
2029 1999 2244 2075 postea
2284 1990 2519 2056 addita.

467 2087 840 2176 Scriptorum
863 2135 882 2167 ,
942 2109 1093 2173 quos
1139 2089 1351 2171 laudat⁶
1387 2084 1543 2156 haud
1589 2113 1815 2177 paucos
1835 2140 1855 2173 ,
1916 2114 2097 2159 nemo
2154 2103 2290 2172 est,
2341 2112 2522 2176 quem

468 2206 612 2283 post
641 2214 776 2259 eum
806 2192 1038 2258 vixisse
1071 2202 1336 2257 constet.
1379 2189 1670 2279 Plerique
1713 2195 2093 2278 antiquiores
2130 2204 2307 2276 sunt,
2354 2197 2525 2261 inter

465 2298 741 2363 iuniores
785 2296 962 2361 affert
1007 2289 1377 2359 Ovidium
1421 2307 1486 2361 et
1528 2297 2021 2364 Gaetulicum
2064 2298 2170 2386 (ad
2202 2296 2429 2383 Georg.
2460 2294 2518 2377 I,

466 2398 623 2482 227)
662 2408 711 2463 ἓ.
759 2397 1040 2463 Incertae
1068 2398 1290 2464 aetatis
1322 2410 1421 2465 est
1449 2399 1866 2482 Lutatius,
1913 2402 2087 2468 cuius
2126 2401 2524 2467 historiae

468 2503 901 2568 communis
944 2502 1158 2569 librum
1203 2503 1460 2590 primum
1503 2504 1682 2571 affert
1721 2506 1826 2590 (ad
1875 2502 2114 2592 Georg.
2160 2502 2282 2587 111,
2330 2500 2517 2587 280).

474 2694 501 2750 1
540 2692 616 2745 De
652 2691 1013 2746 Gaetulico
1059 2694 1138 2746 dis
1175 2700 1391 2746 utarunt
1434 2694 1575 2760 Lips.
1617 2695 1682 2746 ad
1719 2693 1847 2747 Tae.
1882 2693 2015 2747 Anu.
2055 2692 2143 2757 IV,
2182 2695 2268 2747 ss.
2321 2691 2520 2746 lat-obs.

540 2762 604 2814 ad
642 2761 840 2814 anthol.
880 2761 972 2813 Gr.
1012 2769 1053 2814 t.
1092 2762 1142 2816 X
1172 2762 1210 2814 ll
1238 2781 1285 2832 p.
1315 2764 1437 2817 896.
1477 2763 1765 2816 weichert.
1798 2780 1849 2831 p.
1875 2764 1914 2816 l.
1943 2781 1989 2815 r.
2028 2780 2078 2830 p.
2104 2764 2208 2819 25⁰
2229 2778 2306 2830 sq.
2349 2762 2527 2814 Lasci-

540 2848 720 2886 vorum
757 2832 1037 2883 carminum
1086 2841 1284 2899 poetam
1332 2832 1660 2884 Gaetulicum
1707 2839 1992 2884 memorant
2027 2832 2258 2885 Martial.
2295 2832 2315 2884 l
2353 2831 2525 2901 praef.

536 2900 674 2953 Plin.
714 2917 827 2969 epp.
866 2899 932 2964 V,
972 2902 1025 2963 3,
1064 2903 1092 2952 5
1142 2907 1196 2953 et
1247 2902 1331 2953 hic
1384 2903 1591 2968 quidem
1644 2909 1770 2953 ante
1801 2901 2079 2968 Senecam,
2133 2902 2312 2953 Sidon.
2351 2903 2524 2968 Apoll.

539 2986 651 3038 epp.
692 2969 755 3034 11,
800 2969 861 3022 10
897 2984 1056 3021 carm.
1096 2968 1191 3034 IX,
1229 2972 1352 3026 256.
1418 2970 1516 3036 Qui
1563 2986 1678 3022 cnm
1730 2986 1758 3021 a
1795 2970 1959 3022 Plinio
1995 2970 2329 3021 Lentulus
2366 2968 2532 3022 Gae-

540 3038 820 3091 tulicus
856 3041 1028 3089 vocari
1066 3038 1311 3091 videatur
1357 3040 1498 3107 (nam
1533 3047 1701 3107 potest
1736 3039 2016 3107 disceptari
2049 3040 2113 3091 de
2145 3039 2528 3106 distinctione),

541 3115 792 3178 putarunt
836 3123 949 3158 esse
985 3123 1100 3159 eum
1144 3109 1254 3161 Cn.
1292 3108 1657 3160 Lentulum
1695 3107 2168 3173 Gaetulicum,
2229 3110 2392 3176 quia.
2422 3109 2526 3162 77⁹

539 3177 724 3229 consul
756 3176 859 3228 suit
891 3175 1038 3238 (Tac.
1076 3176 1213 3229 Anu.
1252 3175 1343 3241 1V‚
1382 3177 1508 3243 46),
1549 3194 1699 3230 socer
1733 3177 1905 3229 Seiani
1943 3178 2038 3229 filii
2073 3177 2216 3240 iTae.
2257 3181 2391 3230 Anu.
2431 3177 2525 3243 vt,

540 3247 668 3312 3⁰),
734 3261 768 3296 u
819 3244 1093 3311 Caligula,
1149 3254 1414 3314 postquam
1465 3247 1637 3298 decen
1686 3249 1837 3299 annis
1882 3246 2187 3299 Germaniae
2234 3248 2527 3311 legionibus

576 3316 800 3376 rael'nit,
840 3329 891 3364 a.
931 3315 1032 3370 792
1069 3314 1375 3367 interfectus
1410 3315 1527 3380 (Dio
1558 3315 1617 3368 C.
1655 3313 1796 3384 th,
1832 3318 1901 3372 22
1937 3315 2006 3369 el.
2045 3316 2192 3367 Suet.
2229 3317 2417 3368 Claud.
2446 3315 2524 3381 9).

591 3385 639 3435 ic
690 3383 979 3448 Caligulam
1029 3382 1225 3436 Tibure
1276 3391 1452 3436 natum
1499 3385 1747 3450 tradidit,
1787 3400 1819 3436 a
1852 3385 2019 3437 Plinio
2055 3385 2172 3437 ideo
2207 3385 2530 3437 adulationis

542 3454 875 3506 insimulatus
912 3452 1079 3518 (Suet.
1121 3454 1288 3518 Calig.
1328 3455 1416 3517 8),
1469 3456 1602 3506 unde
1647 3455 1915 3507 historiam
1962 3455 2238 3522 scripsisse
2270 3455 2525 3508 creditur.

544 3521 740 3576 Verum
774 3522 820 3575 ai
858 3537 1040 3574 versus
1076 3537 1106 3575 a
1143 3523 1307 3574 Probo
1341 3524 1530 3575 allatos
1567 3523 1835 3575 considero
1873 3524 1935 3574 de
1968 3524 2271 3577 Britanniae

806 3589 917 3644 Non
955 3593 1094 3643 aries
1130 3592 1278 3644 illum
1315 3607 1471 3652 {erus
1508 3590 1642 3656 feret
1676 3609 1799 3645 aere
1835 3608 2014 3656 cornu,

813 3658 1009 3713 Gnosia
1046 3676 1137 3711 uec
1172 3662 1360 3727 gemini
1397 3663 1703 3730 praecidunt
1736 3663 1929 3713 cornua
1966 3668 2193 3728 taurum,

811 3728 960 3780 Sicca
993 3728 1287 3798 Lycaonius
1323 3732 1594 3798 resupinat
1629 3731 1865 3799 plaustra
1901 3731 2108 3795 Bootes,

540 3797 654 3850 sere
690 3796 743 3848 in
779 3811 889 3849 eam
925 3814 955 3849 o
991 3798 1212 3852 inionem
1238 3800 1484 3867 inducor,
1522 3807 1584 3852 ut
1606 3801 1844 3862 credam,
1880 3815 1996 3852 enm
2020 3816 2224 3852 carmen
2256 3801 2528 3870 scripsisse

541 3866 611 3918 de
647 3865 956 3934 expeditioni
998 3883 1060 3919 us
1093 3867 1430 3922 Romanorum
1466 3876 1648 3922 contra
1682 3870 1962 3922 Germanos
1997 3877 2049 3922 et
2085 3870 2385 3933 Britannos,
2422 3869 2529 3922 fur-

540 3942 689 3986 tasse
739 3934 1066 4001 Germanici,
1119 3952 1235 3991 nam
1286 3941 1349 3991 de
1397 3938 1634 4006 Caligula
1681 3956 1779 3992 non
1829 3939 2007 3992 licebit
2052 3942 2300 4004 cogitare.
2372 3939 2524 4009 Apud

540 4004 870 4071 Pomponium
920 4005 1165 4059 Sabinum
1215 4016 1387 4063 autem
1435 4009 1727 4063 afferuntur
1772 4010 1826 4064 hi
1872 4024 2061 4062 versus
2094 4025 2159 4062 ex
2195 4009 2528 4077 epigram-

67 4075 447 4321 b
544 4074 846 4127 natibus
882 4073 1249 4129 Gaetulici.

580 4347 739 4472 *x
