2764 4738
751 436 1017 500 scum..
1048 385 1153 499 Αἰ)
1186 435 1355 501 SAT.
1385 437 1461 511 v,
1491 440 1825 502 ss-1oo,
2202 431 2328 499 331
2378 389 2387 392 ’

296 606 864 670 manumittendi
925 627 961 667 a
1017 618 1376 687 praetore
1440 609 1510 668 in
1565 609 1824 688 capite
1878 606 2323 687 pulsantur:

298 694 474 755 ideo
547 694 780 766 dicta,
850 692 1038 774 quod
1108 715 1263 755 eum
1322 692 1659 755 vindicat
1726 693 2094 752 libertati.
2197 693 2326 753 Hic

296 783 708 841 Masurius
769 781 1115 839 Sabinus
1168 781 1371 859 legis
1426 779 1819 840 consultus
1880 777 2105 849 fuiw
2163 778 2326 837 cuius

296 866 726 926 *rubricam
767 876 991 926 vocat
1028 866 1351 937 minium,
1397 886 1530 946 qno
1572 864 1781 925 tituli
1825 863 2064 941 legum
2108 882 2328 922 anno-

296 961 320 1010 t
333 971 366 1011 a
381 952 417 1011 b
435 971 469 1011 a
486 972 518 1009 n
537 963 561 1010 t
577 972 611 1010 u
629 970 678 1010 r.
702 957 732 988 '⁸¹

466 1042 568 1100 91.
613 1039 824 1110 Disce,
857 1036 968 1095 sed
993 1039 1087 1094 ira
1118 1038 1301 1096 cadat
1321 1056 1490 1096 naso.
1535 1035 1610 1095 Et
1637 1044 1845 1115 poetaz
1889 1032 2099 1104 Disce,
2129 1032 2327 1113 inquit,

294 1132 357 1184 et
383 1119 580 1181 desine
614 1124 818 1181 irasci:
866 1140 974 1201 qno
1003 1123 1282 1199 possimus
1313 1123 1494 1182 aniles
1527 1121 1776 1191 fabulas,
1826 1138 1966 1199 quas
1997 1119 2209 1188 nutris,
2254 1116 2326 1178 de

292 1210 405 1267 tuis
447 1205 798 1286 praecordiis
844 1205 1172 1267 extrahere.
1341 1209 1452 1267 Ira
1510 1209 1692 1266 eadat
1741 1223 1906 1265 naso.
1981 1204 2249 1264 Tractum
2292 1222 2328 1262 a

293 1293 561 1362 canibus,
594 1294 688 1372 qni
719 1294 856 1350 irum
889 1292 1112 1368 rugosis
1145 1290 1372 1350 naribus
1404 1302 1736 1351 monstrant.

467 1381 569 1439 92.
618 1379 862 1436 Veteres
890 1378 1061 1435 αυὶαε
1091 1375 1229 1437 dicit
1255 1388 1355 1436 aut
1380 1378 1563 1439 aniles
1593 1377 1869 1456 ineptias,
1912 1384 2012 1434 aut
2041 1373 2328 1433 invetera-

293 1474 404 1522 tam
438 1463 746 1521 stultitiam.

464 1551 568 1610 93.
614 1548 749 1606 Nou
787 1547 1093 1625 praetoris
1133 1556 1286 1607 erat.
1347 1545 1565 1606 Sensus
1594 1555 1716 1606 est:
1764 1546 2007 1606 officinm
2037 1555 2130 1605 est
2161 1562 2329 1623 prae-

291 1634 433 1692 toris
465 1632 782 1692 libertatem
814 1632 1034 1702 stultis,
1072 1651 1185 1691 non
1217 1632 1550 1711 sapientiam
1581 1627 1921 1690 concedere.
2107 1629 2327 1689 Tenuia

290 1737 490 1778 rerum
522 1715 757 1796 officia,
793 1718 906 1787 ait,
938 1715 1143 1778 subtile
1174 1737 1408 1776 acumen
1443 1717 1792 1794 sapientiae,
1835 1717 2069 1794 ingenii.

464 1807 571 1867 94.
622 1804 795 1863 Usum
837 1804 1091 1882 rapidae
1133 1805 1292 1863 vitae
1335 1799 1573 1861 eandem
1619 1801 1953 1882 sapientiam
1996 1801 2154 1861 dicit.

286 1891 594 1969 Raphiae,
626 1888 866 1959 celeris,
897 1890 1011 1947 cito
1042 1889 1414 1948 transeuntis.

461 1979 562 2039 95.
609 1973 959 2034 Sambueum
988 1976 1163 2034 eitius
1193 1975 1413 2034 caloni.
1481 1975 1735 2034 Calones
1765 1971 2025 2033 dicuutur
2053 1973 2326 2032 militares

288 2062 463 2120 servi.
632 2060 782 2121 Alto
836 2058 1008 2132 dixit,
1068 2059 1215 2141 quod
1259 2062 1374 2119 alte
1417 2061 1749 2140 cingantur3
1818 2069 1917 2119 aut
1973 2060 2134 2130 alto,
2197 2058 2329 2137 quia

285 2147 510 2227 proceri
551 2145 834 2223 eliguntur
875 2157 1109 2224 propter
1152 2146 1284 2206 belli
1329 2149 1766 2217 necessitatem,
1825 2155 1923 2204 aut
1967 2155 2127 2204 certe
2173 2145 2325 2213 alto,

285 2230 438 2313 quod
467 2233 695 2311 superbi
726 2233 857 2290 sint.
887 2231 1183 2310 Significat
1212 2242 1399 2292 autem
1431 2250 1549 2291 rem
1581 2232 1825 2308 ineptam
1858 2230 2077 2289 facilius
2110 2227 2327 2298 doceri,

287 2337 449 2398 quam
481 2318 887 2378 necessariam.
1059 2317 1355 2379 Sumbuca
1386 2327 1478 2378 est
1504 2336 1687 2397 genus
1720 2316 1853 2396 ligni
1886 2316 2137 2396 fragilis,
2179 2311 2326 2376 unde

285 2406 447 2485 quasi
478 2404 652 2463 tibiae
683 2413 1092 2481 componuntur
1131 2410 1172 2463 ¹.
1976 2414 1977 2417 ’

454 2492 558 2551 96.
601 2490 748 2548 Stat
785 2498 993 2549 eontra
1038 2491 1216 2548 ratio.
1273 2488 1395 2548 Hoc
1427 2486 1593 2548 dicit:
1642 2487 1880 2548 Resistit
1909 2487 2087 2557 ratio,
2150 2481 2205 2543 id
2238 2494 2330 2543 est

285 2575 603 2651 sapientia,
663 2592 734 2632 ne
779 2573 943 2632 alicui
984 2574 1157 2632 licent
1198 2572 1330 2632 iliud
1373 2574 1570 2634 facere
1616 2574 1854 2645 maium,
1912 2570 2064 2652 quod
2103 2566 2326 2649 agendo

285 2660 446 2737 peius
507 2659 737 2718 efficiat.
938 2660 1242 2718 Secretam
1294 2661 1519 2737 gannit
1572 2660 1631 2717 in
1687 2677 1929 2729 aurem,
2003 2658 2062 2716 in
2132 2656 2325 2715 intimo

325 2752 520 2803 ectore
558 2748 601 2803 ².

284 2764 320 2824 p
453 2831 558 2891 98.
607 2828 856 2887 Publica
898 2828 998 2888 lece
1040 2828 1349 2889 hominum.
1426 2826 1564 2889 Tam
1626 2827 1882 2908 publica,
1938 2847 2103 2906 quum
2147 2826 2325 2904 ipsius

283 2923 520 2973 naturae
554 2914 682 2991 lege
714 2923 935 2972 cautum
984 2924 1076 2972 est
1116 2913 1272 2973 licita
1302 2912 1548 2992 permitti
1580 2914 1740 2984 fieri,
1792 2913 1985 2972 illicita
2016 2912 2324 2991 prohiberi,

282 3010 346 3058 ut
373 2998 469 3060 ina
497 2999 677 3070 mala,
730 3018 876 3079 quae
908 2997 1207 3058 efficienda
1250 3019 1359 3058 non
1392 3009 1557 3071 sunt,
1587 3000 1945 3077 ignorantiae
1976 2995 2277 3057 tradamus.

453 3088 559 3148 99.
606 3087 856 3145 Inscitia
887 3084 1095 3143 debilis
1115 3128 1136 3155 ,
1169 3086 1528 3163 ignorantia,
1562 3103 1708 3164 quae
1738 3086 1959 3143 ratione
1991 3091 2172 3142 caret.

455 3173 594 3232 100.
639 3171 835 3230 Diluti
865 3170 1240 3231 helleborum.
1298 3170 1517 3230 Sensus
1549 3181 1673 3230 est:
1718 3169 1917 3238 Diluis,
1949 3169 2139 3238 iuvas,
2189 3187 2330 3247 quo-

281 3257 427 3315 niam
461 3256 679 3315 lavatur
708 3256 1056 3315 helleborum
1088 3257 1301 3334 primo,
1345 3267 1407 3315 ut
1434 3257 1743 3316 acrimonia
1774 3255 1927 3314 letali
1959 3272 2162 3314 carere
2192 3273 2326 3332 pos-

280 3342 394 3414 sit3
449 3350 546 3400 aut
574 3351 733 3400 certe
764 3342 942 3400 diluis
964 3385 981 3412 ‚
1030 3339 1086 3399 id
1116 3351 1236 3412 est,
1282 3338 1410 3401 aliis
1442 3342 1635 3400 herbis
1668 3338 1966 3400 admisces.
2150 3341 2328 3398 Certo

280 3445 645 3504 compescere
667 3438 909 3504 puncto.
968 3426 996 3454 *
1021 3424 1179 3486 Non
1224 3425 1308 3485 ad
1353 3429 1742 3497 trutinam,
1784 3446 1864 3486 se
1885 3423 1920 3483 d
1965 3422 2051 3483 ad
2097 3434 2324 3483 state-

281 3530 430 3570 ram
488 3512 794 3581 retulit,
853 3530 1035 3591 qnae
1095 3513 1398 3591 punctis
1458 3522 1530 3572 et
1600 3512 1850 3570 unciis
1907 3511 2329 3588 signatum*

288 3598 702 3675 Compescere,
738 3594 790 3655 id
822 3608 916 3656 est
944 3609 1286 3676 temperare.

347 3712 418 3767 Io.
463 3728 495 3765 a
531 3713 723 3766 Ianua:
780 3713 1115 3778 „Vindio-ta,-
1169 3730 1200 3766 a
1234 3714 1442 3764 vindico
1466 3749 1482 3776 ,
1534 3728 1623 3764 cas
1673 3713 1867 3764 dicitnr
1901 3712 2031 3764 baec
2064 3711 2319 3771 vindicta,

350 3790 469 3847 tae,
515 3784 649 3850 quod
697 3782 971 3849 aliqnando
1021 3784 1217 3833 dicitur
1252 3798 1343 3849 pro
1379 3784 1528 3847 virga
1562 3783 1848 3849 praetoris,
1899 3797 1997 3848 qun
2033 3782 2172 3832 servi
2212 3797 2325 3846 per·

345 3852 485 3904 cusai
522 3851 881 3903 liberabantur
916 3858 969 3901 et
1004 3851 1122 3901 inde
1159 3850 1454 3903 libertatem
1483 3852 1837 3917 acquirebant.
1876 3850 1944 3901 Et
1970 3858 2092 3901 tunc
2130 3850 2324 3901 dicitur

348 3935 380 3972 a
416 3921 655 3984 vindico,
714 3921 864 3987 quasi
899 3919 1174 3982 vendicta,
1226 3922 1358 3988 qnod
1398 3921 1637 3971 vendicet
1673 3919 1990 3971 libertatem.
2073 3918 2315 3973 Persian

347 3989 432 4039 An
467 3990 738 4041 dominum
778 3993 1034 4056 igmarus,
1092 3992 1203 4039 nisi
1232 4005 1393 4055 quem
1426 3989 1667 4039 vindicta
1703 3990 1997 4040 munifi

284 4056 308 4108 1
350 4056 540 4109 Eadem
577 4066 701 4109 aunt
734 4059 865 4126 apud
903 4058 1027 4110 isid.
1067 4062 1234 4123 origg.
1271 4057 1337 4118 11,
1374 4058 1463 4119 20,
1515 4058 1742 4127 Papiam,
1780 4057 1853 4111 lo.
1880 4056 2112 4110 alanna.

280 4125 316 4180 2
350 4124 436 4180 m.
473 4128 588 4179 cod.
626 4128 779 4180 Bern.
825 4126 1097 4192 „Gan-it,
1135 4128 1440 4180 aniaeret.“
