2764 4738
69 4161 355 4423 Ρ

918 122 1201 367 ss·

446 436 612 479 axx
864 386 987 521 'Q‘
1088 410 1821 475 PaoLssGoMENA.

444 584 640 649 sinum
686 604 750 645 n.
783 580 956 647 8272
999 605 1131 646 cum
1180 584 1444 647 editione
1488 580 1771 648 Parisina
1810 603 1871 645 a.
1909 578 2075 645 1613
2118 583 2384 659 contuli,
2432 594 2507 647 et

442 705 721 770 maguam
769 696 998 769 partem
1045 685 1377 768 descripsi,
1426 697 1713 762 ceteros,
1761 706 1912 768 quos
1955 696 2140 768 supra
2169 687 2503 749 memoravi

444 789 673 851 maiore
704 788 1018 852 minoreve
1051 808 1195 851 cura
1226 787 1614 871 perlustravi,
1650 797 1712 850 et
1741 788 2164 851 memorabiles
2196 785 2503 851 lectiones

443 890 545 955 vel
574 892 624 953 si
657 890 796 972 quid
828 889 1095 953 additum
1127 890 1333 952 inveni
1366 901 1576 953 notatu
1608 891 1850 974 dignum
1894 890 1957 952 in
2004 887 2242 952 chartas
2287 889 2499 952 retuli.

443 990 778 1057 Praeterea
820 1001 980 1070 tres,
1029 1014 1177 1075 quas
1220 992 1540 1069 recensui,
1592 989 1853 1056 Cornuti
1898 992 2199 1056 editiones
2246 992 2321 1054 ad
2372 1012 2504 1054 ma-

446 1116 585 1158 num
628 1094 829 1157 habui.
889 1093 1001 1157 llis
1047 1095 1131 1157 ita
1163 1113 1306 1157 usus
1337 1115 1467 1158 sum
1489 1139 1507 1170 ,
1557 1104 1624 1156 ut
1652 1095 1705 1158 si
1737 1094 1876 1176 quid
1907 1095 1968 1157 iu
2000 1094 2198 1177 aliqua
2231 1092 2504 1157 editione

445 1216 799 1280 expressum
827 1195 976 1258 vele
1002 1196 1210 1259 codice
1231 1208 1501 1260 notatum
1521 1198 1879 1281 reperirem,
1897 1197 2050 1279 quod
2068 1196 2279 1261 melius
2303 1207 2497 1273 esset,

445 1320 619 1384 quam
652 1298 807 1382 quod
841 1297 1025 1361 editio
1058 1296 1427 1363 Parisiensis
1458 1322 1517 1363 a.
1555 1297 1745 1379 1613,
1793 1319 1969 1381 quam
2002 1319 2110 1383 pro
2142 1299 2501 1362 fundamen-

444 1413 508 1465 to
540 1400 718 1464 habui
741 1448 759 1479 ‚
806 1400 1115 1483 praebuit,
1164 1402 1220 1463 id
1254 1401 1315 1463 in
1348 1411 1580 1464 textum
1614 1403 1976 1487 reciperem.
2039 1395 2261 1465 Varias
2292 1410 2499 1489 autem

443 1503 742 1567 lectiones
774 1513 895 1565 tum
927 1502 1164 1565 demum
1196 1503 1439 1580 addidi,
1488 1502 1589 1565 ubi
1636 1503 1962 1587 disceptari
1991 1514 2200 1587 posset
2231 1504 2304 1566 de
2335 1503 2501 1566 veri-

444 1616 571 1669 tate
613 1604 928 1679 lectionis,
990 1614 1096 1666 aut
1134 1603 1232 1666 ubi
1286 1604 1691 1673 memorabilis
1749 1605 1932 1668 lectio
1991 1606 2214 1669 occulti
2274 1605 2500 1669 ulceris

446 1707 848 1791 suspicionem
882 1706 1174 1788 praebere
1205 1706 1546 1770 videretur.
1587 1705 1750 1769 Nam
1780 1708 1843 1769 in
1876 1708 2172 1771 eiusmodi
2202 1707 2502 1790 scriptore

445 1810 505 1873 id
538 1830 829 1873 summum
863 1807 1005 1871 mihi
1034 1808 1316 1886 videtur,
1364 1818 1432 1870 ut
1477 1818 1684 1871 textus
1729 1819 2262 1893 repraesentetur,
2310 1829 2501 1891 quan-

447 1923 570 1977 tum
616 1911 743 1975 lieri
791 1920 990 1994 potest
1036 1910 1394 1974 emendatus
1441 1921 1504 1973 et
1531 1910 1687 1973 liber
1715 1909 1788 1973 ab
1822 1911 2308 1993 interpolationis
2338 1910 2503 1973 arbi-

445 2014 670 2079 trariae
702 2013 1083 2097 suspicione,
1133 2034 1266 2075 cum
1297 2032 1530 2074 summa
1573 2012 1860 2096 temporis
1904 2022 1968 2076 et
2013 2013 2263 2077 chartae
2307 2012 2503 2097 parsi-

447 2118 673 2181 monia.
770 2113 1142 2198 Quamquam
1203 2124 1403 2176 antem
1462 2114 1526 2177 in
1601 2114 1965 2178 editionibus
2025 2114 2288 2197 antiquis
2348 2113 2502 2177 haee

447 2218 677 2282 scholia
722 2217 900 2279 valde
950 2225 1230 2298 corrupta
1271 2225 1450 2291 sunt,
1498 2236 1716 2297 magna
1760 2227 1964 2280 tamen
2018 2237 2158 2300 pars
2212 2217 2498 2279 vitiorum

446 2321 529 2384 ita
591 2329 939 2404 comparata
997 2330 1131 2396 est,
1193 2327 1259 2380 ut
1317 2316 1599 2382 adhibitis
1657 2318 1847 2383 variis
1906 2319 2269 2384 lectionibus
2328 2329 2501 2383 certo

448 2423 757 2487 emendari
802 2423 1131 2505 potuerint.
1207 2417 1324 2483 Vel
1385 2421 1472 2483 sic
1517 2431 1758 2483 restant
1800 2421 1916 2485 loci
1967 2423 2275 2506 corrupti,
2321 2441 2500 2503 quos,

448 2524 547 2588 nbi
593 2545 714 2587 non
745 2525 946 2588 statim
992 2524 1229 2588 medela
1273 2521 1613 2609 succurrit,
1662 2522 1926 2586 intactos
1970 2522 2207 2606 reliqui.
2286 2520 2380 2586 De
2425 2545 2500 2587 ea

447 2638 648 2690 autem
694 2647 763 2691 re
814 2648 1165 2711 persuasum
1215 2627 1296 2688 sit
1340 2623 1597 2699 lectori,
1645 2625 1791 2688 siin
1822 2624 1928 2688 tali
1961 2625 2097 2689 loco
2130 2624 2276 2689 nihil
2310 2647 2502 2689 anuo-

449 2739 635 2792 tatum
695 2729 1001 2805 inveniet,
1049 2749 1145 2792 me
1208 2727 1356 2790 nihil
1414 2727 1622 2790 variae
1683 2727 1962 2791 lectionis
2023 2729 2369 2813 reperisse,
2437 2739 2508 2792 ut

451 2832 696 2895 omnino
731 2852 852 2894 non
883 2831 1055 2895 omisi
1086 2830 1349 2906 afferre,
1400 2849 1552 2912 quae
1597 2829 1850 2892 alicuius
1892 2851 2006 2893 usu
2053 2848 2196 2894 esse
2235 2830 2503 2916 possint,

374 3001 385 3010 ,
451 2954 645 3017 neque
690 2933 1004 3016 quidquam
1045 2933 1107 2995 in
1151 2931 1263 2996 hac
1296 2932 1563 2995 editione
1595 2931 1754 3012 legi,
1801 2932 1956 3013 quod
2006 2953 2130 2994 uon
2176 2932 2350 2996 codd.
2396 2944 2508 2996 aut

452 3035 627 3100 editt.
652 3035 838 3117 antiq.
862 3036 975 3098 fide
1002 3035 1254 3097 nitatur.
1290 3031 1453 3095 Nam
1486 3032 1542 3095 id
1579 3032 1763 3096 credo
1798 3033 2101 3097 neminem
2127 3034 2508 3118 esseimpro·

451 3137 769 3212 batorum,
817 3137 974 3219 quod
1020 3137 1205 3213 vitia,
1254 3135 1450 3218 qualia
1495 3135 1556 3196 iu
1602 3134 2003 3199 describendo
2049 3136 2260 3200 codice
2302 3136 2506 3200 statim

452 3239 844 3322 corrigimus,
895 3248 961 3301 ut
1003 3236 1448 3323 typothetarum
1501 3245 1704 3301 errata
1739 3237 1900 3300 inter
1938 3237 2297 3321 legendnm,
2355 3240 2508 3302 taci-

455 3351 550 3404 tus
582 3337 923 3403 emendavi.
993 3338 1288 3423 Quamvis
1320 3340 1481 3401 enim
1516 3349 1752 3402 cautum
1785 3338 2060 3402 criticum
2095 3360 2231 3402 esse
2263 3341 2507 3418 deceat,

384 3525 387 3528 .
452 3442 936 3527 superstitiosum
1015 3441 1201 3506 fnisse
1271 3441 1333 3503 in
1410 3441 1706 3504 eiusmodi
1777 3441 2134 3523 praesertim
2209 3442 2514 3525 scriptore

455 3545 636 3630 pudet
678 3554 739 3606 et
781 3545 923 3606 talia
968 3544 1239 3608 indicare
1289 3564 1410 3605 non
1454 3552 1571 3604 tam
1618 3542 1748 3605 eius
1792 3542 2257 3621 esse‘videtur‚
2305 3543 2511 3627 quide

392 3645 403 3704 ’.
454 3648 680 3711 nostris
709 3647 927 3710 litteris
957 3647 1232 3711 modeste
1263 3645 1483 3710 mereri
1512 3646 1752 3723 studet,
1781 3667 1956 3729 qnam
1988 3647 2090 3731 qui
2120 3646 2510 3711 coniectandi

521 3895 699 3947 larii
752 3902 1082 3958 commenta3
1137 3895 1311 3962 Lupus
1361 3898 1520 3948 abbas
1581 3904 1719 3965 (epp.
1771 3898 1880 3950 Clll
1932 3916 1980 3964 p.
2020 3899 2087 3950 98
2114 3897 2183 3958 b).
2256 3895 2511 3946 Donati

526 3970 884 4016 commentum
911 3967 960 4015 in
988 3964 1308 4015 Terentium.
1362 3966 1730 4017 Commeatum
1756 3966 1956 4027 Persii,
1995 3965 2128 4031 quod
2156 3965 2274 4015 olim
2303 3965 2352 4014 in
2382 3965 2511 4014 bibl.

530 4033 759 4090 Sanun.
812 4039 959 4096 erat,
1015 4049 1043 4084 e
1080 4033 1189 4083 eod.
1231 4041 1339 4085 aut.
1381 4044 1628 4088 memorat
1677 4035 1903 4086 Orellius
1956 4052 2037 4102 ep.
2081 4036 2201 4084 crit.
2239 4034 2303 4083 ad
2341 4031 2515 4084 Madv.

529 4120 577 4168 p.
623 4099 770 4154 xlx.
