2764 4738
900 434 1637 497 PROLEGOMENA.
2152 458 2297 501 ccxl

234 622 407 668 saec.
443 600 570 666 xl.
636 603 895 668 Adiecta
924 614 1066 666 sunt
1093 602 1321 667 scholia
1341 648 1362 681 ‚
1410 623 1572 667 nuuc
1600 603 1887 669 breviora
1909 649 1931 682 ‚
1976 625 2138 669 nunc
2167 608 2293 690 ple·

237 707 420 769 niora
465 706 581 781 iis,
643 725 798 788 quae
856 704 968 769 sub
1015 702 1273 769 Cornuti
1323 705 1569 769 nomine
1618 706 2143 770 circumferuntur.
2221 703 2292 772 In

233 808 358 871 {ine
389 806 652 890 legitur:
700 806 892 870 Liber
918 808 1127 869 sancti
1141 806 1590 891 panthaleonis
1619 809 1683 870 in
1722 806 2008 871 Colonia.
2070 805 2290 873 Codex

232 910 573 993 rescriptos
616 918 748 986 est,
795 909 903 974 sed
950 929 1075 972 non
1117 918 1321 994 potest
1364 908 1675 994 dignosci,
1733 910 1872 992 quid
1917 910 2108 996 primo
2152 912 2288 976 loco

233 1010 529 1096 scriptum
577 1011 787 1074 fuerit.

415 1142 576 1208 cod.
628 1167 691 1207 ιι.
737 1142 908 1209 2029
954 1146 1023 1226 (α
1054 1144 1192 1228 2.),
1256 1145 1616 1209 chartaceus
1643 1190 1661 1223 ‚
1732 1146 1925 1210 forma
1974 1146 2288 1229 quadrata,
2327 1154 2437 1208 αἳ.

237 1267 411 1311 saec.
448 1244 602 1325 XV,
648 1247 924 1311 continet
961 1244 1310 1310 Iuvenalem
1344 1257 1409 1310 et
1437 1244 1742 1310 Persium.

411 1362 568 1429 cod.
628 1387 690 1428 n.
749 1360 879 1426 430
925 1362 991 1449 (a
1021 1359 1163 1445 3.),
1247 1363 1644 1443 chartaceus,
1723 1367 1920 1430 forma
1995 1365 2283 1445 maxima,
2325 1370 2434 1422 aa.

234 1466 421 1530 habet
462 1465 740 1532 Persium
786 1487 917 1530 cum
962 1465 1232 1529 scholiis.
1305 1463 1377 1529 In
1425 1467 1543 1530 fine
1587 1464 1789 1530 Persii
1832 1468 2096 1552 legitur:
2158 1516 2174 1532 .
2215 1516 2230 1531 .
2272 1516 2287 1531 .

224 1571 490 1652 persius
542 1570 675 1632 Iste
718 1589 880 1631 anno
919 1565 1311 1632 MCCCC30
1352 1569 1431 1631 In
1484 1567 1713 1637 octavo
1766 1614 1782 1630 .
1836 1615 1852 1631 .
1908 1616 1924 1632 .
1975 1617 1991 1633 .
2032 1593 2155 1656 per
2196 1594 2290 1635 me

234 1670 533 1734 Iacobum
586 1670 895 1735 Mathiam
915 1669 1217 1753 feliciter
1260 1670 1426 1748 Fae,-
1485 1680 1622 1753 post
1662 1670 1931 1737 scholia=
2002 1675 2079 1737 In
2143 1673 2291 1738 Um·-

238 1775 547 1837 versitate
587 1773 915 1859 Lipsiensi
941 1794 990 1857 p
1033 1772 1132 1835 Ia.
1180 1770 1439 1836 Mathia
1475 1816 1490 1831 .
1531 1817 1546 1832 .
1587 1817 1601 1832 .
1640 1774 1965 1839 collectus.

410 1889 570 1957 cod.
617 1890 927 1957 Iuvenalis
972 1902 1035 1954 et
1076 1887 1278 1954 Persii
1333 1889 1829 1955 membranaceus
1887 1913 2053 1957 saec.
2101 1890 2283 1972 xm,
2322 1902 2435 1956 α7.

232 1994 627 2078 negligenter
656 2006 947 2058 exaratus
978 1993 1052 2078 (α
1083 1992 1207 2073 7.).

408 2112 522 2176 His
555 2112 853 2176 accedunt
883 2112 1086 2196 paucis
1118 2110 1266 2175 locis
1296 2132 1401 2175 vv.
1438 2111 1501 2173 ll.
1539 2109 1870 2173 editionum
1900 2107 2157 2173 Mediol.
2193 2133 2252 2174 a.
2289 2116 2514 2168 α4.5.ῦ.

236 2212 410 2279 1476
440 2214 662 2300 (α4.),
699 2212 926 2279 Venct.
962 2236 1023 2276 a.
1062 2210 1228 2276 1482
1257 2216 1329 2295 (α
1348 2211 1476 2294 5.),
1509 2209 1737 2277 Venet.
1772 2231 1832 2273 a.
1871 2208 2036 2275 1484
2066 2212 2140 2297 (α
2158 2209 2288 2293 6.),

233 2338 386 2402 quas
432 2315 715 2381 omittere
761 2317 950 2381 satius
996 2314 1130 2379 ruit.
1201 2313 1319 2383 Ubi
1349 2336 1561 2381 omnes
1593 2315 2023 2395 consentiunt,
2072 2325 2215 2378 nota
2246 2339 2289 2380 α

230 2439 383 2483 usus
416 2439 574 2482 sum.

411 2533 571 2600 Cod.
618 2535 955 2600 Bodleiani
990 2536 1098 2621 (β)
1144 2558 1250 2600 vv.
1294 2535 1360 2599 ll.
1398 2545 1650 2600 exstant
1676 2536 1840 2599 inter
1868 2534 2027 2599 Mss.
2068 2530 2290 2599 Sante·
2323 2539 2380 2602 β·
2513 2525 2516 2529 ’

233 2640 421 2703 niana
452 2643 553 2719 (n.
593 2635 744 2722 116)
784 2638 845 2700 in
886 2637 1247 2702 bibliotheca
1292 2635 1706 2701 Berolinensi.
1776 2635 1872 2700 De
1915 2657 1990 2701 eo
2022 2635 2107 2698 ibi
2138 2635 2289 2700 haec

232 2742 458 2805 tradita
503 2750 681 2803 sunt:
751 2736 1027 2817 „Codex
1071 2738 1443 2803 Bodleianus
1497 2760 1631 2802 cum
1691 2739 1911 2821 glossis
1969 2738 2290 2801 luculentis

230 2854 380 2907 ante
412 2863 612 2905 annos
642 2837 770 2905 500
796 2842 872 2903 ad
904 2841 1211 2903 minimum
1242 2841 1540 2925 scriptus,
1568 2840 2016 2924 exemplariqne
2047 2836 2290 2903 Boethii

234 2945 309 3008 de
354 2942 776 3006 consolatione
820 2941 1231 3026 philosophiae
1293 2961 1615 3018 annexus,
1662 2941 1727 3004 in
1786 2942 1953 3004 cuius
2009 2939 2288 3003 umbilico

231 3045 385 3109 haec
425 3045 789 3124 legebantur
809 3070 826 3104 ε
873 3042 1059 3106 Hunc
1104 3042 1244 3106 eod.
1294 3041 1466 3106 dedit
1507 3042 1848 3126 Leofiicus
1890 3043 2082 3126 episc.
2131 3042 2284 3104 eccl.

231 3148 428 3213 Beati
464 3143 652 3210 Petri
686 3144 921 3229 Apost.
969 3145 1037 3207 iu
1079 3142 1345 3211 Emonia
1388 3143 1478 3207 ad
1501 3145 1832 3208 utilitatem
1861 3161 2288 3206 successorum

230 3268 512 3311 suorum.
593 3246 673 3311 Se·
724 3248 866 3332 quis
920 3246 1098 3309 illum
1154 3247 1332 3309 illinc
1375 3245 1709 3309 abstulerit
1728 3291 1747 3320 ,
1806 3254 2103 3308 aeternae
2144 3243 2289 3306 sub-

236 3350 441 3413 iaceat
483 3348 930 3412 maledictioni.
993 3347 1188 3411 Fiat!
1211 3346 1392 3432 fiat!
1414 3346 1654 3432 fiat!“
1732 3346 1832 3410 Ad
1865 3366 2039 3428 quam
2072 3345 2286 3409 editio-

236 3470 372 3514 nem
403 3451 661 3514 collatus
690 3451 809 3527 sit,
857 3470 980 3512 non
1029 3459 1127 3512 est
1171 3459 1468 3512 notatum.
1528 3445 1654 3512 Vv.
1688 3446 1753 3510 ll.
1788 3447 1932 3510 mibi
1963 3447 2288 3510 transscri-

236 3552 467 3616 bendas
513 3551 755 3616 curavit
810 3560 1079 3635 prompta
1151 3547 1274 3612 Ad.
1344 3548 2078 3631 Trendelenburgii
2138 3549 2289 3611 meis

238 3653 449 3717 studiis
480 3653 941 3734 rationibusque
973 3651 1346 3716 inserviendi
1388 3653 1693 3715 voluntas.

404 3769 564 3836 Cod.
605 3769 924 3834 Galeanus
953 3769 1093 3854 (y),
1139 3771 1303 3834 inter
1339 3780 1529 3834 mstos
1575 3767 1885 3834 Galeanos
1929 3766 1992 3832 in
2025 3768 2172 3832 bibl.
2210 3766 2280 3834 S.
2321 3798 2367 3844 γ.

243 3870 562 3937 Trinitatis
593 3871 829 3955 collegii
865 3868 1389 3955 Cantabrigiensis
1411 3918 1429 3950 ,
1472 3871 1531 3935 in
1566 3872 1743 3935 catal.
1779 3868 1933 3934 Mss.
1969 3868 2030 3933 in
2064 3870 2289 3953 Anglia

244 3984 303 4036 et
339 3972 636 4038 Hibernia
682 3996 745 4036 n.
792 3971 987 4049 6124,
1031 3969 1160 4038 290
1202 3973 1326 4036 vol.
1375 3970 1460 4051 ΙΙ,
1509 3994 1568 4056 p.
1608 3971 1669 4050 1,
1715 3973 1867 4036 mira
1900 3984 2032 4037 arte
2062 3975 2125 4036 in
2159 3975 2286 4057 pul·

245 4075 554 4140 cherrimis
598 4075 964 4140 membranis
1008 4076 1307 4160 scriptus3
1356 4074 1847 4140 commemoravit
1892 4095 2027 4138 eum
2059 4075 2287 4157 aliquo·

1784 4178 1869 4235 οὺ
