2764 4738
488 409 620 483 326
991 414 1258 478 scnoL.
1287 416 1396 478 AD
1427 415 1596 478 sAT.
1626 416 1702 491 V,
1731 418 2033 480 48—52.

660 589 766 650 48.
812 588 1011 649 Parca
1068 597 1252 649 tenax
1301 588 1465 661 veri,
1523 584 1582 648 id
1639 597 1764 662 est,
1817 588 1992 648 fatum
2035 582 2408 660 immutabile3
2465 595 2528 646 nt

485 671 761 753 Virgilius
789 678 842 734 ¹:

737 759 955 818 Desine
969 756 1116 838 sata
1160 759 1328 818 deum
1337 758 1525 840 flecti·
1543 777 1795 838 sperare
1823 757 2149 838 precando.

485 845 609 903 Seu
635 844 1085 921 natafidelibus
1115 845 1284 904 hora.
1331 844 1478 917 Quia
1516 854 1729 903 tantum
1769 853 2007 924 possunt
2043 842 2302 914 Gemini,
2347 860 2524 922 quan-

485 938 601 989 tum
630 939 823 1009 potest
850 940 911 989 et
937 929 1123 990 Libra
1153 930 1595 989 mathematicisz
1640 929 1797 1009 Ergo
1839 929 1970 1009 quia
2012 938 2111 988 aut
2139 930 2195 988 in
2222 926 2396 987 Libra
2425 945 2524 986 su-

484 1033 608 1074 mus
638 1015 788 1085 nati,
833 1024 931 1073 aut
970 1016 1028 1074 in
1074 1016 1240 1093 signo
1286 1013 1684 1087 Geminorum,
1726 1016 1926 1075 merito
1957 1011 2305 1074 concordant
2333 1031 2523 1071 mores

488 1109 547 1159 et
574 1099 761 1158 animi.
823 1098 940 1158 Sub
978 1101 1233 1159 Gemitus
1263 1101 1411 1161 enim
1441 1102 1557 1160 nati
1586 1102 1644 1160 in
1673 1100 1931 1160 amicitiis
1960 1109 2327 1180 permanent,
2372 1108 2434 1157 ut
2461 1106 2526 1157 et

483 1185 594 1264 ipsi
654 1182 1084 1245 concordissimi
1139 1185 1350 1245 fratres
1410 1196 1558 1246 sunt.
1728 1187 1852 1245 Seu
1893 1195 2040 1244 nata
2069 1184 2361 1263 fidelibus
2383 1227 2401 1254 ‚
2450 1179 2524 1241 ad

483 1268 844 1349 generandos
902 1267 1099 1330 fideles
1156 1271 1308 1330 iuter
1350 1289 1453 1344 se,
1508 1268 1655 1351 quod
1707 1270 2013 1331 verisimile
2051 1280 2143 1330 est
2183 1270 2238 1328 in
2282 1268 2523 1348 geminis

484 1357 771 1426 existere,
804 1356 934 1436 quia
963 1376 1130 1415 unum
1161 1374 1237 1415 ex
1264 1353 1481 1417 duobus
1512 1376 1719 1437 corpus
1750 1356 1859 1418 lioc
1888 1358 2104 1435 signum
2135 1366 2250 1417 est.
2307 1352 2369 1414 Id
2396 1363 2519 1414 est:

483 1441 540 1500 iu
583 1441 803 1519 signum
849 1440 1206 1502 Geminorum
1263 1441 1380 1501 fata
1432 1452 1633 1504 nostra
1673 1439 1902 1514 dividit,
1959 1439 2015 1501 id
2057 1452 2179 1513 est,
2222 1435 2521 1499 dividendo

482 1527 790 1605 coniungit.
875 1525 1199 1587 *Sensus
1242 1527 1327 1586 ab
1372 1526 1689 1587 Horatio
1723 1532 1749 1567 2
1777 1537 2104 1587 tractus:

737 1613 887 1671 Seu
928 1613 1208 1686 Libra,
1251 1631 1389 1672 seu
1430 1633 1532 1672 me
1566 1614 1922 1692 scorpius
1966 1612 2267 1691 aspicit

737 1699 1342 1758 Formidolosus.
1372 1703 1402 1737 ⁴¹

652 1803 754 1863 50.
797 1802 1241 1880 Saturnumque
1264 1820 1534 1878 gravem.
1582 1799 1817 1860 Stellam
1856 1797 2086 1858 Saturni
2115 1817 2346 1877 gravem
2377 1816 2518 1877 prae

479 1887 694 1946 ceteris
739 1886 921 1946 stellis
965 1884 1137 1957 dicit,
1192 1887 1482 1946 meliorem
1540 1886 1691 1947 lovis
1742 1885 1964 1945 stellam
2006 1895 2299 1945 memorat.
2370 1883 2518 1943 Nam

478 1971 647 2032 stella
692 1970 920 2032 Saturni
965 1972 1224 2032 malefica
1262 1983 1353 2032 est
1392 1972 1537 2044 illis,
1582 1992 1815 2053 quorum
1847 1970 2088 2031 natalem
2119 1968 2265 2030 diem
2296 1970 2518 2049 aspicit,

477 2055 628 2116 Iovis
671 2057 966 2129 benefica,
1011 2077 1156 2138 quae
1199 2078 1325 2118 cnm
1367 2056 1712 2130 radiaverit,
1762 2056 1991 2116 Saturni
2036 2066 2246 2115 astrum
2276 2056 2514 2133 frangit.

476 2142 552 2201 Et
582 2143 688 2201 hoc
718 2140 887 2203 dicit:
921 2142 983 2202 Si
1014 2141 1144 2225 quid
1176 2155 1334 2215 erat,
1367 2141 1514 2225 quod
1545 2144 1744 2203 malum
1775 2144 2071 2222 geniturae
2102 2161 2266 2202 meae
2297 2143 2519 2220 signum

479 2222 708 2287 Saturni
748 2229 1024 2301 inferret,
1065 2231 1450 2309 prosperitate
1491 2229 1696 2289 stellae
1737 2228 1884 2289 Iovis
1914 2238 2006 2287 est
2035 2225 2343 2306 depulsum.

474 2314 802 2373 Saturnum
827 2333 1115 2393 gravem,
1164 2317 1255 2396 qui
1295 2325 1389 2376 est
1428 2315 1619 2394 gravis
1651 2315 1707 2375 in
1736 2315 1939 2393 genesi
1984 2314 2315 2394 utriusque,
2361 2312 2520 2371 fran-

475 2400 658 2478 gimus
700 2411 903 2460 nostro
944 2402 1123 2472 Iove,
1170 2403 1300 2481 quia
1342 2403 1489 2460 mitis
1521 2411 1641 2473 est,
1688 2410 1785 2460 aut
1820 2409 2024 2459 nostro
2064 2401 2240 2473 Iove,
2285 2398 2516 2458 favente

473 2483 788 2544 hominibus
829 2496 887 2544 et
930 2497 1299 2546 succurrente
1344 2485 1620 2547 adversus
1665 2504 1896 2565 gravem
1938 2483 2273 2557 Saturnum,
2314 2493 2377 2544 ut
2404 2503 2518 2543 nou

474 2570 624 2629 sinat
653 2568 862 2630 obesse
897 2569 1222 2630 Saturnum.

648 2659 750 2717 51.
802 2656 972 2731 Quod
997 2675 1084 2715 me
1116 2657 1230 2715 tibi
1255 2665 1552 2736 temperat
1574 2665 1800 2716 astrum
1820 2698 1838 2728 ‚
1873 2655 2197 2733 coniungit,
2219 2653 2515 2735 aequalem

474 2740 630 2800 facit.
691 2740 812 2800 Hoc
843 2738 1014 2802 dicit:
1062 2740 1195 2801 Sive
1228 2740 1330 2800 sub
1362 2740 1576 2813 Libra,
1619 2742 1740 2802 sive
1772 2740 1875 2800 sub
1907 2739 2157 2800 Geminis
2188 2750 2385 2800 nostra
2414 2759 2518 2798 na-

470 2827 661 2885 tivitas
706 2846 817 2885 uno
863 2836 1023 2885 astro
1054 2827 1293 2887 lustrata
1325 2836 1454 2900 est,
1506 2825 1681 2887 credo
1711 2837 1896 2887 tamen
1928 2825 2153 2906 aliquod
2182 2836 2392 2885 astrum
2422 2844 2516 2885 me

471 2910 576 2970 tibi
606 2909 983 2972 concordare.

639 3001 740 3059 52.
787 2997 962 3056 Mille
1005 2998 1297 3057 hominum
1339 2999 1587 3077 speeies.
1661 2996 1871 3058 Varios
1924 2995 2181 3055 homines
2226 2996 2513 3075 exprimit,

469 3090 533 3142 et
574 3083 734 3162 quasi
774 3082 1175 3162 reprehendit,
1222 3093 1283 3143 et
1322 3094 1385 3143 ut
1429 3083 1616 3142 vultus
1663 3102 1795 3143 esse
1840 3080 2178 3153 dissimiles,
2222 3082 2304 3140 ita
2345 3090 2510 3140 actus

470 3164 731 3228 diversos
763 3187 897 3227 esse
930 3178 1236 3240 monstrat,
1279 3173 1401 3228 *ut
1447 3168 1807 3227 Horatius
1839 3172 1897 3226 ⁸2

755 3262 936 3331 quot
977 3256 1314 3333 capitum
1361 3255 1675 3326 vivunt,
1722 3254 2033 3313 totidem
2073 3252 2511 3311 studiorum

639 3337 893 3397 Milia.

467 3421 558 3482 Et
599 3422 1015 3483 Terentius
1048 3425 1110 3482 *ι

644 3509 842 3585 Quot
877 3510 1186 3587 capita,
1247 3517 1366 3568 tot
1399 3517 1661 3569 senten
1681 3511 1903 3568 tiam*

467 3591 588 3653 Hoc
629 3590 801 3654 dicit:
863 3593 1002 3654 Cum
1044 3596 1236 3654 variae
1285 3594 1564 3653 hominum
1608 3594 1926 3654 voluntates
1973 3594 2118 3664 sint,
2177 3601 2238 3651 et
2279 3588 2510 3650 diversa

465 3679 791 3760 proposita,
821 3682 1086 3760 optimum
1117 3691 1208 3740 est
1236 3698 1341 3753 ea,
1372 3699 1518 3761 quae
1550 3678 1790 3739 imbutus
1819 3679 2038 3752 hortor,
2076 3678 2245 3740 etiam
2276 3687 2510 3737 ceteros

469 3898 495 3952 1
534 3896 684 3964 Virg.
718 3898 851 3951 Aen.
887 3897 977 3963 Vl,
1019 3898 1140 3951 37⁶.

465 3971 500 4023 2
538 3967 661 4020 lior.
700 3983 856 4020 carm.
899 3967 962 4031 ΙΙ,
1004 3968 1089 4030 17,
1132 3966 1195 4020 17
1223 3982 1301 4035 sq.

466 4037 498 4090 3
536 4036 655 4087 Hor.
697 4044 799 4090 sat.
839 4035 903 4101 11,
945 4037 995 4101 1,
1032 4035 1101 4088 2⁷
1125 4052 1206 4104 sq.

466 4107 498 4159 4
534 4104 751 4159 Terent.
789 4106 993 4160 Phorm.
1028 4104 1096 4171 11,
1135 4106 1187 4170 4,
1228 4104 1312 4165 1⁴,
1349 4104 1471 4159 ubiz
1511 4105 1652 4173 Quot
1684 4105 1953 4169 homines,
1992 4107 2084 4155 tot
2114 4104 2435 4153 montiae.
