2764 4738
565 402 695 470 204
1246 406 1414 467 SAT.
1445 408 1518 479 V,
1565 413 1784 472 140-
1805 410 1946 469 149.

577 576 735 641 102:
799 577 965 655 „Ego
994 597 1097 635 vos
1129 580 1184 635 in
1216 575 1354 636 duas
1387 579 1495 635 iam
1525 577 1706 654 pelles
1746 579 2076 648 coniiciam,
2105 577 2425 656 vinctosque
2453 572 2567 635 loris

572 665 723 721 inter
749 665 1087 723 vestimenta
1118 682 1221 740 pro
1253 665 1492 721 sarcinis
1524 662 1810 731 habebo,“
1842 665 1921 722 ih.
1943 665 2168 740 intpp.),
2214 672 2277 720 et
2314 663 2568 739 oenopho-

573 767 739 818 rum,
784 768 946 826 quem
994 752 1145 806 servi
1191 750 1359 807 etiam
1405 746 1550 826 apud
1597 747 1793 805 Horat.
1849 759 1956 808 sat.
2000 748 2044 817 1,
2091 751 2150 818 6,
2200 750 2317 809 109
2357 756 2570 825 portant.

581 835 757 893 Ocius
787 835 871 891 od
907 837 1152 891 navem!
1195 834 1425 892 clamas.
1484 834 1659 891 Nihil
1688 832 1918 904 obstat,
1953 835 2093 911 quin
2127 832 2297 891 trabe
2320 834 2357 890 i.
2387 851 2435 890 e.
2463 833 2572 888 navi

577 919 741 989 (flor.
775 938 947 977 carm.
981 918 1024 988 1,
1062 925 1116 989 1,
1152 923 1249 980 13.
1282 918 1399 978 luv.
1431 917 1588 987 xlv,
1619 922 1766 989 276)
1815 929 1981 977 vasta
2028 922 2332 994 Aegaeum
2371 919 2574 994 rapias,

578 1015 639 1062 ut
666 1023 869 1082 rapere
901 1024 1154 1081 campum
1187 1002 1357 1075 (Stat.
1392 1002 1534 1063 Silv.
1567 1004 1642 1073 V,
1674 1007 1770 1075 3),
1814 1006 1939 1061 nisi
1977 1005 2220 1063 luxuria
2265 1004 2461 1060 sollers
2495 1020 2576 1058 se-

577 1090 810 1147 ductum
854 1088 948 1159 (11,
978 1092 1048 1166 4)
1095 1100 1358 1149 moneat.-
1424 1091 1549 1165 Quo
1591 1089 1798 1147 deinde
1837 1091 2041 1148 insum
2080 1089 2258 1146 ruis?
2323 1088 2395 1146 cf.
2435 1086 2578 1164 Virg.

575 1173 723 1232 Aen.
770 1173 842 1243 V,
885 1179 1043 1236 741:
1092 1174 1214 1246 Quo
1261 1172 1463 1233 deinde
1510 1176 1665 1232 ruis?
1722 1172 2015 1234 Claudiae.
2062 1175 2117 1232 in
2161 1172 2581 1241 Rufiu.1,196:

578 1259 703 1331 Quo
748 1279 958 1319 vesane
1003 1261 1159 1318 ruis?
1203 1258 1372 1338 Prop.
1404 1259 1731 1339 v[1V],·1‚
1763 1264 1877 1321 71:
1924 1260 2049 1332 Quo
2093 1260 2210 1316 ruis
2253 1256 2585 1336 imprudens?

580 1346 801 1403 Deinde
831 1344 1269 1422 indignationem
1300 1356 1361 1403 et
1390 1345 1798 1404 vehementiam
1831 1345 2114 1423 exprimit,
2157 1342 2424 1403 cf.fland.
2454 1343 2588 1400 an-

579 1430 705 1489 zell.
739 1430 789 1489 11
821 1450 878 1508 p.
913 1436 1057 1493 247.
1111 1432 1265 1507 Quid
1301 1430 1416 1489 tibi
1453 1433 1592 1490 vis?
1630 1432 2003 1509 vituperantis
2052 1440 2178 1500 est,
2222 1451 2277 1489 v.
2310 1427 2490 1488 Heind.
2521 1425 2587 1486 ad

580 1515 716 1574 Hor.
764 1527 872 1574 sat.
919 1516 962 1586 Ι,
1006 1522 1067 1587 2,
1114 1520 1214 1579 69.
1297 1518 1506 1575 Calido
1550 1515 1662 1575 sub
1701 1527 1939 1592 pectore
1994 1518 2274 1575 intumuit
2322 1516 2588 1585 mascula,

580 1601 833 1671 robusta,
866 1603 999 1659 biles
1028 1603 1083 1660 h.
1117 1623 1169 1660 e.
1203 1603 1452 1672 insanis,
1485 1622 1610 1661 nam
1641 1602 1768 1659 hilis
1805 1603 2060 1660 insaniae
2093 1621 2269 1660 causa
2302 1601 2593 1660 habebatur

582 1687 689 1764 (cf.
726 1685 860 1745 Sen.
893 1707 1021 1765 epp.
1053 1684 1259 1756 XCIV,
1297 1693 1406 1749 17:
1459 1687 1596 1746 Bilis
1628 1688 1790 1763 nigra
1813 1685 2064 1746 curanda
2094 1697 2187 1745 est
2218 1697 2278 1745 et
2307 1689 2422 1764 ipsa
2450 1687 2594 1743 iuro-

581 1773 661 1830 rie
693 1791 866 1829 cansa
896 1771 1299 1843 removenda),
1341 1793 1504 1852 quam
1537 1774 1757 1832 curavit
1786 1774 1978 1831 cicuta
1999 1817 2018 1843 ,
2066 1791 2211 1850 quae
2244 1774 2406 1830 nimio
2435 1772 2594 1831 calori

584 1867 863 1934 temperat
907 1857 1074 1937 (Plin.
1120 1858 1308 1928 XXV,
1345 1863 1443 1929 13,
1476 1862 1558 1920 95
1602 1859 1674 1916 cl.
1708 1857 1901 1916 Horat.
1935 1879 2062 1935 epp.
2099 1856 2166 1927 Il,
2200 1862 2261 1926 2,
2296 1860 2419 1934 53).
2485 1857 2601 1915 Tibi

586 1953 742 2001 torta
774 1942 1037 2001 cannabe
1056 1988 1078 2014 ‚
1112 1943 1471 2015 rudentibus,
1487 1942 1657 2022 sulco
1687 1943 1776 2021 (ut
1805 1954 1930 2001 toro
1964 1944 2132 2001 fultus
2164 1942 2394 2012 Iuv.111,
2423 1947 2500 2003 82
2528 1941 2596 1998 εἴ.

583 2026 763 2086 Plaut.
796 2027 975 2087 Stich.
1008 2028 1050 2096 1.
1082 2033 1142 2100 2,
1175 2029 1286 2106 37)
1334 2048 1514 2088 coena
1557 2031 1641 2088 sit
1680 2032 1739 2086 in
1774 2035 2082 2087 transtro?
2125 2028 2434 2097 Transtra,
2464 2038 2597 2085 teste

584 2113 787 2179 Festo,
832 2125 891 2172 et
922 2115 1144 2173 tabulae
1178 2117 1398 2173 navium
1429 2113 1761 2173 dicebantur
1789 2125 1850 2171 et
1882 2115 2034 2189 tigna
2054 2156 2070 2180 ,
2118 2133 2266 2192 quae
2298 2134 2372 2171 ex
2402 2114 2600 2191 pariete

586 2200 638 2256 in
672 2200 943 2277 parietem
976 2201 1368 2277 porriguntur3
1418 2200 1559 2258 haec
1592 2200 1647 2257 h.
1682 2199 1718 2256 l.
1749 2198 2146 2276 intelligenda,
2189 2211 2251 2257 ut
2281 2200 2442 2276 Virg.
2469 2198 2602 2256 Aen.

585 2283 682 2354 IV,
718 2288 870 2345 573:
905 2284 1191 2343 Considite
1223 2286 1507 2343 transtris·
1561 2284 1723 2343 Obba
1755 2281 2030 2361 (v.llgen.
2067 2286 2291 2342 animm.
2324 2286 2381 2342 in
2412 2285 2603 2360 Copam

586 2391 641 2448 p.
674 2369 813 2447 31),
861 2381 922 2428 ut
962 2369 1115 2431 Non.
1150 2372 1200 2430 11
1230 2392 1277 2430 s·
1309 2393 1363 2430 v.
1410 2371 1554 2430 obba
1598 2369 1763 2441 dicit,
1816 2371 2003 2447 poculi
2033 2390 2213 2447 genus
2247 2369 2526 2447 (Cassiod.
2558 2391 2604 2446 p.

585 2459 751 2517 2304
787 2454 852 2513 Ρ.
887 2455 1075 2527 obba,
1108 2453 1418 2537 ποτήριον)
1449 2467 1606 2527 erat,
1639 2467 1699 2514 ut
1730 2455 1871 2514 idem
1903 2456 2084 2514 refert
2114 2455 2251 2531 (xu
2272 2476 2394 2514 sm.
2425 2457 2603 2523 obba),

584 2540 676 2599 vel
709 2542 951 2618 ligneum
983 2543 1073 2600 vel
1104 2561 1177 2599 ex
1208 2553 1422 2619 sparto.
1485 2540 1803 2601 Secundum
1847 2540 2139 2599 Philoxeni
2171 2541 2355 2618 gloss.
2404 2541 2606 2611 (Obba,

586 2619 767 2702 ἄμβιξ
784 2670 805 2697 ,
852 2623 914 2683 ἐν
954 2620 1003 2704 ᾦ
1038 2623 1164 2695 τοῖς
1190 2624 1428 2707 νεκροῖς
1470 2624 1853 2705 σπένδουσιν)
1887 2626 2186 2685 utebantur
2214 2646 2286 2685 ea
2317 2628 2373 2685 in
2408 2627 2609 2685 silicer-

585 2712 713 2780 niis,
745 2731 977 2789 quocum
1010 2712 1682 2771 consentitTertullianus
1717 2712 1975 2790 (apolog.
2017 2714 2154 2789 13):
2200 2711 2396 2783 „Quid
2427 2711 2491 2771 ad
2521 2712 2611 2788 hp·

587 2794 871 2855 norandos
903 2796 1041 2855 deos
1074 2798 1296 2868 facitis,
1337 2796 1486 2876 quod
1517 2817 1624 2855 non
1658 2800 1822 2855 etiam
1856 2799 2088 2855 mortuis
2117 2800 2332 2854 vestris
2364 2798 2611 2856 confere⁴

588 2882 920 2962 tisT-quo
952 2881 1138 2941 differt
1168 2883 1237 2940 ah
1270 2884 1437 2960 epulo
1469 2883 1617 2942 lovis
1650 2883 2034 2941 silicernium?
2059 2903 2094 2939 a
2125 2883 2366 2960 simpulo
2399 2883 2608 2941 οΜιιῗ·6

589 2966 702 3026 Iam
745 2988 885 3026 vero
930 2968 1077 3046 quod
1108 2963 1290 3045 ἄμβιξ
1321 2967 1555 3038 dicitur,
1601 2967 1809 3026 Plinius
1844 2968 2056 3040 (XXX,
2086 2973 2147 3035 8,
2179 2968 2290 3045 41)
2322 2988 2358 3027 e
2389 2968 2613 3027 Diosco-

589 3050 712 3110 ride
743 3063 972 3112 vertens
1005 3054 1105 3133 (V,
1144 3056 1291 3129 110)
1324 3048 1554 3130 ἅμβικα
1582 3055 1866 3127 expressit
1895 3072 2001 3131 per
2028 3053 2270 3112 calicem
2292 3097 2311 3123 ,
2360 3064 2421 3112 et
2450 3053 2613 3112 Athe-

589 3157 765 3197 naeus
814 3138 923 3216 (xl
951 3159 1005 3215 p.
1039 3143 1162 3201 480
1196 3138 1295 3215 D.)
1338 3137 1478 3196 dicit
1521 3137 1886 3216 φοξίχειλος·
1950 3134 1989 3211 ἡ
2036 3136 2118 3206 εἰς
2157 3132 2264 3207 &gv
2305 3133 2610 3215 ἀνηγμένη,

592 3218 713 3281 οἶοί
741 3221 892 3281 εἰσιν
924 3224 982 3281 οἱ
1011 3218 1261 3300 ἄμβικες
1303 3219 1656 3300 καλούμενοι
1686 3223 1785 3301 (cl.
1818 3222 1898 3281 IV
1929 3245 1982 3302 p.
2021 3227 2138 3284 152
2173 3222 2288 3299 C.).
2337 3222 2478 3281 Hinc
2504 3241 2615 3281 ses-

589 3308 723 3366 silis
750 3318 1019 3379 vocatur,
1064 3310 1195 3387 quia
1226 3308 1429 3366 latiore
1463 3305 1634 3366 fundo
1664 3308 1966 3377 instructa,
2009 3308 2153 3366 hene
2186 3305 2390 3376 sedet,
2421 3318 2482 3367 ut
2509 3308 2617 3385 pira

592 3393 786 3451 similia
820 3394 1035 3452 formae
1066 3414 1099 3451 a
1133 3392 1310 3451 Plinio
1344 3393 1497 3465 (XV,
1537 3398 1632 3464 15,
1671 3397 1774 3469 16)
1806 3394 2030 3452 sessilia
2062 3393 2400 3470 apellantur.
2458 3391 2616 3453 Cete-

592 3497 713 3537 rum
746 3478 958 3537 Gellius
992 3478 1176 3557 (XVI,
1208 3482 1273 3557 7)
1304 3479 1487 3538 obbae
1522 3479 1851 3536 vocabulum
1884 3480 2034 3537 inter
2063 3498 2133 3536 ea
2165 3489 2460 3550 numerat,
2490 3495 2617 3557 qnae

592 3563 870 3623 Laberius
888 3564 1145 3623 obsoleta
1163 3576 1224 3622 et
1238 3564 1575 3622 maculantia
1591 3583 1664 3622 ex
1694 3562 2010 3622 sordidiore
2040 3564 2191 3639 vulgi
2221 3583 2328 3621 usu
2361 3554 2619 3641 phsueiit.

593 3649 679 3708 Ea
723 3650 975 3707 exhalat
1017 3652 1435 3721 Veientanum,
1489 3650 1814 3707 vilissimum
1846 3651 2032 3707 vinum
2066 3648 2292 3727 (Horat.
2327 3659 2438 3707 sat.
2472 3646 2537 3715 ll,
2565 3650 2619 3714 ³,

599 3739 739 3795 143.
780 3734 948 3792 Mart.
997 3734 1064 3804 Π,
1111 3740 1212 3804 53,
1258 3740 1319 3795 4.
1360 3733 1454 3804 111,
1500 3736 1642 3804 49),
1713 3735 2003 3793 rubellum
2055 3755 2087 3791 a
2134 3734 2332 3792 colore
2378 3743 2620 3792 vocatum

595 3820 767 3895 (Plin.
801 3817 954 3888 XIV,
986 3824 1046 3889 2,
1076 3826 1136 3883 4.
1183 3820 1361 3879 Marc.
1405 3820 1618 3897 Empir.
1649 3824 1792 3890 29),
1841 3831 1901 3877 ut
1934 3822 2316 3879 Veientanum
2347 3819 2618 3879 rubellum

597 3906 765 3963 etiam
797 3903 943 3982 apud
964 3904 1278 3964 Martialem
1296 3903 1371 3985 (1,
1397 3910 1533 3975 103,
1554 3906 1643 3982 9),
1677 3907 1918 3983 vapida,
1954 3907 2061 3962 iam
2078 3915 2348 3982 corrupta
2367 3916 2449 3977 (v.
2475 3908 2623 3970 1¹5).

587 3993 727 4069 pice
742 3992 983 4059 laesum,
1012 3991 1299 4058 infectum,
1331 4011 1443 4070 qua
1472 3989 1543 4048 ad
1573 3989 1908 4049 servandum
1939 3994 2123 4048 vinum
2142 3991 2451 4048 utebantur
2473 3988 2619 4061 (Plin.

595 4075 751 4147 xlv,
793 4079 896 4146 21,
940 4080 1068 4151 27).
1149 4076 1306 4154 Quid
1337 4077 1492 4156 petis
1510 4119 1533 4148 ,
1581 4086 1649 4135 ut
1685 4078 1939 4147 nummi,
2000 4095 2142 4154 quos
2189 4077 2288 4135 laic
2334 4077 2622 4136 nutrieras
