2764 4738
892 403 1071 483 ἐιη
1102 422 1195 494 ιιι,
1227 427 1498 487 76-80.
2105 420 2227 488 159

196 590 514 669 plicissimis
544 591 685 651 cibis
715 593 1191 680 annumerabatur
1217 595 1319 667 (cf.
1352 594 1470 653 Iuv.
1510 593 1610 665 XI,
1640 597 1722 656 82
1746 613 1867 674 sqq.
1897 592 2056 655 Ovid.
2087 595 2225 655 Met.

195 676 355 743 vlu,
397 681 513 739 647
553 683 703 757 sqq.)
760 680 1021 751 Maena,
1068 681 1241 758 piscis
1299 682 1548 739 marinus
1617 678 1785 753 (Ptin.
1833 680 1928 751 IX,
1974 685 2077 752 26,
2121 686 2224 742 42.

191 761 436 830 XXXII,
470 767 564 832 11,
594 767 737 836 53),
798 766 957 842 parvi
996 766 1325 824 aestimatus
1373 765 1518 839 (Cic.
1575 763 1646 823 de
1691 765 1822 823 finn.
1855 764 1925 835 II,
1964 769 2067 837 28,
2123 769 2225 828 91.

187 846 371 906 Mart.
400 847 521 918 XII,
551 852 656 919 32,
675 855 816 921 015),
840 870 955 908 non
987 849 1208 929 defecit
1227 853 1425 928 prima
1456 869 1620 921 orca,
1653 849 1802 929 quod
1833 851 2051 928 copiam
2085 849 2227 909 indi·

187 942 309 991 cat.
367 934 512 992 Orco
558 932 628 991 ad
672 936 862 992 varias
903 954 999 994 res
1046 933 1369 995 condendas
1417 937 1471 995 in
1498 956 1601 995 usu
1648 945 1774 994 erat
1819 935 1996 1006 (Fest.
2032 955 2081 995 s.
2124 941 2226 1008 ιη),

188 1037 249 1076 e.
281 1037 348 1095 g.
378 1020 600 1077 muriam
634 1020 794 1090 (Hor.
828 1031 939 1079 sat.
973 1020 1041 1091 11,
1072 1027 1133 1091 4,
1173 1025 1316 1092 66),
1348 1022 1488 1080 ficos
1520 1021 1760 1094 (Colum.
1790 1020 1917 1091 XII,
1953 1026 2053 1093 15)
2082 1033 2220 1080 cett.

190 1101 472 1161 Graecum
500 1117 592 1162 est
630 1100 784 1184 ὑρχή
805 1148 823 1175 ,
871 1104 942 1164 de
974 1126 1083 1184 qua
1111 1108 1437 1166 testimonia
1481 1107 1711 1184 collegit
1752 1106 2011 1165 Panofka
2044 1107 2224 1182 (rech.

189 1206 295 1246 sur
325 1188 409 1247 les
435 1189 555 1247 ver.
579 1208 739 1248 noms
771 1188 841 1249 de
871 1211 1041 1250 vases
1072 1211 1241 1270 grecs
1270 1213 1324 1271 p.
1365 1197 1463 1252 14.
1497 1197 1625 1265 47).

366 1294 417 1330 v-
462 1278 769 1338 77—87.
865 1274 1078 1335 Inducit
1121 1276 1353 1336 Persius
1399 1278 1641 1355 aliquem
1684 1296 1760 1336 ex
1814 1277 1938 1334 istis
1983 1274 2227 1334 sordidis

190 1358 259 1430 (Ι,
312 1363 488 1430 128),
534 1361 626 1438 qui
658 1360 865 1420 cultum
898 1372 958 1420 et
983 1360 1163 1420 studia
1188 1404 1206 1433 ,
1251 1362 1472 1422 Graeca
1521 1363 1893 1441 praesertim,
1936 1362 2229 1439 negligunt

188 1454 362 1523 atque
391 1454 785 1517 contemnunt,
828 1447 1190 1526 philosophos
1221 1447 1584 1520 irridentem,
1627 1449 1784 1506 cuius
1817 1444 2009 1506 rudem
2041 1458 2099 1505 et
2127 1467 2228 1506 va-

187 1548 321 1587 nam
358 1531 670 1589 orationem
700 1530 771 1590 ad
814 1551 1005 1591 verum
1045 1535 1353 1610 expressit.
1427 1533 1704 1610 Exemplo
1753 1551 1886 1591 esse
1928 1532 2125 1603 voluit,
2168 1542 2229 1589 ut

188 1614 323 1672 alihi
356 1614 475 1686 (VI,
524 1619 645 1678 189
677 1622 813 1695 sq.),
857 1620 1263 1689 centuriones,
1310 1638 1452 1698 quos
1484 1637 1591 1677 nec
1634 1618 1899 1676 Horatius
1933 1623 2062 1690 (sat.
2094 1617 2135 1688 1,
2166 1621 2226 1686 6,

188 1703 299 1770 73)
329 1701 398 1758 ah
430 1702 600 1759 animi
632 1704 851 1760 cultura
883 1702 1309 1762 commendavit.
1370 1704 1580 1762 flamm
1627 1714 1861 1779 gentem
1891 1712 2063 1762 vocat
2105 1704 2226 1761 leir-

189 1804 407 1856 cosam,
443 1787 648 1865 quippe
678 1807 824 1866 quae
851 1785 1113 1847 munditie
1147 1800 1207 1847 et
1238 1789 1390 1847 cuitu
1422 1788 1708 1865 neglecto,
1737 1789 2037 1847 incomtum
2069 1788 2228 1846 habi-

189 1880 302 1928 tum
347 1891 487 1948 prae
542 1891 609 1930 se
664 1873 892 1932 ferebat
959 1873 1184 1932 cf.1uv.
1230 1874 1400 1945 XIV,
1462 1878 1580 1936 194
1619 1893 1744 1953 sq.,
1807 1873 1898 1933 uhi
1949 1885 2114 1950 pater
2155 1871 2227 1931 ad

189 1955 379 2026 filium,
412 1959 507 2035 qui
538 1957 768 2017 militiae
795 1977 1025 2037 operam
1052 1957 1281 2017 daturus
1310 1971 1420 2030 est,
1438 1962 1515 2017 ita
1548 1959 1823 2039 loquitur:
1871 1957 2029 2029 „Sed
2060 1968 2229 2040 caput

188 2041 458 2102 intactum
499 2042 650 2100 buxo
690 2063 972 2122 naresque
1017 2044 1228 2123 pilosas
1277 2045 1531 2104 Annotet
1585 2055 1644 2102 et
1683 2045 1950 2122 grandes
1992 2046 2228 2104 miretur

190 2124 423 2186 Laelius
453 2129 665 2187 alas.“
703 2128 1002 2188 Grandium
1033 2140 1220 2189 autem
1252 2130 1463 2189 alarum
1495 2140 1780 2189 amatores
1812 2129 2074 2189 solebant
2104 2131 2226 2187 foe-

191 2222 316 2272 tore
347 2212 636 2283 laborare,
664 2233 830 2293 quem
860 2214 1075 2275 hircum
1112 2214 1397 2274 vocabant
1425 2226 1677 2286 veteres,
1706 2233 1980 2293 quemque
2015 2214 2227 2273 foedis-

192 2298 368 2356 simae
415 2296 670 2358 incuriae
717 2302 937 2378 signum
979 2300 1263 2359 habebant
1309 2302 1410 2374 (cf.
1448 2301 1623 2383 intpp.
1668 2299 1869 2359 Catuli·
1912 2300 2120 2371 LXIX,
2165 2304 2223 2362 6.

191 2381 422 2443 Petron.
472 2388 613 2446 128.
688 2385 928 2444 Casauh.
977 2385 1049 2445 ad
1078 2386 1362 2465 Theophr.
1406 2386 1564 2446 char.
1611 2390 1733 2455 19).
1794 2385 1989 2465 Itaque
2017 2386 2225 2445 hircosi

192 2479 465 2528 vocantur
529 2472 829 2548 incompti,
892 2482 957 2531 ut
999 2491 1033 2530 a
1094 2470 1319 2530 Seneca
1381 2471 1553 2550 (apud
1613 2471 1754 2530 Gen.
1796 2471 1922 2542 XII,
1968 2476 2006 2533 2
2026 2514 2043 2540 ,
2093 2477 2223 2542 ¹¹)=

189 2554 472 2627 „Quidam
517 2566 647 2614 sunt
677 2565 789 2614 tam
827 2558 1012 2635 magni
1049 2576 1255 2616 sensus
1283 2558 1351 2629 Q.
1401 2558 1597 2628 Ennii,
1644 2567 1702 2616 ut
1734 2557 1869 2615 iicet
1897 2559 2089 2635 scripti
2117 2558 2229 2614 sint

189 2641 336 2699 inter
350 2641 634 2711 hircosus,
658 2644 876 2718 possint
902 2653 1087 2702 tamen
1105 2644 1255 2702 inter
1278 2654 1655 2721 unguentatos
1674 2642 1902 2719 placere
1923 2649 1982 2713 ;“
2014 2653 2072 2700 et
2089 2641 2227 2700 Pru·

187 2722 377 2784 dentio
399 2729 615 2803 (apoth.
636 2731 817 2798 201):
851 2728 1139 2798 „Consule
1161 2738 1220 2786 et
1235 2727 1496 2787 hircosus
1511 2731 1745 2806 cynicus
1764 2747 1904 2805 quos
1923 2730 2225 2787 somniat-‘⁶

190 2808 376 2889 Digna
406 2813 507 2869 tali
536 2812 657 2869 viro
696 2814 1013 2871 sententia:
1065 2814 1234 2888 Quod
1259 2816 1409 2872 satis
1436 2824 1528 2872 est
1549 2815 1716 2891 sapio
1748 2813 1906 2871 milei.
1949 2813 2084 2871 Non
2115 2832 2227 2887 ego

190 2904 268 2968 (v.
302 2897 348 2966 l,
379 2900 489 2967 45)
520 2916 663 2955 curo
693 2917 818 2956 esse
862 2897 955 2974 (II,
991 2903 1091 2969 18)
1135 2900 1290 2976 quod
1312 2899 1629 2958 Arcesilas
1670 2908 1734 2957 et
1770 2899 2042 2957 Solones.
2100 2896 2227 2956 Duo

189 2983 411 3040 nomina
454 2980 913 3061 philosophorum
949 2985 1212 3055 nominat,
1252 3003 1397 3061 quae
1429 2984 1578 3042 forte
1611 2982 1840 3054 audivit,
1886 2985 2224 3051 Arcesilae,

188 3068 277 3144 qui
319 3087 523 3126 novam
568 3066 916 3127 academiam
965 3070 1201 3127 instituit
1246 3068 1339 3138 (de
1386 3088 1496 3148 quo
1541 3078 1728 3128 exstat
1770 3068 1837 3127 R.
1880 3067 2227 3127 Broderseni

189 3153 606 3211 commentatio.
634 3151 752 3211 Ait.
795 3158 976 3215 1821.
1007 3154 1114 3233 4),
1164 3164 1223 3212 et
1250 3154 1487 3213 Solonis
1509 3196 1527 3225 ,
1573 3156 1729 3213 cuius
1768 3174 1969 3213 nomen
1997 3155 2227 3212 notissi-

191 3257 356 3308 mum,
386 3237 478 3295 hic
508 3239 685 3296 minus
716 3238 937 3317 quidem
968 3239 1386 3309 conveniebat,
1431 3258 1616 3318 neque
1661 3238 1810 3318 quod
1853 3258 2227 3298 aerumnosos

190 3321 346 3393 dicit,
380 3321 529 3401 qnod
559 3333 744 3383 tamen
789 3326 844 3383 in
889 3344 1083 3384 omnes
1120 3324 1485 3401 philosophos
1516 3323 1722 3384 cadere
1765 3323 1988 3384 videtur
2029 3333 2229 3383 centu-

190 3409 355 3466 rioni.
400 3410 672 3479 Solones,
712 3409 1048 3487 philosophi,
1089 3410 1270 3488 qualis
1322 3409 1496 3468 Solon
1540 3410 1673 3479 suit,
1706 3411 1996 3468 notissima
2027 3409 2226 3487 figura,

191 3494 265 3552 εἰ.
298 3493 495 3553 Iacob.
526 3491 597 3552 de
627 3514 731 3552 usu
763 3515 909 3553 num.
942 3495 1085 3574 plur.
1117 3516 1172 3574 p.
1203 3500 1306 3556 41.
1360 3495 1661 3572 Obstipum
1690 3505 1928 3554 vocatur
1961 3492 2036 3564 id,
2079 3492 2226 3573 quod

190 3598 220 3636 a
261 3588 427 3638 recto
467 3576 748 3650 deflectit,
795 3590 856 3639 ut
902 3579 1047 3659 apud
1078 3580 1315 3639 Lucret.
1346 3580 1446 3650 IV,
1488 3584 1610 3642 517
1633 3602 1648 3638 ε
1698 3581 1923 3651 „omnia
1955 3580 2225 3639 mendose

190 3663 309 3723 fieri
339 3678 514 3742 atque
545 3664 767 3742 obstipa
809 3685 1104 3724 necessum
1139 3676 1231 3724 est
1244 3673 1303 3733 ,⁴⁶
1335 3676 1396 3725 et
1426 3665 1630 3724 Cicero
1655 3664 1819 3723 Arati
1848 3664 2024 3723 verba
2055 3660 2229 3735 λοξὸν

191 3745 347 3831 κάρη
370 3749 614 3821 (Phaen.
636 3754 739 3823 58)
773 3753 976 3809 vertit:
1023 3750 1343 3828 „obstipum
1373 3762 1546 3828 caput
1576 3760 1636 3809 et
1674 3751 1847 3810 tereti
1878 3751 2105 3808 cervice
2131 3769 2224 3809 re·

189 3835 392 3893 flexum
428 3833 524 3906 (N.
558 3833 632 3894 D.
658 3835 727 3904 11,
756 3840 861 3907 42,
895 3840 1107 3908 107).“
1151 3836 1345 3916 Itaque
1378 3845 1559 3914 caput
1581 3835 1866 3913 obstipum
1897 3835 1985 3893 hic
2003 3834 2227 3914 utapud

191 3917 479 3979 Horatium
513 3926 648 3993 (sat.
679 3921 749 3992 11,
784 3926 843 3991 5,
874 3926 980 3991 92)
1001 3919 1260 3980 deorsum
1288 3919 1623 3981 declinatum
1640 3931 1750 3992 est,
1780 3919 1929 3999 quod
1957 3922 2224 3998 cogitanti

191 4006 476 4076 convenit,
506 4003 653 4083 apud
683 4004 1011 4066 Suetonium
1044 4007 1197 4078 (Tib.
1236 4010 1341 4079 68)
1391 4006 1740 4066 reclinatum.
1827 4007 2104 4082 Fzgentes
2135 4008 2224 4065 lu·

191 4092 336 4149 mine
365 4101 589 4150 terram
617 4101 898 4154 structura
915 4092 1162 4165 insolita,
1182 4103 1244 4152 ut
1266 4090 1413 4171 apud
1432 4090 1666 4153 Statium
1687 4090 1850 4165 (Siiv.
1873 4091 1947 4159 V,
1970 4096 2222 4161 1‚1⁴0):
