2764 4738
860 447 1598 514 PRoLEGoMENA.
2108 475 2241 517 xxv

358 621 455 687 Ad
494 621 658 687 bunc
700 621 900 688 virum
944 620 1226 686 doctrina
1266 631 1331 685 et
1387 622 1622 705 ingenii
1678 621 1839 686 fama
1889 622 2234 703 florentem,

190 721 383 790 libero
447 726 656 791 auimo
718 722 1134 811 philosophiae
1152 771 1172 806 ‚
1242 745 1419 810 quam
1476 723 1908 810 profitebatur,
1978 725 2238 791 virtutes

268 912 780 994 Gallimorpbus
842 912 920 980 (p.
971 912 1135 978 565),
1195 929 1309 965 cum
1364 913 1428 965 de
1472 928 1651 964 eorum
1706 920 1879 965 aetate
1927 921 1981 967 et
2028 916 2240 984 scriptis

292 989 502 1035 uantum
552 998 715 1034 senam
764 981 894 1033 nibil
930 985 1166 1045 constet,
1250 988 1498 1033 otuerunt
1547 983 1780 1048 quamvis
1832 980 2036 1034 Graeci·
2067 991 2237 1036 tamen

332 1054 439 1103 tiae
487 1050 740 1103 scribere.
792 1050 930 1102 Haec
979 1066 1065 1102 res
1110 1051 1213 1117 dup
1239 1052 1304 1102 ici
1351 1052 1555 1102 ratione
1590 1058 1761 1118 potest
1793 1052 2064 1118 explicari.
2134 1053 2240 1104 Aut

255 1121 552 1172 sumendum
588 1127 709 1184 est,
747 1120 910 1171 fuisse
949 1120 1128 1172 borum
1164 1123 1472 1188 scriptorum
1512 1120 1648 1187 apud
1684 1118 1934 1173 Romanos
1971 1121 2239 1174 versiones

252 1187 466 1241 Latinas
516 1206 617 1241 usu
665 1197 772 1239 tam
820 1190 1186 1256 pervulgatus,
1238 1198 1297 1240 ut
1344 1189 1412 1240 iis
1450 1195 1689 1255 tauquam
1726 1189 1791 1240 ab
1828 1190 2126 1242 auctoribus
2163 1191 2239 1242 ita

251 1258 501 1325 profectis
562 1273 691 1309 usus
746 1258 819 1309 sit
864 1257 1197 1323 Fulgentius.
1278 1258 1589 1324 Quamquam
1650 1273 1775 1310 vero
1835 1259 2058 1310 difficilis
2112 1257 2239 1311 baec

251 1331 521 1393 quaestio,
573 1343 819 1394 quosnam
864 1326 1147 1393 scriptores
1191 1326 1422 1379 Graecos
1468 1326 1655 1379 Latine
1689 1343 1872 1379 versos
1909 1327 2124 1379 Romani
2159 1330 2239 1379 in-

246 1396 428 1464 primis
464 1397 724 1447 seriorum
763 1405 1042 1464 temporum
1077 1397 1477 1463 usurpaverint,
1533 1396 1751 1447 nondum
1787 1398 1920 1463 quod
1958 1398 2116 1449 sciam
2155 1413 2238 1449 ac-

245 1473 429 1517 curate
465 1472 697 1517 tractata
731 1471 847 1526 est,
888 1465 940 1515 in
977 1464 1196 1516 bistoria
1233 1465 1527 1516 litterarum
1564 1464 1701 1515 baud
1740 1466 1935 1517 minimi
1970 1467 2235 1529 momenti,

245 1543 398 1586 caute
433 1541 610 1587 tamen
648 1534 745 1586 bae
779 1535 1111 1586 executione
1146 1535 1394 1586 utendum
1430 1534 1549 1586 erit.
1603 1532 1671 1585 Et
1698 1534 1782 1586 bic
1809 1536 1984 1587 stati-
2009 1535 2237 1588 dubitari

242 1604 399 1665 lieet,
439 1618 563 1653 uum
598 1604 911 1671 scriptores,
949 1603 1131 1670 quales
1167 1610 1289 1654 sunt
1316 1603 1688 1655 Stesimbrotus
1713 1609 1766 1654 et
1790 1602 2027 1656 Mnaseas
2051 1604 2238 1656 Latina

243 1671 427 1737 lingna
478 1673 711 1739 expressi
765 1672 982 1724 tueriat.
1043 1673 1222 1724 Altera
1260 1671 1397 1724 ratio
1433 1672 1558 1723 baec
1593 1679 1707 1733 est,
1755 1678 1815 1723 ut
1849 1675 2237 1737 grammaticum

243 1748 527 1808 puteanus,
581 1741 700 1792 dum
750 1756 877 1809 opus
920 1756 1066 1792 suum
1104 1742 1279 1794 multis
1314 1743 1622 1810 scriptorum
1662 1741 1949 1794 nominibus
1985 1759 2238 1795 exornare

244 1811 390 1876 capit
440 1815 498 1860 et
539 1809 782 1877 quicquid
834 1809 883 1859 ei
931 1810 1174 1866 innotuit,
1210 1811 1468 1872 eon-adit,
1522 1825 1644 1877 prae
1680 1810 1971 1876 ignorantia
2009 1810 2235 1864 Graecos

244 1880 535 1946 scriptores
569 1878 775 1929 Latinis
813 1878 1152 1930 immiscuisse
1175 1916 1191 1944 ,
1265 1895 1449 1932 uorum
1504 1880 1707 1930 nomina
1752 1881 1882 1947 apud
1919 1880 2051 1931 alios
2085 1880 2233 1944 legit,

244 1948 338 1999 scd
376 1946 578 2000 Graece
612 1948 888 2015 scripsisse
923 1948 1201 2012 ignoravit.
1312 1965 1372 2000 oc
1420 1956 1480 2001 ut
1512 1948 1565 1999 in
1600 1949 1903 2000 universum
1939 1950 2235 2001 aestimanti

244 2017 400 2069 facile
451 2016 570 2067 fleri
621 2017 853 2085 potuisse
903 2018 1202 2077 videbitur,
1261 2018 1334 2068 ita
1382 2017 1466 2082 ei,
1517 2018 1603 2085 qni
1658 2033 1763 2069 rem
1801 2018 2050 2069 conficere
2083 2019 2234 2083 velit,

247 2086 477 2150 singulis
511 2086 641 2136 loeis
688 2086 881 2137 erroris
933 2085 1050 2136 sons
1095 2086 1440 2152 probabiliter
1480 2084 1792 2154 aperiendus
1838 2088 1960 2138 erit.
2024 2087 2235 2139 Interim

241 2169 444 2206 summa
481 2155 728 2207 cautione
764 2155 1010 2207 utendum
1047 2157 1184 2215 erit,
1220 2170 1353 2222 quae
1390 2171 1452 2208 eo
1475 2162 1722 2221 augetur,
1763 2157 1894 2223 quod
1932 2157 1984 2207 in
2023 2157 2234 2208 nomini-

242 2223 345 2275 bus
378 2224 724 2290 scriptorum,
774 2225 826 2276 iu
864 2224 1062 2285 titulis,
1113 2225 1162 2274 in
1203 2224 1508 2290 fragmentis
1561 2226 1778 2291 denique
1816 2226 1942 2292 ipsis
1979 2227 2234 2293 permulta

245 2293 625 2354 inveniuntur,
662 2307 795 2360 quae
831 2308 924 2360 per
957 2309 1013 2344 se
1049 2293 1389 2360 suspicionem
1426 2294 1640 2346 faciant.
1680 2293 1872 2359 Quodsi
1912 2295 2028 2346 iurb
2063 2296 2235 2347 visum

239 2368 325 2414 est
361 2362 549 2428 negari
570 2400 588 2428 ‚
639 2364 1027 2428 grammaticum
1063 2364 1180 2416 dolo
1214 2363 1348 2416 malo
1384 2364 1692 2417 confinxisse
1722 2364 2010 2426 vocabula,
2046 2364 2227 2425 libros,

240 2434 528 2498 scriptores
549 2468 567 2496 ,
618 2432 808 2484 iterum
844 2433 1052 2484 diversa
1087 2433 1496 2486 confunduntur.
1559 2433 1828 2494 vocabula
1863 2435 2075 2486 finxisse
2110 2433 2234 2486 Ful-

236 2501 475 2565 gentium
526 2500 659 2551 nibil
708 2507 789 2552 est
832 2517 926 2551 cur
973 2509 1240 2569 putemus,
1307 2505 1407 2555 imo
1465 2504 1721 2555 vocabula
1784 2504 1946 2555 certis
1999 2510 2234 2557 veterum

237 2569 555 2635 scriptorum
594 2569 723 2620 loeis
758 2571 1025 2636 desumpta
1059 2579 1212 2631 sunt,
1251 2587 1378 2638 quos
1414 2576 1716 2625 accuratius
1751 2574 1890 2625 scire
1923 2573 2076 2624 valde
2110 2590 2142 2624 e
2174 2589 2235 2625 re

241 2646 427 2690 nestra
456 2645 613 2690 essct.
648 2639 807 2690 Porro
834 2654 927 2690 uec
964 2642 1014 2691 in
1053 2640 1520 2706 explicationibus,
1559 2657 1686 2708 quus
1720 2643 1938 2706 addidit,
1981 2642 2086 2692 doli
2111 2642 2233 2694 mali

239 2722 359 2759 eum
395 2722 667 2769 aceusem;
703 2707 861 2770 fecit,
901 2713 962 2758 ut
997 2710 1191 2775 potuit,
1230 2717 1284 2762 et
1318 2726 1620 2777 quamquam
1658 2711 1830 2778 inepta
1867 2712 2097 2777 falsaque
2135 2727 2232 2763 uon

239 2777 470 2842 desunt,
535 2777 663 2828 baee
725 2777 965 2828 inscitiae
1023 2779 1194 2844 potius
1253 2795 1404 2845 quum
1465 2780 1580 2831 dolo
1644 2781 1921 2832 tribuenda
1962 2782 2231 2832 videntur.

238 2845 437 2899 Verum
477 2846 529 2896 in
569 2845 912 2906 testimoniis,
950 2861 1080 2912 quae
1106 2847 1307 2898 addidit
1329 2884 1345 2912 ,
1386 2848 1620 2900 fraudem
1654 2850 1950 2900 exercuisse
1987 2849 2234 2901 dicendus

238 2923 343 2965 est.
383 2915 578 2966 Parti-
615 2915 818 2982 quidem
858 2929 918 2966 ea
954 2916 1221 2983 apposuit,
1268 2932 1401 2982 quae
1452 2919 1698 2968 memoria
1745 2918 2095 2984 suppeditavit
2132 2934 2231 2969 non

237 2984 378 3034 satis
415 2983 552 3046 fida,
590 2992 651 3035 ut
686 2992 929 3051 apparet3
979 2985 1070 3035 ubi
1108 2984 1234 3036 baec
1270 3000 1370 3036 aon
1406 2986 1760 3050 sufficiebant,
1816 2986 1903 3036 vel
1940 2987 2026 3036 ubi
2063 2987 2235 3053 splen-

243 3052 423 3103 didius
446 3051 643 3116 nliquid
671 3069 927 3104 exornare
963 3053 1202 3114 volebat,
1229 3054 1426 3106 effinxit
1460 3055 1775 3106 testimonia.
1817 3054 1885 3108 Ut
1925 3054 2018 3106 boc
2055 3056 2234 3123 proba-

240 3120 431 3172 biliter
480 3119 705 3179 faceret,
759 3137 876 3172 raro
922 3123 1119 3189 aliquid
1173 3138 1384 3190 prorsus
1434 3139 1619 3174 novum
1657 3123 2006 3186 excogitavit,
2057 3139 2234 3175 verum

241 3189 463 3240 aliunde
499 3190 637 3241 notis
673 3204 800 3240 usus
836 3196 937 3250 est,
973 3198 1033 3241 ut
1048 3192 1362 3243 immutando
1388 3207 1519 3243 nova
1547 3192 1764 3252 laceret,
1803 3193 1880 3243 ita
1904 3198 2073 3243 tamen
2102 3194 2231 3253 sere,

240 3267 304 3310 ut
351 3259 695 3324 suspicionem
746 3258 945 3311 fraudis
995 3268 1216 3311 moveat.
1279 3261 1461 3328 ltaque
1498 3278 1594 3312 nou
1632 3262 1849 3327 mirum,
1885 3261 1930 3312 si
1968 3260 2232 3326 Fulgentii

239 3329 529 3393 scriptores
567 3327 693 3378 alibi
732 3344 933 3394 qnoque
972 3329 1279 3390 laudantur,
1318 3344 1656 3397 quamquam,
1693 3330 1738 3381 si
1771 3330 1996 3382 eiusdem
2035 3327 2234 3398 mytho-

240 3396 448 3461 logica⁹
498 3404 554 3448 et
592 3396 667 3448 lo.
706 3395 837 3465 Lydi
876 3397 1070 3464 scriptu
1108 3399 1434 3459 afferuntur,
1486 3399 1758 3450 tenendum
1807 3405 1920 3460 est,
1979 3414 2072 3450 nec
2108 3399 2235 3450 baec

234 3481 267 3517 a
307 3466 605 3533 suspicione
644 3466 809 3516 libera
845 3482 995 3527 esse,
1046 3474 1107 3517 ut
1155 3467 1281 3518 baec
1329 3468 1491 3535 pestis
1538 3468 1734 3519 ultimis
1771 3469 2063 3519 litterarum
2101 3469 2233 3520 anti·

235 3550 455 3601 quarum
493 3535 813 3601 temporibus
848 3538 1033 3586 mirum
1071 3543 1318 3603 quantum
1354 3544 1592 3602 grassata
1629 3543 1733 3588 est.
1800 3535 1978 3604 Neque
2016 3553 2233 3602 negave-

237 3605 333 3654 ri-
352 3641 367 3665 ,
410 3604 614 3655 landari
642 3604 772 3670 apud
798 3602 1123 3670 Fulgentium
1153 3605 1371 3656 fortasse
1395 3607 1674 3671 scriptores
1705 3606 1946 3672 quosdam
1966 3643 1980 3666 ,
2023 3606 2232 3657 aliunde

235 3689 335 3723 uon
371 3681 553 3736 notos,
594 3674 685 3740 qui
725 3688 910 3725 revera
944 3675 1279 3738 exstiterint,
1318 3690 1433 3726 cum
1472 3675 1638 3725 fontes
1664 3676 1809 3726 adire
1836 3676 2062 3740 potuerit
2087 3675 2233 3726 nobis

238 3757 335 3793 non
373 3743 629 3805 reclusos,
667 3757 849 3794 verum
886 3743 939 3794 in
976 3749 1086 3794 tota
1122 3743 1245 3794 libri
1271 3744 1564 3795 conditione
1588 3758 1650 3794 ea
1686 3760 1743 3794 re
1779 3744 1909 3794 nibil
1947 3743 2229 3796 lucramur.

236 3810 294 3861 ln
330 3811 429 3862 bac
462 3811 600 3863 enim
638 3812 790 3875 gravi
827 3813 1115 3880 suspicione
1153 3813 1285 3864 nibil
1318 3811 1594 3877 Fulgentio
1636 3812 1776 3863 credi
1817 3820 1988 3879 potest
2023 3814 2234 3864 aliunde

232 3895 329 3930 neu
381 3887 656 3931 testatum.
735 3879 893 3948 idque
944 3882 1164 3933 maxime
1214 3882 1277 3934 de
1313 3881 1616 3947 fragmentis
1650 3880 1795 3933 valet
1829 3881 1893 3931 ab
1932 3897 1990 3933 eo
2028 3882 2230 3945 allatis,

232 3965 446 4015 querum
483 3949 738 4016 quaedam
775 3957 955 4016 aperte
988 3950 1237 4002 confinxit
1271 3951 1338 4003 ad
1374 3953 1659 4020 exemplum
1696 3951 1917 4003 aliorum
1939 3987 1953 4015 ,
2009 3952 2230 4003 maxime

235 4016 621 4070 Plautinorum.
660 4017 797 4069 Haec
833 4033 924 4085 per
957 4019 1165 4084 singula
1198 4021 1274 4070 ita
1295 4028 1451 4073 eruut
1476 4022 1864 4088 persequenda,
1902 4027 1964 4071 ut
1986 4028 2234 4086 quantum

232 4086 343 4139 fleri
394 4094 604 4155 potest,
659 4088 1070 4148 demonstretur,
1128 4089 1251 4155 qnid
1301 4089 1526 4154 fingendi
1579 4104 1756 4141 ansam
1809 4097 1862 4140 et
1912 4092 2231 4141 occasionem

230 4157 562 4223 praebuerit,
621 4156 757 4207 nude
793 4171 935 4208 suam
974 4157 1318 4223 cognitionem
1355 4159 1589 4212 hauserit
1624 4157 1952 4224 Fulgentius.
2016 4158 2094 4210 lta
2131 4175 2228 4211 non
