2764 4738
860 421 1029 484 SAT.
1063 422 1162 494 VI,
1194 426 1274 487 39
1291 455 1376 468 -
1392 426 1494 485 43.
2085 418 2209 487 221

169 596 368 652 tiorem
412 604 472 653 et
513 594 921 671 elegantiorem
952 594 1398 672 intelligentiam,
1446 601 1802 672 apportasse.
1848 595 2076 670 Sapere
2106 597 2217 653 hoc

167 690 433 738 nostrum
456 725 477 752 ,
523 679 686 738 huius
717 680 895 738 seculi
926 689 986 737 et
1014 681 1245 757 generis
1281 679 1347 751 (l,
1381 683 1446 741 9.
1481 678 1549 749 11,
1576 681 1718 749 62),
1765 678 2007 737 obscure
2047 689 2216 738 vocat

169 766 351 824 mans
382 784 623 842 expers,
659 775 718 822 ut
747 765 877 823 mihi
907 763 1131 843 quidem
1154 762 1408 834 videtur,
1440 764 1657 822 Horatii
1690 764 1870 822 locum
1901 765 2214 842 respiciens

170 859 304 915 (sat.
340 849 412 918 ΙΙ,
442 854 504 919 8,
543 855 683 922 15)τ
735 851 943 908 Chium
975 852 1157 909 maris
1188 869 1429 928 expers.
1494 849 1614 907 Hoc
1655 850 1834 927 ipsum
1865 860 2052 909 autem
2084 847 2214 928 quid

168 936 242 993 sit
258 936 586 1013 neutiquam
604 944 693 992 est
732 937 1111 1013 perspicuum.
1166 934 1370 994 Graeci
1404 936 1551 992 enim
1584 935 1724 992 vinis
1756 933 2083 1013 quibusdam
2116 933 2216 992 ad-

169 1018 384 1079 debant
417 1040 617 1098 aquam
650 1023 952 1090 marinamt,
995 1019 1319 1099 Myndium,
1365 1019 1889 1090 Halicarnasseum,
1922 1018 2218 1092 Rhodium,

174 1105 350 1163 Coum
400 1106 645 1162 nominat
688 1104 1020 1164 Athenaeus
1068 1105 1114 1177 (I
1145 1126 1198 1184 p.
1230 1109 1312 1167 32
1339 1104 1470 1177 E.)‚
1516 1105 1726 1176 Coum,
1770 1103 2043 1163 Rhodium
2092 1125 2216 1165 cum

173 1189 459 1249 Phorineo
491 1189 657 1248 affert
690 1190 903 1249 Plinius
937 1189 1123 1262 (XIV,
1156 1195 1215 1261 8,
1251 1195 1352 1262 10)
1373 1232 1389 1260 ,
1423 1190 1516 1269 qui
1549 1189 1962 1249 Clazomenium
1994 1210 2216 1270 quoque

172 1277 314 1334 mari
344 1273 562 1334 condiri
607 1288 804 1334 narrat
843 1276 1022 1348 (XIV,
1051 1281 1112 1346 7,
1144 1278 1245 1348 9);
1291 1285 1459 1354 atque
1491 1274 1600 1333 hoc
1636 1274 1872 1334 Graecis
1904 1277 2049 1334 vinis
2085 1295 2219 1355 pro·

172 1363 354 1439 prium
386 1380 517 1419 esse
548 1358 696 1420 idem
728 1359 927 1432 docet,
971 1380 1107 1420 cum
1129 1358 1314 1431 dicat,
1360 1361 1646 1439 prolibare
1685 1361 1807 1419 Diis
1835 1362 1964 1419 vina
1998 1361 2218 1421 Graeca

175 1445 733 1516 nefastumhaberi,
777 1447 1036 1526 qnoniam
1076 1466 1276 1526 aquam
1320 1446 1597 1516 babeant,
1645 1457 1706 1504 et
1749 1446 1924 1517 Cato,
1969 1449 2062 1526 qui
2109 1468 2218 1505 non

176 1530 343 1589 modo
376 1531 548 1589 Coum
574 1533 758 1590 vinnm
794 1531 884 1604 (R.
914 1530 984 1591 R.
1025 1536 1203 1602 112),
1250 1529 1353 1590 sed
1386 1533 1608 1590 omnino
1640 1530 1861 1590 Graeca
1887 1533 2013 1591 vina
2037 1531 2215 1604 (RB.

183 1621 324 1678 105.
374 1619 519 1687 106)
567 1636 712 1696 aqua
752 1619 964 1675 marina
1006 1615 1196 1675 addita
1228 1618 1425 1676 facere
1455 1615 1644 1675 docet.
1693 1616 1811 1675 Hoc
1844 1636 1944 1676 cur
1975 1619 2219 1677 fecerint

178 1721 283 1760 nee
323 1703 434 1780 ipsi
475 1703 685 1781 antiqui
726 1715 1085 1781 perspectum
1129 1701 1430 1761 habehant.
1489 1702 1857 1774 Plutarchus,
1891 1705 1981 1782 qui
2015 1702 2084 1761 de
2116 1703 2223 1762 hac

177 1806 243 1846 re
274 1787 559 1865 quaesivit
592 1795 859 1867 (quaestt.
893 1799 1031 1846 natt.
1072 1791 1171 1859 10)
1192 1831 1209 1859 ,
1240 1790 1399 1846 varia
1429 1789 1897 1859 comminiscitur,
1929 1787 2074 1867 qnod
2107 1800 2224 1847 ter-

179 1892 321 1930 rena
385 1873 571 1929 omnia
622 1883 949 1945 consumat,
1012 1871 1160 1952 quod
1211 1872 1564 1952 putredinem
1622 1874 1935 1954 malumque
1991 1874 2223 1935 odorem

182 1967 414 2028 arceat,
475 1957 622 2037 quod
660 1958 844 2016 vinum
887 1979 1083 2037 purum
1160 1958 1394 2030 redda13
1457 1958 1788 2018 Athenaeus
1845 1970 2038 2018 narrat
2096 1963 2224 2020 vina

180 2045 323 2101 mari
350 2041 578 2101 condita
608 2041 793 2102 dulcia
820 2063 952 2103 esse
981 2044 1026 2118 (1
1049 2064 1106 2121 p.
1124 2048 1207 2106 26
1225 2044 1312 2117 Β.)
1331 2086 1348 2114 ,
1384 2042 1693 2123 eademque
1722 2042 1861 2102 dicit
1891 2045 1937 2118 (1
1953 2066 2007 2124 p.
2028 2050 2108 2107 32
2128 2047 2222 2118 D.)

183 2149 293 2186 non
338 2129 546 2187 afferre
594 2129 914 2206 crapulam,
958 2140 1217 2189 ventrem
1250 2130 1514 2200 solvere,
1561 2129 1908 2188 stomachum
1941 2130 2224 2203 mordere,

183 2215 347 2272 ssatus
391 2217 628 2291 gignere
671 2215 940 2294 cibosque
986 2233 1364 2294 concoquere.
1428 2214 1586 2286 Quae
1631 2235 1754 2272 cum
1798 2217 1878 2273 ita
1922 2217 2066 2288 sint,
2118 2218 2225 2276 hoc

183 2310 345 2358 certe
377 2297 635 2356 concludi
667 2310 890 2378 potest,
940 2298 1217 2359 Graecum
1246 2301 1432 2358 vinum
1466 2302 1514 2358 si
1545 2301 1713 2358 maris
1745 2320 1953 2380 expers
1986 2301 2226 2372 dicatur,

184 2383 317 2444 illud
350 2387 526 2463 ipsum
558 2386 784 2445 salubre
817 2405 884 2444 ac
916 2385 1076 2445 dulce
1110 2387 1165 2445 ei
1198 2385 1427 2457 deesse,
1447 2385 1592 2466 quod
1624 2406 1770 2465 aqua
1800 2390 2015 2447 marina
2046 2390 2224 2448 affusa

184 2470 559 2549 procreabat,
618 2481 678 2529 et
706 2472 963 2530 similiter
995 2472 1049 2530 b.
1083 2473 1119 2530 l.
1149 2491 1362 2550 sapere
1405 2470 1512 2530 dici
1556 2474 1738 2531 maris
1770 2493 1982 2551 eoepers
1999 2518 2023 2545 ‚
2077 2474 2227 2554 quod

185 2558 435 2633 ingenua
465 2557 518 2612 vi
550 2567 608 2614 et
639 2557 969 2615 salubritate
1003 2555 1324 2616 destitutum
1355 2558 1449 2615 sit.
1513 2557 1627 2616 Iam
1672 2559 1840 2636 igitur
1880 2560 2045 2617 etiam
2079 2562 2225 2618 ruri-

186 2642 353 2700 colae
398 2640 617 2699 luxuria
660 2644 909 2720 corrupti
954 2653 1101 2701 sunt.
1162 2644 1556 2713 Faemkecae,
1619 2653 1679 2699 ut
1718 2643 1791 2714 V,
1839 2647 1959 2705 122
1986 2643 2220 2722 fossor,

185 2725 360 2784 rudes
406 2736 472 2793 et„
505 2727 697 2785 inculti
741 2727 1061 2805 agricolae,
1123 2746 1404 2806 pauperes
1447 2738 1510 2786 ut
1555 2727 1844 2805 plurimum
1890 2732 2227 2789 mercenarii

189 2812 402 2885 (Varro
429 2809 495 2869 R.
515 2811 580 2870 R.
618 2811 661 2883 Ι,
697 2817 793 2884 17,
827 2816 911 2883 2),
937 2813 1155 2890 pulta,
1191 2832 1223 2870 e
1258 2813 1437 2883 farre,
1469 2813 1906 2891 antiquissimum
1939 2813 2082 2892 apud
2116 2814 2229 2873 Ro-

185 2917 383 2955 manos
431 2896 538 2955 cibi
586 2917 767 2974 genus
818 2897 1027 2971 (Varro
1064 2896 1134 2955 L.
1182 2897 1249 2956 L.
1299 2898 1372 2967 V,
1412 2902 1552 2959 105.
1610 2897 1751 2956 Plin.
1782 2897 1993 2969 XVIll,
2025 2905 2084 2970 8,
2121 2905 2223 2964 19.
2307 2900 2312 2905 ’

188 2981 317 3041 Val.
346 2981 504 3041 Max.
538 2982 604 3053 11,
626 2988 684 3054 5,
705 2987 762 3043 5.
794 2982 910 3041 Iuv.
939 2983 1093 3054 XIV,
1129 2988 1306 3056 171),
1338 3002 1481 3061 quae
1515 2985 1638 3042 sine
1668 2982 1833 3063 adipe
1864 2985 2227 3062 parabantur,

187 3078 451 3147 quantum
508 3067 702 3126 videre
756 3068 892 3127 licet
923 3088 956 3127 e
1006 3068 1221 3126 Catone
1271 3068 1362 3142 (R.
1400 3068 1470 3127 R.
1519 3073 1663 3140 85),
1718 3089 1923 3128 crasso
1971 3074 2229 3149 unguine

188 3152 351 3226 (Hor.
381 3172 437 3210 a.
469 3173 526 3231 p.
565 3157 712 3225 375)
758 3156 1080 3224 vitiarunt,
1127 3173 1201 3212 ex
1244 3166 1433 3213 mente
1475 3153 1688 3226 Bestii,
1730 3156 1822 3214 cui
1863 3153 1919 3213 id
1949 3155 2228 3236 deprava-

188 3240 360 3296 tionis
394 3239 612 3316 signum
646 3242 754 3296 est.

359 3343 414 3381 v.
445 3328 720 3384 41—51.
781 3323 879 3382 His
923 3325 1028 3381 iam
1072 3321 1381 3401 respondet
1426 3335 1629 3401 poeta:
1691 3327 1856 3385 Haec
1895 3326 2092 3384 cinere
2137 3331 2232 3388 ul-

191 3409 381 3467 terior
424 3414 693 3467 metuas?
736 3408 897 3467 Talia
940 3405 1272 3487 parcorum,
1322 3410 1502 3488 qualis
1548 3410 1772 3469 Bestius
1805 3421 1928 3480 est,
1975 3411 2107 3490 quid
2137 3416 2232 3485 sit,

192 3513 294 3552 cur
324 3504 455 3571 post
498 3504 733 3552 mortem
767 3491 1121 3575 (περαιτέρω
1154 3485 1411 3565 κόνεως,
1459 3506 1520 3552 ut
1550 3496 1629 3553 ait
1658 3495 1976 3575 Theophyl.
2009 3517 2100 3577 ep.
2131 3500 2230 3560 ult.

194 3599 227 3636 a
255 3580 389 3636 Cas.
419 3579 480 3651 l.)
514 3577 760 3638 curanda
795 3582 995 3656 putes?
1038 3578 1117 3636 At
1147 3599 1269 3638 cnm
1301 3578 1515 3638 herede
1544 3580 1653 3638 alia
1685 3592 1853 3660 atque
1885 3583 2102 3658 paulum
2137 3604 2232 3643 se-

194 3666 423 3723 veriore
457 3662 677 3722 ratione
709 3662 984 3742 agendum
1018 3666 1148 3723 erit.
1202 3667 1286 3724 Tu
1309 3709 1327 3736 ,
1362 3684 1521 3723 meus
1551 3666 1722 3723 heres
1737 3710 1758 3737 ,
1794 3669 2056 3744 quis-quis
2086 3674 2230 3746 eris,

196 3746 344 3829 quod
376 3750 690 3825 significat,
736 3768 898 3829 quam
940 3769 1132 3827 parum
1165 3748 1234 3809 de
1269 3770 1339 3809 ea
1368 3770 1434 3809 re
1467 3750 1741 3809 sollicitus
1773 3755 1876 3824 sit,
1913 3756 2161 3831 paulum
2195 3779 2231 3818 a

197 3836 371 3893 turba
402 3836 703 3893 seductior
733 3834 826 3905 (11,
859 3839 922 3905 4)
956 3835 1135 3906 audi,
1184 3847 1245 3893 ut
1273 3836 1504 3894 liberius
1535 3846 1722 3894 tecum
1753 3838 2044 3917 colloquar
2072 3847 2233 3903 testi·

196 3918 298 3977 bus
344 3921 595 3978 remotis.
658 3919 717 3977 In
750 3919 1116 3999 sequentihus
1149 3931 1318 3999 poeta
1351 3921 1471 3980 Caii
1504 3921 1796 4000 Caligulae
1827 3921 2115 3985 ridiculam
2147 3930 2232 3988 in-

199 4003 411 4065 saniam
442 4005 605 4063 simul
637 4015 825 4076 taxat3
870 4006 919 4062 is
962 4006 1107 4064 enim
1140 4026 1353 4065 summo
1385 4016 1657 4084 apparatu
1689 4018 1888 4067 contra
1919 4009 2231 4075 Germanos

197 4099 257 4148 et
298 4089 601 4150 Britannos
647 4091 959 4150 exercitum
1016 4088 1244 4165 eduxit,
1303 4112 1503 4153 verum
1545 4094 1622 4151 nil
1669 4095 1775 4153 nisi
1819 4093 2110 4159 ridiculum
2155 4101 2230 4161 ibi
