2764 4738
836 462 1558 527 PROLEGOMENA.
2004 489 2208 532 xxxix

154 640 305 717 οφ).
388 631 605 715 ltaque
640 634 735 699 hic
768 656 1002 719 quoque
1035 636 1286 721 rigidum
1321 647 1384 701 et
1422 638 1656 702 tristem
1688 636 2012 702 stoicorum
2045 638 2214 703 habi-

156 748 286 800 tum
328 757 480 820 prae
528 758 597 801 se
645 739 811 802 ferre
867 749 1188 802 accusatus
1247 750 1343 802 est
1399 738 1588 819 (Tac.
1635 740 1805 803 Anu.
1855 736 2035 818 XVI,
2077 739 2211 825 22).

154 836 325 902 Prae
375 839 602 904 ceteris
646 861 798 903 vero
846 836 1102 903 Catonis
1146 837 1458 905 Uticensis
1503 843 1838 926 exemplum
1880 845 2213 908 aemulatus

154 952 257 1005 est
285 939 482 1022 (Tac.
519 940 689 1004 Anu.
725 943 768 1004 1.
804 942 880 1022 l.)
904 988 921 1019 ,
958 942 1032 1005 de
1063 962 1179 1024 quo
1211 942 1395 1006 etiam
1425 944 1711 1029 scriptum
1744 946 1985 1028 reliquit
2013 943 2210 1026 (Plut.

159 1040 304 1106 Cat.
356 1042 507 1105 min.
556 1043 706 1121 37),
766 1044 1015 1125 eiusque
1059 1061 1327 1108 atrocem
1372 1047 1632 1109 animum
1683 1057 1743 1110 et
1790 1048 1990 1111 nobile
2032 1048 2212 1112 letum

158 1157 487 1211 assecutus
518 1155 637 1208 est.
691 1143 838 1209 Fuit
865 1146 963 1210 vir
991 1145 1190 1209 animo
1224 1147 1573 1211 mitissimus
1604 1160 1784 1231 atque
1815 1149 1953 1212 inde
1984 1170 2217 1233 quoque

158 1247 560 1312 admirandus
584 1292 602 1323 ‚
648 1248 747 1330 qui
779 1245 992 1311 crebro
1026 1247 1297 1327 dicebat,
1344 1248 1620 1314 homiues
1652 1252 1889 1327 odisse,
1939 1253 2037 1334 qui
2070 1252 2218 1315 vitia

163 1352 370 1415 oderit
398 1346 592 1428 (Plin.
623 1367 758 1433 epp.
794 1347 849 1414 V
857 1346 968 1428 lll,
1000 1347 1154 1429 22),
1203 1370 1430 1434 easque
1474 1351 1802 1416 affirmabat
1831 1375 2048 1418 causas
2079 1373 2216 1418 esse

162 1452 634 1537 suscipiendas,
681 1472 833 1534 quae
878 1461 985 1515 aut
1023 1451 1391 1529 amicorum,
1455 1464 1559 1518 aut
1602 1454 1926 1518 destitutae
1984 1466 2216 1531 essent,

162 1566 272 1620 ant
299 1556 379 1618 ad
412 1553 758 1637 exemplum
790 1554 1165 1637 pertinerent
1192 1550 1385 1638 (Plin.
1422 1576 1558 1640 epp.
1593 1553 1709 1632 Vl,
1743 1553 1896 1641 29),
1932 1568 1997 1622 et
2027 1560 2220 1621 omni-

166 1679 247 1720 no
278 1656 551 1720 moribus
583 1654 825 1739 vitaque
856 1655 1283 1739 integerrimus
1302 1703 1320 1736 ,
1352 1657 1597 1720 virtutis
1629 1655 1945 1723 Romanae
1976 1660 2218 1724 saeculo

168 1769 461 1843 corrupto
507 1758 888 1841 exemplum,
936 1768 1003 1820 ut
1045 1758 1176 1822 iure
1224 1757 1535 1823 Arulenus
1583 1758 1872 1826 Rusticus
1917 1782 2049 1825 eum
2082 1783 2221 1827 san-

168 1861 508 1928 ctissimum
538 1861 734 1924 virum
768 1854 1334 1941 nominaret(Suet.
1359 1857 1542 1923 Dom.
1568 1859 1670 1924 10.
1706 1859 1824 1925 Dio
1843 1861 1919 1927 C.
1944 1859 2216 1939 LXVII,

172 1966 277 2029 13.
314 1966 396 2029 cl.
433 1962 595 2026 Tac.
627 1959 956 2044 Agric.2).
1008 1959 1092 2023 Et
1118 1961 1535 2045 comprobavit
1563 1963 1678 2026 hoc
1709 1962 1993 2029 indicium
2026 1964 2223 2027 iuimi-

171 2066 455 2132 eissimns
486 2064 603 2149 ipsi
632 2061 809 2127 Nero
829 2108 846 2139 ‚
892 2063 990 2146 qui
1022 2083 1154 2125 cum
1184 2061 1502 2127 detulisset
1531 2063 1586 2127 ei
1618 2063 1853 2147 quidam
1884 2064 2224 2129 Thraseam

172 2169 346 2252 qnasi
394 2175 746 2250 corruptum
792 2164 1084 2241 iudicem,
1146 2166 1550 2231 exclamavit:
1625 2164 1869 2231 Utinam
1917 2176 2036 2230 tam
2082 2167 2222 2229 mihi

172 2271 409 2335 amiens
440 2277 609 2332 esset
639 2265 920 2331 Thrasea
941 2312 960 2344 ,
1008 2286 1183 2348 quam
1214 2266 1409 2331 bonus
1439 2268 1628 2332 iudex
1660 2280 1755 2333 est
1783 2267 1978 2354 (Plut.
2015 2289 2219 2353 praec.

174 2374 349 2459 polit.
384 2369 536 2450 33),
587 2367 917 2451 eodemque
963 2367 1388 2447 referendum,
1441 2373 1598 2455 quod
1642 2392 1678 2434 a
1723 2372 2070 2455 quibusdam
2103 2383 2227 2437 tra-

177 2475 363 2539 ditum
412 2482 628 2536 narrat
672 2468 929 2536 Tacitus
972 2470 1165 2555 (Anu.
1210 2468 1362 2549 XV,
1410 2471 1566 2555 23),
1614 2473 1768 2537 haud
1816 2474 1901 2538 ita
1944 2474 2044 2538 diu
2084 2485 2227 2538 aute

177 2576 504 2641 Thraseae
538 2584 790 2638 mortem
815 2573 1268 2638 reconciliatum
1285 2593 1352 2639 se
1388 2573 1704 2640 Thraseae
1735 2576 1993 2641 iactasse
2021 2575 2229 2642 Nero-

178 2701 319 2744 nem
351 2676 508 2762 apnd
543 2673 875 2754 Senecam,
910 2696 980 2739 ac
996 2672 1300 2740 Senecam
1318 2677 1376 2739 id
1394 2675 1637 2742 Neroni
1669 2680 2034 2761 gratulatum
2063 2699 2222 2743 esse.

178 2781 559 2865 Quamquam
590 2790 787 2843 autem
820 2798 1046 2843 summa
1079 2779 1205 2842 eius
1238 2789 1371 2843 erat
1402 2780 1584 2844 animi
1616 2791 1795 2862 alque
1828 2781 2127 2845 sermonis
2158 2781 2229 2843 li-

178 2887 387 2949 bertas
401 2883 517 2960 (οῐ.
541 2879 696 2945 Tac.
718 2878 878 2944 Hist.
899 2877 1015 2957 IV,
1036 2879 1098 2943 5.
1130 2876 1251 2944 Dio
1271 2878 1347 2945 C.
1370 2878 1608 2958 LXVI,
1640 2880 1741 2948 12.
1765 2880 1995 2948 cl.1uv.
2015 2879 2097 2958 V,
2114 2880 2226 2962 38)

179 2988 251 3051 ab
297 2985 465 3050 omni
509 2994 710 3047 tamen
755 2984 1085 3066 petulantia
1128 2993 1306 3067 atque
1368 2983 1833 3067 intemperantia
1889 2984 2228 3062 abhorruit,

180 3101 243 3153 et
289 3107 614 3169 numquam
657 3084 837 3150 etiam
883 3084 946 3149 in
997 3085 1397 3168 vituperando
1442 3085 1852 3151 reverentiam
1898 3086 2230 3152 observare

181 3191 390 3254 omisit
410 3234 430 3265 ,
479 3208 652 3272 quam
684 3188 786 3252 vel
815 3188 973 3252 malo
1002 3187 1255 3273 principi
1288 3188 1500 3252 deberi
1528 3188 1853 3266 iudicavit,
1891 3192 1972 3253 cl'.
2005 3187 2123 3252 Dio
2151 3185 2226 3251 C.

182 3290 431 3371 LXVI,
488 3289 606 3354 12.
671 3289 980 3376 Θρασέας
1022 3293 1159 3375 μὲν
1212 3286 1338 3373 γάρ
1405 3289 1518 3356 ἐπὶ
1575 3289 1906 3372 Νέρωνος
1955 3287 2053 3358 οἷν
2115 3282 2236 3356 οὐκ

180 3393 505 3480 ἠρέσκετο
551 3385 769 3478 αὐτῷ,
813 3392 928 3459 καὶ
974 3387 1175 3460 οὐδὲν
1216 3392 1462 3477 μέντοι
1514 3390 1666 3460 οὐδ’
1695 3393 1784 3468 ὥς
1838 3388 2233 3480 ὑβριστικὸν

183 3500 421 3583 ἔλεγεν
462 3497 560 3568 εἷς
603 3488 814 3562 αὐτὸν
859 3487 1010 3561 οὐδ’
1041 3499 1371 3580 ἔπραττεν
1384 3543 1407 3572 ,
1459 3492 1642 3581 πλήν
1687 3489 1996 3564 καθόσον
2027 3517 2237 3580 προς-

185 3609 548 3666 κοινωνεῖν
591 3601 656 3662 οἱ
699 3597 835 3664 τῶν
864 3596 1240 3686 δρωμένων
1285 3592 1411 3663 οὐκ
1454 3591 1682 3684 ἠξίου,
1728 3600 1805 3663 cl.
1854 3597 2010 3662 Tac.
2060 3599 2227 3661 Anu.

187 3698 371 3778 xm,
406 3697 516 3765 49.
550 3695 736 3775 XIV,
771 3700 879 3765 48.
945 3697 1233 3764 Ceterum
1280 3701 1501 3764 nullam
1534 3700 1936 3785 praetermisit
1965 3700 2238 3765 occasio-

187 3823 363 3883 nem,
413 3813 481 3866 ut
525 3803 589 3866 iu
635 3812 891 3882 senatu,
939 3803 992 3866 si
1037 3804 1167 3868 fieri
1214 3814 1462 3887 posset,
1511 3804 1812 3886 ignaviam
1854 3803 2233 3889 castigando,

188 3907 285 3972 vel
315 3905 562 3970 nimiam
595 3925 741 3989 prae
772 3906 1119 3971 adulatione
1151 3906 1538 3970 severitatem
1584 3907 1963 3982 coercendo,
2011 3906 2237 3970 saeculi

191 4008 692 4092 depravationem
724 4008 784 4071 in
819 4008 1030 4072 melius
1060 4018 1369 4084 verteret,
1406 4009 1485 4070 cf.
1524 4006 1677 4072 Tac.
1715 4007 1882 4071 Anu.
1917 4005 2100 4085 XIII,
2128 4005 2233 4070 49.

192 4109 369 4189 xlv,
406 4109 492 4176 48
521 4131 616 4194 sq.
651 4105 806 4186 XV,
839 4105 924 4174 20
953 4132 1042 4195 sq.
1096 4108 1390 4193 Quamvis
1420 4122 1617 4175 autem
1647 4119 2009 4195 temperatus
2042 4121 2102 4175 et
2135 4109 2241 4171 ob·
