2764 4738
561 398 692 465 210
1171 399 1338 462 8ΑΤ.
1368 400 1471 474 VI,
1505 400 2054 462 ARGUMENTUM.

564 572 646 633 Se
675 576 785 633 iam
806 572 1025 632 Lunam
1054 573 1379 632 secessisse
1411 573 1600 651 ibique
1632 574 1869 651 egregio
1898 574 2010 632 loci
2042 573 2176 644 situ,
2208 594 2366 652 quem
2395 573 2593 632 Ennius

566 662 678 718 iam
723 660 941 718 civibus
986 660 1104 717 suis
1149 656 1662 729 commendaverit,
1702 657 1993 735 gaudere,
2055 657 2128 718 de
2170 660 2394 740 reliquis
2432 660 2597 718 rebus

569 765 831 804 securum
863 754 924 803 et
953 754 1274 803 contentum
1294 786 1310 812 ,
1353 745 1575 802 etiamsi
1605 745 1800 802 omnes
1831 744 2117 822 peioribus
2150 746 2260 803 orti
2287 745 2475 804 melius
2502 746 2599 802 ba·

567 832 776 890 bereut
808 839 888 904 (ν.
923 833 1179 900 6—17).
1236 830 1449 887 Verum
1481 850 1591 888 non
1624 833 1705 886 ita
1734 849 1930 888 omues
1962 831 2246 900 sentiunt,
2289 831 2375 888 hie
2403 831 2599 908 tripar-

568 936 671 974 cus
703 926 828 986 est,
859 916 953 973 ille
987 912 1279 992 prodigus.
1329 914 1482 973 Saue
1514 915 1698 984 bonis,
1729 935 1874 994 quae
1905 917 2030 994 quis
2066 915 2276 985 habet,
2309 916 2605 974 liberaliter

568 999 832 1060 utendum
875 1010 1001 1071 est,
1066 1019 1249 1078 neque
1296 1009 1483 1060 tamen
1532 999 1822 1059 luxuriose
1866 998 2162 1058 vivendum
2211 1009 2288 1069 (v.
2323 1005 2603 1070 18—24).

569 1089 803 1145 Annuas
851 1086 1050 1163 fruges
1095 1104 1303 1144 secure
1352 1096 1594 1163 possunt
1622 1087 1909 1156 consumi,
1956 1105 2081 1144 cum
2114 1106 2294 1143 novus
2324 1106 2492 1144 annus
2521 1088 2603 1143 in-

571 1170 789 1230 dustrio
836 1172 1007 1230 etiam
1055 1190 1229 1229 novos
1275 1171 1494 1229 fructus
1541 1170 1774 1242 afferat,
1820 1181 1880 1229 et
1924 1173 1973 1228 si
2016 1174 2199 1229 amico
2230 1170 2472 1240 cuidam,
2517 1172 2608 1249 qui

574 1258 873 1332 naufragio
905 1276 1009 1313 sua
1039 1258 1221 1314 omnia
1254 1255 1517 1333 perdidit,
1549 1254 1989 1315 succurrendum
2009 1276 2144 1315 esse
2171 1256 2328 1315 iubet
2357 1257 2610 1324 officium,

571 1344 697 1422 plus
728 1344 897 1401 etiam
930 1339 1247 1401 faciendum
1281 1353 1407 1411 est,
1453 1352 1512 1399 et
1556 1360 1653 1400 res
1700 1342 1990 1400 familiaris
2020 1341 2392 1401 imminuenda
2423 1345 2502 1420 (v.
2529 1345 2610 1402 25

571 1432 789 1500 —33).
838 1426 1022 1487 Heres
1055 1425 1280 1506 quidem
1310 1428 1489 1484 iratus
1521 1427 1672 1485 iusta
1704 1428 1917 1486 funeris
1951 1446 2123 1505 parce
2158 1438 2369 1486 tantum
2401 1427 2615 1505 persol-

573 1525 703 1582 vet,
736 1532 842 1570 nee
872 1512 1134 1591 probabit
1163 1511 1388 1570 vivendi
1422 1513 1719 1582 rationem,
1753 1533 1915 1591 quam
1948 1514 2241 1591 sequeris,
2274 1525 2334 1571 et
2361 1514 2453 1570 alii
2483 1533 2616 1592 quo-

574 1618 683 1676 que
715 1598 1002 1667 homines,
1052 1598 1215 1654 nimis
1245 1599 1459 1677 antiqui
1490 1607 1550 1655 et
1578 1599 1800 1668 severi,
1848 1598 2126 1656 luxuriem
2159 1609 2220 1658 et
2252 1598 2468 1658 Graeca
2496 1609 2614 1656 arte

574 1694 897 1761 corruptam
942 1684 1109 1741 vitam
1157 1683 1463 1761 culpabunt
1508 1690 1585 1756 (v.
1615 1686 1915 1754 33-40).
1977 1683 2142 1741 Talia
2185 1695 2371 1743 autem
2417 1681 2616 1741 indicia

576 1780 710 1847 post
737 1778 975 1827 mortem
1006 1769 1131 1846 quis
1163 1772 1368 1827 curet?
1425 1768 1506 1826 At
1534 1788 1660 1825 cum
1691 1767 1906 1828 herede
1938 1770 2198 1828 severius
2229 1767 2504 1846 agendum
2534 1779 2619 1825 est

576 1863 659 1926 (v.
689 1859 764 1915 41
799 1860 942 1932 sq.);
977 1854 1165 1932 itaque
1197 1873 1322 1911 cum
1353 1873 1426 1913 eo
1458 1854 1571 1912 tale
1604 1854 1942 1932 colloquium
1971 1855 2230 1914 instituit.
2279 1855 2620 1931 „Egregium

577 1939 974 2016 triumphum,“
1007 1941 1118 2008 ait,
1164 1939 1425 2008 „Caesar
1454 1937 1524 1996 de
1559 1937 1855 1998 Germanis
1885 1951 2116 1997 acturus
2150 1950 2275 1998 est:
2308 1960 2483 2020 quare
2515 1959 2622 2016 ego

577 2025 759 2083 laetus
789 2022 1164 2101 gladiatorum
1195 2045 1393 2082 munus
1425 2022 1586 2082 edam
1606 2066 1624 2093 ,
1669 2035 1731 2083 et
1772 2024 1954 2083 oleum
1988 2036 2156 2103 atque
2187 2027 2623 2083 visceratiouem

576 2111 782 2189 populo
815 2108 980 2167 dabo.
1028 2107 1172 2180 Quid
1192 2152 1208 2179 ,
1240 2130 1369 2168 num
1400 2119 1459 2167 tu
1491 2109 1836 2188 prohibesY“
1871 2117 1947 2182 (v.
1966 2114 2269 2182 43-51).
2317 2110 2450 2168 Cum
2483 2111 2627 2169 alter

575 2194 1015 2273 indignationem
1048 2206 1213 2253 cauta
1245 2195 1621 2272 responsione
1651 2215 1760 2253 non
1795 2197 1975 2273 possit
2004 2194 2233 2264 celare,
2279 2198 2468 2274 pergit
2498 2195 2626 2253 ille:

578 2279 833 2350 „Attrita
881 2279 1103 2360 quidem
1147 2300 1245 2338 res
1290 2300 1417 2339 mea
1465 2291 1592 2350 est,
1638 2278 1741 2339 sed
1787 2281 1991 2350 facile,
2041 2282 2087 2339 si
2119 2280 2392 2339 heredem
2423 2282 2628 2339 nullum

579 2365 762 2425 habeo
795 2385 869 2425 ex
900 2369 1127 2443 agnatis
1145 2378 1204 2425 et
1235 2367 1518 2445 cognatis,
1551 2367 1826 2426 inveniam
1846 2367 2079 2425 Ariciae
2104 2365 2354 2425 Manium
2387 2366 2629 2447 aliquem

579 2455 729 2510 inter
774 2471 1056 2529 pauperes
1103 2462 1163 2510 et
1192 2450 1481 2510 mendicos
1501 2494 1519 2521 ,
1563 2472 1794 2530 quornm
1828 2462 1984 2510 tanta
2011 2452 2088 2511 ibi
2119 2455 2285 2529 copia
2317 2464 2410 2512 est
2442 2459 2523 2522 (v.
2553 2457 2624 2514 51

578 2541 795 2609 —56).
861 2536 920 2593 Si
972 2548 1028 2596 tu
1075 2538 1349 2607 obiiciaS,
1398 2556 1527 2596 esse
1571 2537 1722 2595 illum
1770 2538 2068 2596 obscurum
2102 2549 2163 2596 et
2191 2539 2536 2615 ignobilem,
2581 2535 2634 2595 id

580 2642 690 2699 ego
724 2643 829 2679 non
863 2642 1035 2693 curo,
1068 2643 1191 2680 naui
1223 2643 1407 2681 meum
1438 2642 1661 2702 quoque
1693 2642 1905 2700 genus,
1935 2625 1984 2680 si
2015 2624 2184 2680 altius
2217 2622 2534 2691 ascendas,
2565 2620 2636 2681 ad

580 2709 829 2785 ignotum
862 2709 1100 2787 aliquem
1134 2706 1514 2767 reducendum
1548 2718 1658 2778 est,
1690 2729 1725 2766 a
1755 2728 1865 2786 quo
1894 2709 2029 2766 nibil
2061 2707 2485 2767 differtManius
2520 2709 2635 2767 ille.

583 2791 729 2864 Quid
760 2804 853 2862 tu,
887 2813 994 2850 non
1027 2804 1191 2871 potes
1223 2805 1601 2870 exspectare,
1633 2792 1760 2852 dum
1795 2813 1907 2871 ego
1937 2794 2037 2851 tibi
2067 2792 2283 2852 tradam
2306 2836 2325 2865 ,
2356 2814 2505 2873 quae
2539 2795 2637 2851 tibi

580 2878 890 2936 donaturus
924 2882 1087 2936 sum?
1133 2877 1408 2958 Quicquid
1440 2877 1493 2935 id
1526 2880 1668 2950 erit,
1701 2877 1850 2958 quod
1882 2898 1994 2957 ego
2026 2880 2123 2936 tibi
2156 2880 2508 2959 relinquam,
2539 2879 2638 2937 tibi

580 2966 635 3022 iu
670 2964 826 3022 lucro
861 2962 1174 3040 ponendum
1207 2976 1329 3034 est,
1360 2975 1420 3023 et
1450 2974 1510 3022 tu
1540 2965 1609 3022 iis
1641 2975 1942 3022 contentus
1975 2984 2109 3023 esse
2142 2962 2395 3024 debes.“
2437 2964 2527 3038 (v.
2557 2969 2638 3026 57

579 3053 801 3120 —63).
850 3048 965 3120 At,
1010 3051 1237 3128 reponit
1268 3049 1400 3117 ille,
1447 3060 1506 3106 tu
1538 3050 1911 3107 comminuisti
1944 3069 2083 3107 rem.
2129 3049 2357 3120 „Meam
2392 3051 2641 3119 scilicet,

582 3154 691 3193 uon
736 3145 924 3207 tuam3
975 3155 1099 3193 nam
1133 3133 1394 3215 quicquid
1427 3136 1713 3212 accipieS,
1748 3134 1847 3192 tihi
1879 3137 2158 3211 integrum
2190 3136 2325 3193 erit.
2380 3134 2538 3193 Nihil
2569 3134 2639 3193 ad

582 3229 678 3290 te,
724 3221 772 3277 si
817 3240 1221 3289 consumsero,
1263 3219 1413 3299 quod
1454 3221 1596 3277 alius
1629 3218 1848 3298 quidem
1891 3220 2022 3277 mihi
2055 3221 2301 3297 legavit,
2348 3223 2396 3278 si
2429 3222 2643 3278 mutavi

583 3310 913 3384 pecuniam,
960 3306 1011 3362 si
1053 3316 1267 3363 sumtus
1315 3306 1493 3363 feci.“
1557 3305 1768 3363 Verum
1815 3305 1945 3363 nihil
1993 3306 2270 3384 reliquum
2315 3307 2458 3364 erit!
2512 3305 2642 3375 „Tu

583 3410 726 3468 ergo
768 3411 879 3449 non
923 3401 1222 3448 contentus
1272 3392 1432 3448 eris?
1489 3392 1597 3448 iam
1645 3390 1848 3448 lautius
1881 3391 2049 3449 etiam
2082 3382 2296 3448 vivam!
2343 3389 2472 3449 Non
2506 3409 2643 3466 ego,

583 3487 645 3534 ut
674 3476 846 3534 heres
892 3495 1050 3534 meus
1081 3477 1247 3534 vitam
1282 3496 1461 3551 agere
1491 3476 1675 3553 possit
1705 3478 1942 3554 opimam
1984 3486 2045 3533 et
2088 3476 2465 3546 luxuriosam,
2507 3495 2644 3552 par-

584 3581 685 3619 cus
718 3561 963 3620 vivam.“
1009 3559 1090 3704 ἵ.
1123 3565 1422 3634 64--74).
1487 3562 1595 3634 Qui
1642 3562 1788 3618 enim
1836 3561 2072 3619 avaritia
2105 3560 2363 3632 laborat,
2417 3562 2467 3618 is
2499 3580 2643 3619 uun·

587 3666 750 3725 quam
782 3648 923 3705 satis
954 3646 1025 3704 ha
1067 3645 1214 3717 ebit3
1258 3666 1368 3725 quo
1403 3647 1525 3725 plus
1557 3648 1848 3725 acquiret,
1881 3664 1952 3704 eo
1985 3647 2144 3724 plura
2176 3648 2405 3724 cupiet,
2437 3657 2499 3704 et
2528 3657 2640 3703 tam

585 3732 755 3790 facile
801 3732 1104 3810 Chrysippi
1150 3750 1414 3791 acervum
1462 3732 1622 3790 linire
1664 3733 1887 3811 possis,
1933 3751 2096 3810 quam
2141 3731 2306 3789 huius
2347 3728 2640 3810 cupiditati

588 3817 752 3875 linem
786 3836 999 3896 ponere
1033 3828 1110 3892 (v.
1144 3821 1442 3889 75—80).

758 4008 809 4045 v.
870 3991 1125 4048 1—17.
1213 3989 1501 4046 Admovit
1562 3989 1679 4045 iam
1739 3987 1986 4057 bruma,
2060 3983 2186 4045 dies
2269 3986 2643 4045 brevissimus

590 4071 783 4145 (Varr.
818 4072 888 4131 L.
919 4071 990 4131 L.
1027 4071 1125 4143 VI,
1156 4076 1258 4145 8),
1290 4073 1470 4132 hiems
1501 4070 1665 4145 (Hor.
1703 4089 1880 4133 cum.
1911 4070 2010 4143 IV,
2047 4077 2106 4143 7,
2145 4075 2275 4145 12),
2322 4082 2381 4130 te
2420 4073 2643 4131 Sabino
