2764 4738
120 4289 223 4328 k„

234 4331 391 4432 *H

591 454 629 495 ι.
1236 429 1967 495 PROLEGOMENA.

849 599 1107 686 Saepius
1134 601 1198 665 in
1229 599 1386 665 libro
1419 609 1816 665 numeratur¹
1844 596 2096 666 Persius
2128 622 2248 665 uno

923 701 1122 786 Quam
1150 704 1306 768 levis
1338 704 1403 766 in
1433 713 1561 766 tota
1591 700 1839 767 Marsus
1869 703 2278 768 Amazonide.

595 809 795 889 Atque
824 824 958 869 eum
989 816 1205 891 postea
1234 825 1469 889 quoque
1500 806 1561 868 iu
1592 825 1701 869 ore
1729 806 2002 871 virorum
2035 805 2220 872 fuisse
2264 806 2639 871 eruditorum

597 909 818 972 docent
859 929 1013 992 quae
1060 909 1134 972 de
1180 906 1568 993 Septimio
1613 918 1795 991 atque
1825 908 2291 972 Alexandro
2341 905 2639 973 Severo

595 1023 957 1091 narrantur,
1004 1023 1070 1076 ut
1110 1009 1314 1076 Persii
1358 1010 1547 1076 verba
1591 1030 1884 1093 usurpare
1925 1009 2090 1074 soliti
2119 1011 2245 1074 sint
2275 1012 2387 1092 (cf.
2428 1008 2638 1095 Spart.

596 1111 899 1178 Pesceun.
946 1111 1097 1197 Nig.
1134 1112 1176 1177 3
1219 1114 1299 1177 cl.
1333 1124 1453 1178 sat.
1487 1109 1542 1188 1,
1580 1109 1729 1176 103.
1774 1108 2089 1195 Lamprid.
2141 1110 2332 1176 Alex.
2371 1111 2524 1178 Sev.
2556 1112 2641 1175 44

596 1216 673 1279 cl.
710 1226 828 1278 sat.
865 1211 948 1293 11,
981 1214 1118 1300 69).
1166 1213 1377 1299 Itaque
1407 1212 1660 1278 Persius
1691 1212 1753 1275 in
1786 1234 2095 1277 numerum
2127 1215 2514 1279 satiricorum
2544 1235 2642 1278 re—

595 1328 803 1401 ceptus
851 1328 983 1394 est,
1045 1317 1144 1401 qui
1187 1339 1333 1402 prae
1384 1316 1608 1397 ceteris
1655 1315 2058 1400 legebantur‚·
2115 1328 2180 1380 et
2219 1338 2353 1380 cum
2400 1313 2640 1382 Lucilio

596 1430 660 1483 et
704 1418 957 1481 Horatio
1004 1420 1394 1505 coniungitur
1448 1441 1484 1482 a
1526 1415 1746 1481 Diom
1768 1440 1800 1483 e
1822 1418 1910 1482 de
1961 1417 2091 1499 (ΙΙΙ
2122 1442 2181 1503 p.
2214 1416 2457 1483 482c1.
2493 1417 2637 1483 lsid.

597 1542 691 1584 or.
727 1517 814 1596 V,
847 1517 955 1606 6),
1001 1521 1081 1584 cs.
1125 1517 1233 1583 Io.
1286 1518 1550 1606 Lydus
1594 1520 1699 1603 (de
1730 1540 1891 1604 mag.
1924 1516 1980 1600 1,
2013 1518 2163 1601 41),
2211 1521 2311 1604 qui
2341 1524 2427 1586 ita
2461 1523 2535 1587 de
2568 1544 2642 1586 eo

596 1633 774 1705 atque
805 1621 1062 1685 Horatio
1092 1621 1357 1686 iudicat:
1403 1618 1710 1708 Ὁράτιος
1750 1626 1882 1708 μὲν
1921 1615 2046 1689 οὐκ
2087 1626 2208 1699 ἔξω
2254 1623 2375 1709 τῆς
2400 1624 2646 1715 τέχνης

596 1724 851 1813 χορῶν·
903 1723 1193 1807 Πέρσιος
1236 1722 1309 1792 δὲ
1337 1723 1462 1791 τόν
1507 1723 1801 1809 ποιητήν
1831 1719 2163 1812 Σώφρονα
2192 1719 2643 1812 μιμήσασθαι

595 1826 826 1893 θέλων
863 1824 942 1891 τό
988 1819 1434 1912 Λυκόφρονος
1476 1827 1829 1912 παρῆλθεν
1872 1823 2199 1913 ἀμαυρόν.
2265 1828 2473 1912 Atque
2506 1830 2646 1894 hinc

597 1930 778 2012 longa
807 1929 1172 2013 scriptorum
1203 1929 1398 1993 series
1431 1928 1645 2007 oritur,
1683 1950 1832 2012 quos
1864 1926 2140 1994 Persium
2173 1929 2442 1995 studiose
2476 1930 2647 1995 lecti-

595 2042 762 2095 tasse
795 2033 1056 2094 constat.
1115 2027 1660 2095 Grammaticorum
1684 2076 1702 2107 ,
1747 2030 1914 2095 inter
1942 2052 2090 2115 qnos
2122 2029 2646 2097 Censorinum

599 2133 845 2195 nomino
893 2131 1001 2209 (de
1034 2131 1129 2195 die
1162 2153 1226 2195 n.
1259 2131 1304 2197 2
1348 2134 1427 2196 cl.
1472 2144 1591 2197 sat.
1627 2130 1710 2211 11,
1743 2131 1900 2218 in.),
1960 2145 2137 2217 atque
2184 2134 2648 2219 scholiastarnm

599 2235 797 2298 nullus
828 2235 957 2297 sere
990 2244 1123 2311 est,
1160 2235 1271 2318 ¹qui
1318 2255 1440 2297 non
1485 2233 1689 2300 Persii
1732 2235 1920 2300 verba
1966 2235 2029 2299 iu
2061 2238 2471 2302 testimonium
2503 2240 2648 2302 affe-

600 2346 732 2400 rat:
782 2340 930 2420 quos
960 2335 1057 2400 hic
1088 2356 1419 2403 recensere
1450 2338 1693 2422 longum
1725 2349 1858 2416 est,
1908 2349 1969 2403 et
2001 2338 2065 2403 in
2096 2338 2498 2407 annotatione
2529 2342 2652 2408 cri—

601 2439 720 2503 tica
749 2439 1011 2523 siugulis
1034 2437 1185 2503 locis
1217 2440 1612 2506 adhibuimus.
1645 2440 1984 2507 Prae'te'rea
2012 2463 2163 2507 vero
2194 2445 2478 2527 permulti
2508 2456 2654 2510 sunt

600 2542 971 2626 scriptores,
1038 2541 1138 2628 qui
1191 2553 1560 2626 quantopere
1604 2544 1750 2630 ipsis
1804 2544 2100 2629 placuerit
2129 2543 2352 2609 'Persii
2413 2568 2651 2622 sermo,

601 2662 773 2734 quem
807 2642 1047 2706 assidua
1078 2642 1342 2708 lectione
1373 2645 1531 2712 bene
1565 2647 1868 2730 cognitum
1901 2645 2238 2727 habebant,
2287 2669 2361 2712 eo
2396 2648 2654 2713 demon-

601 2755 836 2821 strant,
888 2746 1044 2827 quod
1089 2745 1377 2809 imitando
1420 2749 1611 2834 magis
1653 2749 1929 2813 minusve
1971 2749 2288 2834 perspicue
2321 2772 2654 2836 expresse·

603 2859 780 2912 runt:
829 2869 1079 2932 quorum
1111 2850 1396 2933 quosdam
1427 2851 1647 2914 afferre
1677 2852 1871 2915 visum
1903 2862 2018 2915 est.
2078 2849 2288 2934 Itaque
2332 2864 2653 2936 poetarum

604 2951 1018 3014 Ausonius
1066 2941 1378 3033 permultis
1424 2952 1575 3016 locis
1631 2949 1907 3016 Persium
1967 2965 2179 3038 aperte
2229 2955 2500 3019 imitatus
2557 2968 2654 3019 est

604 3054 715 3134 (cf.
752 3054 824 3117 ad
857 3063 974 3116 sat.
1008 3046 1125 3131 1V,
1164 3049 1267 3116 10.
1311 3053 1395 3132 V,
1428 3053 1512 3117 24
1543 3075 1633 3138 sq.
1670 3053 1822 3137 86),
1885 3068 2064 3138 atque
2118 3054 2502 3120 Paulinus
2547 3060 2653 3136 (ad

606 3150 690 3233 V,
724 3152 876 3240 86),
924 3175 1037 3217 nec
1070 3155 1265 3219 minus
1300 3153 1675 3220 Sidonius
1707 3157 2254 3241 Apollinaris,
2303 3159 2403 3241 qui
2442 3158 2663 3222 Persii

606 3260 881 3343 rigorem
941 3256 1210 3321 laudavit
1266 3257 1487 3343 (carm.
1550 3255 1670 3336 IX,
1718 3258 1912 3344 264),
1971 3279 2152 3344 saepe
2213 3260 2471 3343 vestigia
2524 3262 2657 3325 eius

605 3362 848 3445 pressit.
911 3358 1246 3445 Praecipue
1280 3349 1611 3444 scriptores
1644 3357 1979 3426 Christiani
2023 3362 2100 3425 ob
2146 3363 2398 3426 ethicam
2448 3364 2657 3446 gravi-

607 3475 792 3528 tatem
840 3473 903 3527 et
946 3484 1179 3527 morum
1221 3461 1716 3547 corrigendorum
1764 3465 2157 3530 severitatem
2201 3463 2481 3529 Persium
2517 3487 2657 3550 pro-

604 3564 861 3641 barunt,
927 3586 1123 3648 neque
1170 3566 1545 3632 erubuerunt
1590 3587 1723 3630 eum
1772 3568 1941 3650 sequi
1996 3588 2114 3631 non
2168 3567 2361 3630 solum
2407 3580 2653 3651 poetae,

607 3668 705 3750 qui
766 3667 1131 3733 carminibus
1192 3665 1550 3754 religionem
1609 3665 2016 3742 Christianam
2084 3669 2477 3735 celebrarunt
2497 3718 2514 3749 ‚
2593 3683 2659 3735 ut

606 3769 1096 3835 Prudentius
1141 3767 1330 3853 (adl,
1368 3768 1479 3856 13)
1522 3757 2002 3837 et''sedu1ius
2046 3770 2152 3855 (ad
2183 3768 2298 3849 111,
2333 3769 2485 3856 87),
2544 3776 2657 3839 sed

605 3886 813 3960 patres
845 3873 1021 3937 etiam
1055 3874 1455 3939 ecelesiastici
1494 3893 1815 3960 magnum,
1865 3874 2022 3959 quod
2066 3876 2130 3938 in
2173 3872 2393 3939 Persio
2438 3895 2660 3960 posue-

612 4049 630 4099 l
678 4047 750 4098 ltu
787 4047 951 4097 edidit
984 4061 1013 4096 e
1046 4045 1194 4095 codd.
1233 4043 1652 4098 Schneidewinus
1688 4065 1776 4115 pro
1831 4047 1972 4111 vulg.
2025 4052 2376 4099 memoratur.
2451 4046 2525 4100 De
2565 4051 2662 4101 hoo

675 4117 838 4182 epigr.
877 4115 944 4166 cf.
985 4112 1290 4176 Weiehert,
1330 4123 1488 4181 poett.
1529 4114 1671 4167 Lutt.
1719 4116 1834 4180 rell.
1875 4133 1925 4184 p.
1963 4115 2064 4170 253
2084 4131 2195 4182 sqq.

392 4433 613 4624 Ἃ
