2764 4738
529 429 674 473 xcvi
1176 406 1901 472 PROLEGOMENA.

529 581 693 667 pisce
724 572 984 661 (Athen.
1017 571 1142 638 vn
1171 597 1228 660 p.
1266 573 1392 642 309
1424 575 1557 664 (L).
1610 577 1821 645 Simile
1852 590 1949 643 est
1977 576 2293 664 Μυρίλλα
2325 600 2572 657 nomen,

530 699 880 767 quamquam
913 697 986 742 eo
1016 689 1243 742 certum
1276 682 1574 762 quendam
1599 681 1903 747 hominem
1937 682 2380 767 perstrinxisse
2410 683 2580 745 vide·

529 796 654 849 tur.
704 779 804 847 Cf.
839 779 1019 846 Eust.
1054 781 1128 844 ad
1163 778 1286 844 Od.
1317 805 1382 869 y,
1417 779 1542 847 168
1569 805 1631 867 p.
1670 781 1872 847 1457:
1936 780 2318 870 Εὐδαίμων
2350 778 2394 849 o‘
2426 784 2582 869 Πη-

532 876 893 968 λουσιῶτης
939 881 1043 966 (de
1088 904 1204 965 quo
1249 906 1311 946 v.
1362 883 1573 965 Suid.)
1620 920 1706 933 --
1745 880 2037 971 παράγει
2077 921 2165 933 -
2208 886 2318 952 καὶ
2354 885 2584 970 Συρα-

532 983 767 1058 κόσιον
825 984 903 1053 τό
965 980 1003 1050 ὁ
1061 985 1500 1068 Μυρίλλα,
1572 978 1656 1052 οὗ
1723 988 2137 1073 μεμνῆσθαι
2210 988 2385 1074 λέγει
2443 985 2582 1053 «τὸν

540 1088 896 1177 Σώφρονα.
965 1086 1251 1173 Ἱστορεῖ
1309 1088 1423 1155 καὶ
1479 1085 1580 1156 ὅτι
1637 1090 1762 1157 τοῦ
1820 1087 2279 1176 Συρακουσίου
2335 1084 2584 1157 τούτου

534 1191 768 1279 ’κύριον
808 1183 1224 1275 Δημόκοπος
1264 1183 1353 1274 ἦν
1397 1184 1834 1280 ἁρχιτέκτων·
1893 1191 2043 1259 ἐπεὶ
2085 1191 2160 1260 δὲ
2203 1193 2585 1277 τελεσιουρ-

534 1291 749 1386 γήσας
776 1290 853 1360 τὸ
884 1292 1184 1377 θέατρον
1212 1286 1434 1378 μύρον
1462 1306 1605 1368 τοῖς
1635 1293 1886 1362 ἑαυτοῦ
1922 1294 2231 1369 πολίταις
2261 1293 2586 1381 διένειμε,

538 1395 854 1485 Μυρίλλα
913 1390 1285 1479 ἐπεκλήθη.
1358 1393 1597 1460 Nescio
1642 1418 1721 1459 an
1770 1416 1854 1459 ex
1893 1417 1963 1461 re
2004 1397 2200 1461 fictum
2245 1397 2327 1460 sit
2360 1418 2587 1462 nomen

538 1497 876 1576 Βουλίοις,
937 1498 1010 1560 de
1064 1518 1181 1580 quo
1238 1494 1588 1562 Demetrius
1655 1499 1759 1577 (de
1805 1497 1961 1563 eloc.
2012 1496 2206 1583 154)=
2285 1491 2398 1566 Ου’
2453 1500 2590 1586 γοῖρ

538 1601 728 1687 παραὶ
785 1597 1197 1684 προσδοκίαν
1260 1596 1484 1684 μόνον
1556 1602 1907 1689 ἐπηνέχθη
1980 1596 2055 1685 (ἤ
2096 1596 2352 1690 χάρις),
2423 1590 2591 1668 ἄλλ’

542 1700 698 1775 οὐδ’
740 1694 1103 1789 ἠκολούθει
1162 1713 1306 1775 τοῖς
1365 1702 1731 1789 προτέροις.
1799 1696 1844 1788 ἠ
1885 1700 1959 1771 δὲ
2004 1696 2283 1789 τοιαύτη
2326 1698 2593 1772 α’νακο-

543 1803 797 1878 λουθιά
840 1805 1141 1871 καλεῖται
1179 1816 1447 1890 γρῖφος·
1493 1801 1707 1890 ὥςπερ
1740 1800 1780 1871 o‘
1808 1805 1995 1889 παρὰ
2029 1804 2340 1893 Σώφρονι
2383 1810 2593 1894 ῥητο-

543 1906 753 1998 ρεύων
807 1903 1151 1985 Βουλίοις,
1225 1902 1424 1974 οὐδὲν
1491 1906 1622 1994 γάρ
1694 1899 2089 1975 α’κόλουθσν
2154 1902 2332 1998 αὑτῷ
2388 1909 2591 1995 λέγει.

544 2011 945 2080 Proverhium
991 2019 1124 2072 erat
1164 2006 1466 2082 Βουλίοις
1503 2008 1791 2088 δικάζει·
1836 2014 1952 2076 ἐπὶ
1990 2008 2128 2078 ταῖν
2174 2009 2298 2085 τοὶς
2341 2009 2595 2096 κρίσεις

543 2111 1104 2204 ὖπερτιθεμένων
1151 2108 1426 2193 (Zenoh.
1473 2108 1557 2189 ll,
1606 2110 1757 2196 86),
1821 2114 1980 2196 quod
2023 2134 2161 2176 num
2208 2114 2285 2176 ad
2329 2114 2592 2177 eundem

547 2217 937 2284 referendum
981 2215 1062 2279 sit
1105 2213 1402 2278 incertum
1449 2225 1580 2293 est,
1629 2215 1986 2299 praesertim
2032 2236 2165 2279 cum
2205 2216 2303 2279 hic
2347 2215 2422 2278 ab
2456 2216 2594 2280 aliis

547 2317 818 2393 Βούνας
848 2327 1104 2382 vocetur
1134 2314 1408 2403 (Zenob.
1444 2313 1529 2397 11,
1554 2314 1689 2403 67).
1742 2316 2081 2403 Sophronis
2113 2314 2319 2382 Bulias
2349 2318 2594 2403 ineptus

547 2425 728 2489 homo
761 2421 946 2484 fuisse
975 2420 1255 2498 videtur,
1304 2420 1405 2501 qui
1447 2441 1580 2484 cum
1624 2420 1950 2485 rhetoricis
1993 2420 2313 2504 pigmentis
2357 2440 2595 2484 sermo-

550 2545 689 2589 nem
721 2542 944 2586 ornare
974 2521 1195 2600 vellet,
1241 2521 1584 2604 aenigmata
1627 2523 2009 2607 loquebatur.
2077 2520 2227 2587 Sine
2273 2522 2453 2585 dubio
2485 2543 2594 2587 au-

548 2639 673 2693 tem
717 2623 871 2688 haec
914 2642 1148 2704 quoque
1183 2643 1457 2707 ‚persona
1503 2645 1538 2689 e
1583 2626 1929 2708 quotidiana
1974 2625 2273 2689 hominnm
2318 2626 2444 2690 vita
2490 2627 2597 2690 de·

551 2737 747 2796 sumta
793 2726 926 2789 fuit.
989 2724 1193 2808 Atque
1225 2724 1288 2787 in
1334 2723 1546 2789 horum
1591 2728 1858 2791 moribus
1902 2737 2082 2810 atque
2143 2729 2600 2792 consuetudini—

551 2835 663 2898 bus
710 2827 1171 2905 describendis,
1240 2827 1304 2891 in
1362 2827 1629 2911 ingeniis
1685 2849 1893 2893 eorum
1956 2830 2112 2894 scite
2171 2830 2597 2915 depingendis,

557 2932 893 3019 Sophronis
951 2928 1322 3015 potissimum
1382 2951 1485 2994 ars
1544 2930 1953 3015 spectabatur.
2050 2926 2261 3016 ltaque
2322 2934 2599 3016 quamvis

555 3037 784 3103 Dorica
814 3032 1390 3098 dialecto'utehatur
1426 3041 1487 3111 ¹,
1533 3034 1719 3098 multa
1761 3042 1964 3097 tamen
2007 3034 2084 3099 iis
2130 3035 2453 3100 immiscuit
2498 3033 2599 3100 Si·

557 3140 734 3206 ciliae
778 3146 1011 3202 tantum
1055 3136 1295 3220 propria
1331 3142 1392 3215 ²,
1452 3145 1631 3220 atque
1679 3135 1833 3200 haud
1875 3157 2068 3221 pauca
2114 3158 2198 3202 ex
2242 3157 2351 3202 ore
2395 3137 2601 3223 populi

558 3330 585 3382 1
623 3332 836 3389 Argum.
877 3323 1097 3379 Theocr.
1148 3321 1353 3394 Δωρίδι
1397 3328 1488 3377 καὶ
1515 3320 1662 3377 Ἰάδι
1695 3320 1951 3392 διαλέκτῳ
1986 3326 2180 3398 χρῇται
2219 3322 2251 3378 ὁ
2290 3320 2599 3393 Θεόκριτος,

625 3391 855 3465 μάλιστα
889 3396 959 3460 τῆ
995 3392 1243 3462 ἀνειμένη
1277 3401 1366 3446 καὶ
1401 3392 1659 3461 χθαμαλῆ
1703 3397 1793 3447 Δω
1831 3391 1907 3446 ι’ὃι
1938 3404 2063 3464 περὶ
2097 3395 2199 3460 τὴν
2229 3395 2328 3446 τοῦ
2352 3392 2604 3462 Ἐπιχάρ-

625 3483 733 3532 μον
765 3469 854 3515 καὶ
887 3449 1221 3532 Σ“ώφρονος,’
1253 3466 1322 3516 cl.
1362 3463 1546 3516 Valck.
1585 3449 1666 3531 eff».
1706 3466 1768 3514 ad
1797 3414 1968 3515 (ἰὶοον.
2010 3482 2056 3532 p.
2084 3464 2222 3516 le.
2245 3465 2406 3532 intpp.
2438 3463 2596 3528 Gress.

627 3536 746 3585 Cor.
788 3550 834 3601 p.
877 3535 971 3585 371
1014 3535 1204 3585 tradit:
1258 3536 1369 3584 Καὶ
1404 3533 1574 3584 ταῦτα
1606 3530 1708 3598 μὲν
1739 3539 1864 3601 περὶ
1899 3533 1996 3598 τῆς
2027 3529 2287 3601 Δωρίδος.
2341 3533 2603 3601 Διαφέρει

627 3597 687 3653 δὲ
723 3597 757 3667 ἧ
793 3600 902 3652 τῶν
934 3601 1166 3685 Κρητῶν
1199 3597 1503 3663 διάλεκτος,
1539 3591 1682 3673 ᾗπερ
1715 3597 1971 3669 Κυψέλοις
2004 3598 2264 3671 ἐχρήσατο
2299 3606 2388 3653 καὶ
2423 3598 2458 3668 ἡ
2495 3601 2604 3652 τῶν

627 3665 944 3731 Λακώνων,
991 3689 1131 3741 ῃπερ
1160 3667 1414 3737 Ἀλκμὰν
1444 3675 1534 3721 καὶ
1566 3668 1817 3737 Σώφρων
1860 3667 2201 3736 ἐστοίχησαν,
2252 3669 2414 3723 Ιίοοη.
2455 3677 2606 3737 putat

628 3738 880 3789 excidisse
916 3740 1074 3790 vei-ha
1108 3737 1142 3804 ἦ
1178 3739 1289 3791 τῶν
1321 3735 1558 3790 Σικελῶν
1591 3730 1730 3809 ἤπερ
1765 3755 1820 3790 v.
1860 3747 1978 3791 aute
2011 3736 2278 3810 Σώφρων.

560 3826 595 3881 2
628 3822 703 3875 Eo
741 3824 1000 3887 pertinent
1025 3840 1109 3875 vv.
1138 3821 1337 3890 ἧμίνα,
1374 3821 1558 3892 ὀγκία,
1593 3820 1778 3892 liz-pa,
1816 3827 2001 3892 quibas
2034 3834 2135 3877 tam
2163 3826 2409 3893 Sophron,
2452 3841 2604 3911 quam

629 3892 966 3959 Epicharmus
1012 3908 1136 3943 usus
1171 3902 1251 3944 est
1300 3893 1393 3956 (cf.
1431 3894 1619 3945 Athen.
1658 3893 1726 3945 ΧΙ
1769 3911 1816 3962 p.
1856 3897 1956 3948 479
1991 3896 2048 3947 B.
2089 3894 2236 3946 Phot.
2275 3910 2320 3946 ε.
2359 3911 2411 3946 ν.
2453 3896 2605 3963 ογκία

630 3957 814 4028 λέπρα,
879 3962 945 4012 cl.
991 3959 1306 4025 Kruseman,
1352 3961 1642 4028 Epicharmi
1696 3964 1894 4028 frgmm.
1936 3981 1984 4031 p.
2025 3965 2123 4018 124
2148 3963 2285 4030 sq.),
2337 3960 2607 4034 κάρκαρον

568 4061 575 4072 -
631 4030 807 4098 (Phot.
847 4044 892 4080 ε.
930 4029 1047 4095 ν.),
1097 4026 1296 4082 κώθων
1328 4031 1538 4093 (Athen.
1578 4031 1669 4083 Vll
1705 4049 1754 4100 p·
1794 4033 1894 4089 309
1915 4032 2033 4098 (L),
2083 4034 2277 4099 μοῒτον
2310 4032 2503 4099 (Varro
2541 4031 2597 4083 L.

95 4067 161 4305 Ι
288 4167 293 4170 ⁷
631 4099 689 4152 L,
732 4097 798 4165 V,
841 4099 994 4165 170),
1031 4095 1249 4151 πατάνα
1283 4098 1437 4166 (Poll.
1477 4099 1565 4164 vl,
1605 4101 1713 4168 90)·

576 4509 659 4600 Ἠ
698 4433 705 4436 ,
