<?xml version="1.0" encoding="UTF-8"?>
<!DOCTYPE html PUBLIC "-//W3C//DTD XHTML 1.0 Transitional//EN"
    "http://www.w3.org/TR/xhtml1/DTD/xhtml1-transitional.dtd">
<html xmlns="http://www.w3.org/1999/xhtml" xml:lang="en" lang="en">
 <head>
  <title>
</title>
<meta http-equiv="Content-Type" content="text/html;charset=utf-8" />
  <meta name='ocr-system' content='tesseract 3.04.00' />
  <meta name='ocr-capabilities' content='ocr_page ocr_carea ocr_par ocr_line ocrx_word'/>
</head>
<body>
  <div class='ocr_page' id='page_1' title='image "./satirarumliberc01jahngoog_0152.png"; bbox 0 0 2764 4738; ppageno 0'>
   <div class='ocr_carea' id='block_1_1' title="bbox 914 414 2296 481">
    <p class='ocr_par' dir='ltr' id='par_1_1' title="bbox 914 414 2296 481">
     <span class='ocr_line' id='line_1_1' title="bbox 914 414 2296 481; baseline 0 -1"><span class='ocrx_word' id='word_1_1' title='bbox 914 414 1643 480; x_wconf 76' lang='lat' dir='ltr'>PROLEGOMENA.</span> <span class='ocrx_word' id='word_1_2' title='bbox 2032 435 2296 481; x_wconf 82' lang='lat' dir='ltr'>cxxxvu</span> 
     </span>
    </p>
   </div>
   <div class='ocr_carea' id='block_1_2' title="bbox 305 576 2301 1509">
    <p class='ocr_par' dir='ltr' id='par_1_2' title="bbox 305 576 2301 1509">
     <span class='ocr_line' id='line_1_2' title="bbox 306 576 2294 657; baseline -0.003 -16"><span class='ocrx_word' id='word_1_3' title='bbox 306 590 564 641; x_wconf 63' lang='lat' dir='ltr'>mnu-ni</span> <span class='ocrx_word' id='word_1_4' title='bbox 601 588 869 656; x_wconf 68' lang='lat' dir='ltr'>magisque</span> <span class='ocrx_word' id='word_1_5' title='bbox 904 586 1176 657; x_wconf 84' lang='lat' dir='ltr'>opprobrio</span> <span class='ocrx_word' id='word_1_6' title='bbox 1210 587 1532 653; x_wconf 72' lang='lat' dir='ltr'>legentibus,</span> <span class='ocrx_word' id='word_1_7' title='bbox 1583 598 1735 655; x_wconf 85' lang='lat' dir='ltr'>quam</span> <span class='ocrx_word' id='word_1_8' title='bbox 1777 582 1975 652; x_wconf 68' lang='lat' dir='ltr'>gloriae</span> <span class='ocrx_word' id='word_1_9' title='bbox 2011 590 2064 636; x_wconf 89' lang='lat' dir='ltr'>et</span> <span class='ocrx_word' id='word_1_10' title='bbox 2100 576 2294 637; x_wconf 71' lang='lat' dir='ltr'>fructui</span> 
     </span>
     <span class='ocr_line' id='line_1_3' title="bbox 307 670 2297 740; baseline -0.002 -14"><span class='ocrx_word' id='word_1_11' title='bbox 307 692 428 727; x_wconf 83' lang='lat' dir='ltr'>esse</span> <span class='ocrx_word' id='word_1_12' title='bbox 478 674 953 739; x_wconf 78' lang='lat' dir='ltr'>animadverteret,</span> <span class='ocrx_word' id='word_1_13' title='bbox 1003 673 1333 724; x_wconf 89' lang='lat' dir='ltr'>nihilominus</span> <span class='ocrx_word' id='word_1_14' title='bbox 1382 674 1434 724; x_wconf 90' lang='lat' dir='ltr'>in</span> <span class='ocrx_word' id='word_1_15' title='bbox 1472 673 1728 740; x_wconf 87' lang='lat' dir='ltr'>proposito</span> <span class='ocrx_word' id='word_1_16' title='bbox 1765 671 1983 732; x_wconf 76' lang='lat' dir='ltr'>mansit,</span> <span class='ocrx_word' id='word_1_17' title='bbox 2033 670 2297 739; x_wconf 80' lang='lat' dir='ltr'>multaque</span> 
     </span>
     <span class='ocr_line' id='line_1_4' title="bbox 305 757 2298 827; baseline -0.003 -15"><span class='ocrx_word' id='word_1_18' title='bbox 305 761 629 827; x_wconf 77' lang='lat' dir='ltr'>exemplaria</span> <span class='ocrx_word' id='word_1_19' title='bbox 664 766 931 811; x_wconf 82' lang='lat' dir='ltr'>contracta</span> <span class='ocrx_word' id='word_1_20' title='bbox 964 767 980 793; x_wconf 82' lang='lat'><em>¹</em></span> <span class='ocrx_word' id='word_1_21' title='bbox 1015 760 1286 810; x_wconf 81' lang='lat' dir='ltr'>emendare</span> <span class='ocrx_word' id='word_1_22' title='bbox 1323 774 1384 810; x_wconf 85' lang='lat' dir='ltr'>ac</span> <span class='ocrx_word' id='word_1_23' title='bbox 1421 758 1740 823; x_wconf 76' lang='lat' dir='ltr'>distinguere</span> <span class='ocrx_word' id='word_1_24' title='bbox 1777 764 1831 808; x_wconf 93' lang='lat' dir='ltr'>et</span> <span class='ocrx_word' id='word_1_25' title='bbox 1865 757 2111 808; x_wconf 76' lang='lat' dir='ltr'>adnotare</span> <span class='ocrx_word' id='word_1_26' title='bbox 2146 770 2298 807; x_wconf 85' lang='lat' dir='ltr'>cura·</span> 
     </span>
     <span class='ocr_line' id='line_1_5' title="bbox 308 840 2297 911; baseline -0.002 -16"><span class='ocrx_word' id='word_1_27' title='bbox 308 847 428 909; x_wconf 80' lang='lat' dir='ltr'>vit,</span> <span class='ocrx_word' id='word_1_28' title='bbox 475 846 574 895; x_wconf 81' lang='lat' dir='ltr'>soli</span> <span class='ocrx_word' id='word_1_29' title='bbox 615 844 735 903; x_wconf 81' lang='lat' dir='ltr'>huic</span> <span class='ocrx_word' id='word_1_30' title='bbox 773 860 866 895; x_wconf 89' lang='lat' dir='ltr'>nec</span> <span class='ocrx_word' id='word_1_31' title='bbox 903 844 995 896; x_wconf 91' lang='lat' dir='ltr'>ulli</span> <span class='ocrx_word' id='word_1_32' title='bbox 1033 852 1300 911; x_wconf 75' lang='lat' dir='ltr'>praeterea</span> <span class='ocrx_word' id='word_1_33' title='bbox 1335 845 1696 909; x_wconf 71' lang='lat' dir='ltr'><strong>grammatices</strong></span> <span class='ocrx_word' id='word_1_34' title='bbox 1731 842 1864 910; x_wconf 83' lang='lat' dir='ltr'>parti</span> <span class='ocrx_word' id='word_1_35' title='bbox 1911 841 2140 893; x_wconf 87' lang='lat' dir='ltr'>deditus.</span> <span class='ocrx_word' id='word_1_36' title='bbox 2201 840 2297 892; x_wconf 78' lang='lat' dir='ltr'>Hic</span> 
     </span>
     <span class='ocr_line' id='line_1_6' title="bbox 309 926 2298 997; baseline -0.002 -15"><span class='ocrx_word' id='word_1_37' title='bbox 309 947 416 983; x_wconf 77' lang='lat' dir='ltr'>non</span> <span class='ocrx_word' id='word_1_38' title='bbox 450 939 558 982; x_wconf 74' lang='lat' dir='ltr'>tam</span> <span class='ocrx_word' id='word_1_39' title='bbox 609 931 919 997; x_wconf 85' lang='lat' dir='ltr'>discipulos,</span> <span class='ocrx_word' id='word_1_40' title='bbox 979 947 1127 997; x_wconf 83' lang='lat' dir='ltr'>quam</span> <span class='ocrx_word' id='word_1_41' title='bbox 1177 937 1464 982; x_wconf 78' lang='lat' dir='ltr'>sectatores</span> <span class='ocrx_word' id='word_1_42' title='bbox 1513 929 1710 996; x_wconf 76' lang='lat' dir='ltr'>aliquot</span> <span class='ocrx_word' id='word_1_43' title='bbox 1760 926 1977 991; x_wconf 78' lang='lat' dir='ltr'>habuit,</span> <span class='ocrx_word' id='word_1_44' title='bbox 2027 941 2298 993; x_wconf 76' lang='lat' dir='ltr'>numquam</span> 
     </span>
     <span class='ocr_line' id='line_1_7' title="bbox 306 1010 2301 1085; baseline -0.003 -17"><span class='ocrx_word' id='word_1_45' title='bbox 306 1019 449 1068; x_wconf 79' lang='lat' dir='ltr'>enin</span> <span class='ocrx_word' id='word_1_46' title='bbox 485 1016 561 1067; x_wconf 86' lang='lat' dir='ltr'>ita</span> <span class='ocrx_word' id='word_1_47' title='bbox 598 1015 800 1080; x_wconf 85' lang='lat' dir='ltr'>docuit,</span> <span class='ocrx_word' id='word_1_48' title='bbox 837 1022 898 1067; x_wconf 88' lang='lat' dir='ltr'>ut</span> <span class='ocrx_word' id='word_1_49' title='bbox 930 1016 1165 1081; x_wconf 71' lang='lat' dir='ltr'>magistri</span> <span class='ocrx_word' id='word_1_50' title='bbox 1201 1032 1468 1085; x_wconf 81' lang='lat' dir='ltr'>personam</span> <span class='ocrx_word' id='word_1_51' title='bbox 1503 1015 1819 1073; x_wconf 73' lang='lat' dir='ltr'>sustineret,</span> <span class='ocrx_word' id='word_1_52' title='bbox 1860 1028 2011 1063; x_wconf 89' lang='lat' dir='ltr'>unum</span> <span class='ocrx_word' id='word_1_53' title='bbox 2049 1012 2134 1063; x_wconf 84' lang='lat' dir='ltr'>vel</span> <span class='ocrx_word' id='word_1_54' title='bbox 2167 1010 2301 1063; x_wconf 79' lang='lat' dir='ltr'>slte-</span> 
     </span>
     <span class='ocr_line' id='line_1_8' title="bbox 310 1096 2298 1169; baseline -0.003 -16"><span class='ocrx_word' id='word_1_55' title='bbox 310 1118 464 1165; x_wconf 81' lang='lat' dir='ltr'>rnm,</span> <span class='ocrx_word' id='word_1_56' title='bbox 514 1100 602 1153; x_wconf 75' lang='lat' dir='ltr'>vel</span> <span class='ocrx_word' id='word_1_57' title='bbox 647 1117 759 1153; x_wconf 83' lang='lat' dir='ltr'>eum</span> <span class='ocrx_word' id='word_1_58' title='bbox 806 1102 1052 1169; x_wconf 89' lang='lat' dir='ltr'>plurimos</span> <span class='ocrx_word' id='word_1_59' title='bbox 1103 1110 1212 1154; x_wconf 85' lang='lat' dir='ltr'>tres</span> <span class='ocrx_word' id='word_1_60' title='bbox 1259 1110 1351 1154; x_wconf 78' lang='lat' dir='ltr'>sut</span> <span class='ocrx_word' id='word_1_61' title='bbox 1400 1108 1641 1169; x_wconf 85' lang='lat' dir='ltr'>quattuor</span> <span class='ocrx_word' id='word_1_62' title='bbox 1689 1098 2103 1167; x_wconf 72' lang='lat' dir='ltr'>postmeridianis</span> <span class='ocrx_word' id='word_1_63' title='bbox 2158 1096 2298 1148; x_wconf 83' lang='lat' dir='ltr'>horis</span> 
     </span>
     <span class='ocr_line' id='line_1_9' title="bbox 306 1184 2298 1255; baseline -0.003 -16"><span class='ocrx_word' id='word_1_64' title='bbox 306 1189 592 1239; x_wconf 71' lang='lat' dir='ltr'>admittere</span> <span class='ocrx_word' id='word_1_65' title='bbox 636 1186 874 1250; x_wconf 77' lang='lat' dir='ltr'>solebat,</span> <span class='ocrx_word' id='word_1_66' title='bbox 926 1187 1221 1255; x_wconf 86' lang='lat' dir='ltr'>cubansque</span> <span class='ocrx_word' id='word_1_67' title='bbox 1268 1189 1408 1239; x_wconf 88' lang='lat' dir='ltr'>inter</span> <span class='ocrx_word' id='word_1_68' title='bbox 1451 1187 1629 1252; x_wconf 79' lang='lat' dir='ltr'>longos</span> <span class='ocrx_word' id='word_1_69' title='bbox 1665 1200 1724 1236; x_wconf 86' lang='lat' dir='ltr'>ac</span> <span class='ocrx_word' id='word_1_70' title='bbox 1759 1184 2002 1249; x_wconf 79' lang='lat' dir='ltr'>vulgares</span> <span class='ocrx_word' id='word_1_71' title='bbox 2037 1198 2298 1235; x_wconf 86' lang='lat' dir='ltr'>sermones</span> 
     </span>
     <span class='ocr_line' id='line_1_10' title="bbox 309 1270 2299 1339; baseline -0.003 -15"><span class='ocrx_word' id='word_1_72' title='bbox 309 1274 491 1337; x_wconf 70' lang='lat' dir='ltr'>legere</span> <span class='ocrx_word' id='word_1_73' title='bbox 520 1279 541 1305; x_wconf 79' lang='lat'><strong>²</strong></span> <span class='ocrx_word' id='word_1_74' title='bbox 576 1272 857 1338; x_wconf 78' lang='lat' dir='ltr'>quaedam,</span> <span class='ocrx_word' id='word_1_75' title='bbox 897 1271 1049 1339; x_wconf 88' lang='lat' dir='ltr'>idque</span> <span class='ocrx_word' id='word_1_76' title='bbox 1088 1289 1317 1339; x_wconf 80' lang='lat' dir='ltr'>perraro.</span> <span class='ocrx_word' id='word_1_77' title='bbox 1377 1271 1544 1325; x_wconf 89' lang='lat' dir='ltr'>Nimis</span> <span class='ocrx_word' id='word_1_78' title='bbox 1580 1285 1742 1338; x_wconf 82' lang='lat' dir='ltr'>pauca</span> <span class='ocrx_word' id='word_1_79' title='bbox 1776 1277 1830 1321; x_wconf 88' lang='lat' dir='ltr'>et</span> <span class='ocrx_word' id='word_1_80' title='bbox 1865 1271 2048 1334; x_wconf 74' lang='lat' dir='ltr'>exigua</span> <span class='ocrx_word' id='word_1_81' title='bbox 2086 1270 2148 1320; x_wconf 89' lang='lat' dir='ltr'>de</span> <span class='ocrx_word' id='word_1_82' title='bbox 2185 1270 2299 1336; x_wconf 88' lang='lat' dir='ltr'>qui-</span> 
     </span>
     <span class='ocr_line' id='line_1_11' title="bbox 309 1355 2300 1423; baseline -0.003 -14"><span class='ocrx_word' id='word_1_83' title='bbox 309 1358 529 1409; x_wconf 78' lang='lat' dir='ltr'>busdam</span> <span class='ocrx_word' id='word_1_84' title='bbox 567 1358 779 1408; x_wconf 81' lang='lat' dir='ltr'>minutis</span> <span class='ocrx_word' id='word_1_85' title='bbox 814 1359 1222 1423; x_wconf 73' lang='lat' dir='ltr'>quaestiunculis</span> <span class='ocrx_word' id='word_1_86' title='bbox 1258 1359 1454 1423; x_wconf 79' lang='lat' dir='ltr'>edidit,</span> <span class='ocrx_word' id='word_1_87' title='bbox 1502 1358 1714 1423; x_wconf 86' lang='lat' dir='ltr'>reliquit</span> <span class='ocrx_word' id='word_1_88' title='bbox 1762 1363 1932 1407; x_wconf 87' lang='lat' dir='ltr'>autem</span> <span class='ocrx_word' id='word_1_89' title='bbox 1970 1371 2068 1406; x_wconf 89' lang='lat' dir='ltr'>non</span> <span class='ocrx_word' id='word_1_90' title='bbox 2106 1355 2300 1405; x_wconf 88' lang='lat' dir='ltr'>medio-</span> 
     </span>
     <span class='ocr_line' id='line_1_12' title="bbox 310 1441 1671 1509; baseline 0.001 -15"><span class='ocrx_word' id='word_1_91' title='bbox 310 1460 455 1494; x_wconf 84' lang='lat' dir='ltr'>crem</span> <span class='ocrx_word' id='word_1_92' title='bbox 493 1443 679 1493; x_wconf 78' lang='lat' dir='ltr'>silvam</span> <span class='ocrx_word' id='word_1_93' title='bbox 713 1441 1130 1495; x_wconf 85' lang='lat' dir='ltr'>observationum</span> <span class='ocrx_word' id='word_1_94' title='bbox 1165 1443 1415 1496; x_wconf 86' lang='lat' dir='ltr'>sermonis</span> <span class='ocrx_word' id='word_1_95' title='bbox 1449 1443 1671 1509; x_wconf 76' lang='lat' dir='ltr'>antiqui.</span> 
     </span>
    </p>
   </div>
   <div class='ocr_carea' id='block_1_3' title="bbox 234 1539 2301 3674">
    <p class='ocr_par' dir='ltr' id='par_1_3' title="bbox 234 1539 2301 3674">
     <span class='ocr_line' id='line_1_13' title="bbox 234 1539 2296 1629; baseline -0.001 -20"><span class='ocrx_word' id='word_1_96' title='bbox 234 1544 423 1609; x_wconf 76' lang='lat' dir='ltr'>Hunc</span> <span class='ocrx_word' id='word_1_97' title='bbox 460 1542 870 1629; x_wconf 81' lang='lat' dir='ltr'>Hieronymus</span> <span class='ocrx_word' id='word_1_98' title='bbox 899 1545 960 1608; x_wconf 90' lang='lat' dir='ltr'>in</span> <span class='ocrx_word' id='word_1_99' title='bbox 993 1546 1208 1609; x_wconf 89' lang='lat' dir='ltr'>chron.</span> <span class='ocrx_word' id='word_1_100' title='bbox 1242 1546 1316 1609; x_wconf 91' lang='lat' dir='ltr'>ad</span> <span class='ocrx_word' id='word_1_101' title='bbox 1350 1545 1432 1608; x_wconf 90' lang='lat' dir='ltr'>ol.</span> <span class='ocrx_word' id='word_1_102' title='bbox 1464 1539 1752 1622; x_wconf 80' lang='lat' dir='ltr'>CCVIII,</span> <span class='ocrx_word' id='word_1_103' title='bbox 1784 1540 1853 1622; x_wconf 84' lang='grc'>4,</span> <span class='ocrx_word' id='word_1_104' title='bbox 1887 1541 2296 1608; x_wconf 75' lang='lat' dir='ltr'>Cassiodorus</span> 
     </span>
     <span class='ocr_line' id='line_1_14' title="bbox 234 1641 2289 1729; baseline -0.002 -18"><span class='ocrx_word' id='word_1_105' title='bbox 234 1648 317 1711; x_wconf 86' lang='lat' dir='ltr'>ad</span> <span class='ocrx_word' id='word_1_106' title='bbox 362 1647 736 1709; x_wconf 87' lang='lat' dir='ltr'>consulatum</span> <span class='ocrx_word' id='word_1_107' title='bbox 786 1643 1132 1712; x_wconf 77' lang='lat' dir='ltr'>Marcellini</span> <span class='ocrx_word' id='word_1_108' title='bbox 1175 1656 1239 1712; x_wconf 88' lang='lat' dir='ltr'>et</span> <span class='ocrx_word' id='word_1_109' title='bbox 1281 1647 1543 1711; x_wconf 82' lang='lat' dir='ltr'>Aviolae</span> <span class='ocrx_word' id='word_1_110' title='bbox 1576 1668 1635 1709; x_wconf 90' lang='lat' dir='ltr'>a.</span> <span class='ocrx_word' id='word_1_111' title='bbox 1673 1667 1734 1709; x_wconf 92' lang='grc' dir='ltr'>ιι.</span> <span class='ocrx_word' id='word_1_112' title='bbox 1770 1669 1827 1710; x_wconf 91' lang='lat' dir='ltr'>c.</span> <span class='ocrx_word' id='word_1_113' title='bbox 1862 1643 2011 1725; x_wconf 88' lang='grc'><strong>807,</strong></span> <span class='ocrx_word' id='word_1_114' title='bbox 2047 1667 2101 1729; x_wconf 90' lang='lat' dir='ltr'>p.</span> <span class='ocrx_word' id='word_1_115' title='bbox 2138 1641 2289 1709; x_wconf 87' lang='lat' dir='ltr'>Chr.</span> 
     </span>
     <span class='ocr_line' id='line_1_15' title="bbox 240 1744 2296 1834; baseline -0.001 -23"><span class='ocrx_word' id='word_1_116' title='bbox 240 1748 326 1811; x_wconf 81' lang='lat'>55</span> <span class='ocrx_word' id='word_1_117' title='bbox 357 1751 592 1823; x_wconf 77' lang='lat' dir='ltr'>refert,</span> <span class='ocrx_word' id='word_1_118' title='bbox 641 1747 972 1812; x_wconf 82' lang='lat' dir='ltr'>chronicon</span> <span class='ocrx_word' id='word_1_119' title='bbox 1018 1747 1446 1834; x_wconf 85' lang='lat' dir='ltr'>Urspergense</span> <span class='ocrx_word' id='word_1_120' title='bbox 1488 1748 1577 1833; x_wconf 91' lang='lat' dir='ltr'>(p.</span> <span class='ocrx_word' id='word_1_121' title='bbox 1612 1746 1696 1813; x_wconf 84' lang='lat'>47</span> <span class='ocrx_word' id='word_1_122' title='bbox 1728 1749 1827 1813; x_wconf 87' lang='lat' dir='ltr'>ed.</span> <span class='ocrx_word' id='word_1_123' title='bbox 1866 1744 2061 1829; x_wconf 81' lang='lat'>1609)</span> <span class='ocrx_word' id='word_1_124' title='bbox 2093 1768 2154 1812; x_wconf 89' lang='lat' dir='ltr'>a.</span> <span class='ocrx_word' id='word_1_125' title='bbox 2188 1747 2296 1810; x_wconf 88' lang='lat' dir='ltr'>do-</span> 
     </span>
     <span class='ocr_line' id='line_1_16' title="bbox 239 1847 2295 1929; baseline -0 -16"><span class='ocrx_word' id='word_1_126' title='bbox 239 1850 386 1913; x_wconf 87' lang='lat' dir='ltr'>mini</span> <span class='ocrx_word' id='word_1_127' title='bbox 419 1848 504 1913; x_wconf 84' lang='lat'>59</span> <span class='ocrx_word' id='word_1_128' title='bbox 536 1850 828 1914; x_wconf 77' lang='lat' dir='ltr'>claruisse</span> <span class='ocrx_word' id='word_1_129' title='bbox 861 1851 1077 1929; x_wconf 81' lang='lat' dir='ltr'>tradit,</span> <span class='ocrx_word' id='word_1_130' title='bbox 1129 1850 1288 1914; x_wconf 89' lang='lat' dir='ltr'>unde</span> <span class='ocrx_word' id='word_1_131' title='bbox 1332 1849 1482 1915; x_wconf 89' lang='lat' dir='ltr'>satis</span> <span class='ocrx_word' id='word_1_132' title='bbox 1526 1861 1804 1928; x_wconf 88' lang='lat' dir='ltr'>constat,</span> <span class='ocrx_word' id='word_1_133' title='bbox 1854 1872 1990 1915; x_wconf 90' lang='lat' dir='ltr'>eum</span> <span class='ocrx_word' id='word_1_134' title='bbox 2021 1849 2132 1914; x_wconf 85' lang='lat' dir='ltr'>suh</span> <span class='ocrx_word' id='word_1_135' title='bbox 2163 1847 2295 1913; x_wconf 89' lang='lat' dir='ltr'>Ne-</span> 
     </span>
     <span class='ocr_line' id='line_1_17' title="bbox 240 1949 2296 2033; baseline -0.001 -18"><span class='ocrx_word' id='word_1_136' title='bbox 240 1972 397 2015; x_wconf 85' lang='lat' dir='ltr'>rone</span> <span class='ocrx_word' id='word_1_137' title='bbox 441 1950 703 2015; x_wconf 78' lang='lat' dir='ltr'>vixisse.</span> <span class='ocrx_word' id='word_1_138' title='bbox 782 1949 848 2016; x_wconf 92' lang='lat' dir='ltr'>Si</span> <span class='ocrx_word' id='word_1_139' title='bbox 893 1952 1052 2016; x_wconf 86' lang='lat' dir='ltr'>idem</span> <span class='ocrx_word' id='word_1_140' title='bbox 1095 1964 1227 2032; x_wconf 89' lang='lat' dir='ltr'>est,</span> <span class='ocrx_word' id='word_1_141' title='bbox 1272 1963 1342 2017; x_wconf 90' lang='lat' dir='ltr'>ut</span> <span class='ocrx_word' id='word_1_142' title='bbox 1382 1952 1713 2017; x_wconf 85' lang='lat' dir='ltr'>verisimile</span> <span class='ocrx_word' id='word_1_143' title='bbox 1744 1952 2022 2030; x_wconf 84' lang='lat' dir='ltr'>videtur,</span> <span class='ocrx_word' id='word_1_144' title='bbox 2071 1952 2145 2016; x_wconf 83' lang='lat' dir='ltr'>de</span> <span class='ocrx_word' id='word_1_145' title='bbox 2178 1972 2296 2033; x_wconf 89' lang='lat' dir='ltr'>quo</span> 
     </span>
     <span class='ocr_line' id='line_1_18' title="bbox 238 2050 2296 2139; baseline -0.002 -21"><span class='ocrx_word' id='word_1_146' title='bbox 238 2051 551 2118; x_wconf 72' lang='lat' dir='ltr'>Martialis</span> <span class='ocrx_word' id='word_1_147' title='bbox 583 2053 729 2117; x_wconf 89' lang='lat' dir='ltr'>dicit</span> <span class='ocrx_word' id='word_1_148' title='bbox 756 2050 901 2135; x_wconf 84' lang='grc' dir='ltr'>(ΙΙΙ,</span> <span class='ocrx_word' id='word_1_149' title='bbox 934 2053 1001 2135; x_wconf 82' lang='grc'>2,</span> <span class='ocrx_word' id='word_1_150' title='bbox 1041 2052 1149 2139; x_wconf 83' lang='grc'>12)</span> <span class='ocrx_word' id='word_1_151' title='bbox 1179 2054 1256 2118; x_wconf 88' lang='lat' dir='ltr'>ad</span> <span class='ocrx_word' id='word_1_152' title='bbox 1285 2054 1502 2118; x_wconf 87' lang='lat' dir='ltr'>librum</span> <span class='ocrx_word' id='word_1_153' title='bbox 1534 2076 1745 2120; x_wconf 78' lang='lat' dir='ltr'>suum:</span> <span class='ocrx_word' id='word_1_154' title='bbox 1780 2055 1903 2119; x_wconf 87' lang='lat' dir='ltr'>Illo</span> <span class='ocrx_word' id='word_1_155' title='bbox 1937 2050 2296 2135; x_wconf 88' lang='lat' dir='ltr'>(Faustino)</span> 
     </span>
     <span class='ocr_line' id='line_1_19' title="bbox 240 2152 2298 2241; baseline -0 -22"><span class='ocrx_word' id='word_1_156' title='bbox 240 2157 491 2220; x_wconf 74' lang='lat' dir='ltr'>vindice</span> <span class='ocrx_word' id='word_1_157' title='bbox 531 2176 650 2218; x_wconf 84' lang='lat' dir='ltr'>nec</span> <span class='ocrx_word' id='word_1_158' title='bbox 703 2153 971 2220; x_wconf 77' lang='lat' dir='ltr'>Probum</span> <span class='ocrx_word' id='word_1_159' title='bbox 1029 2158 1276 2231; x_wconf 58' lang='lat' dir='ltr'>abacto,</span> <span class='ocrx_word' id='word_1_160' title='bbox 1339 2157 1526 2222; x_wconf 84' lang='lat' dir='ltr'>vitam</span> <span class='ocrx_word' id='word_1_161' title='bbox 1586 2178 1772 2241; x_wconf 87' lang='lat' dir='ltr'>usque</span> <span class='ocrx_word' id='word_1_162' title='bbox 1827 2157 1903 2221; x_wconf 89' lang='lat' dir='ltr'>ad</span> <span class='ocrx_word' id='word_1_163' title='bbox 1965 2152 2298 2218; x_wconf 82' lang='lat' dir='ltr'>Domitiani</span> 
     </span>
     <span class='ocr_line' id='line_1_20' title="bbox 246 2256 2300 2343; baseline -0.002 -19"><span class='ocrx_word' id='word_1_164' title='bbox 246 2271 529 2343; x_wconf 87' lang='lat' dir='ltr'>tempora</span> <span class='ocrx_word' id='word_1_165' title='bbox 587 2257 913 2342; x_wconf 81' lang='lat' dir='ltr'>produxit,</span> <span class='ocrx_word' id='word_1_166' title='bbox 973 2279 1107 2322; x_wconf 92' lang='lat' dir='ltr'>cum</span> <span class='ocrx_word' id='word_1_167' title='bbox 1177 2277 1251 2321; x_wconf 85' lang='lat' dir='ltr'>ea</span> <span class='ocrx_word' id='word_1_168' title='bbox 1304 2280 1430 2323; x_wconf 91' lang='lat' dir='ltr'>non</span> <span class='ocrx_word' id='word_1_169' title='bbox 1484 2259 1604 2323; x_wconf 87' lang='lat' dir='ltr'>nisi</span> <span class='ocrx_word' id='word_1_170' title='bbox 1664 2260 1737 2323; x_wconf 92' lang='lat' dir='ltr'>de</span> <span class='ocrx_word' id='word_1_171' title='bbox 1794 2259 1937 2324; x_wconf 85' lang='lat' dir='ltr'>vivo</span> <span class='ocrx_word' id='word_1_172' title='bbox 1992 2267 2127 2342; x_wconf 85' lang='lat' dir='ltr'>apte</span> <span class='ocrx_word' id='word_1_173' title='bbox 2184 2256 2300 2320; x_wconf 89' lang='lat' dir='ltr'>dici</span> 
     </span>
     <span class='ocr_line' id='line_1_21' title="bbox 238 2356 2298 2447; baseline 0.001 -24"><span class='ocrx_word' id='word_1_174' title='bbox 238 2361 574 2447; x_wconf 86' lang='lat' dir='ltr'>potuerint.</span> <span class='ocrx_word' id='word_1_175' title='bbox 652 2356 797 2424; x_wconf 87' lang='lat' dir='ltr'>Fuit</span> <span class='ocrx_word' id='word_1_176' title='bbox 851 2372 1054 2426; x_wconf 79' lang='lat' dir='ltr'>nutem</span> <span class='ocrx_word' id='word_1_177' title='bbox 1114 2383 1337 2426; x_wconf 86' lang='lat' dir='ltr'>revera</span> <span class='ocrx_word' id='word_1_178' title='bbox 1398 2358 1684 2426; x_wconf 89' lang='lat' dir='ltr'>Valerius</span> <span class='ocrx_word' id='word_1_179' title='bbox 1739 2358 1980 2426; x_wconf 86' lang='lat' dir='ltr'>Probus</span> <span class='ocrx_word' id='word_1_180' title='bbox 2039 2380 2298 2426; x_wconf 86' lang='lat' dir='ltr'>severus</span> 
     </span>
     <span class='ocr_line' id='line_1_22' title="bbox 240 2460 2299 2551; baseline 0.001 -26"><span class='ocrx_word' id='word_1_181' title='bbox 240 2473 563 2551; x_wconf 87' lang='lat' dir='ltr'>poetarum</span> <span class='ocrx_word' id='word_1_182' title='bbox 595 2481 819 2526; x_wconf 88' lang='lat' dir='ltr'>censor</span> <span class='ocrx_word' id='word_1_183' title='bbox 846 2473 910 2527; x_wconf 87' lang='lat' dir='ltr'>et</span> <span class='ocrx_word' id='word_1_184' title='bbox 939 2462 1303 2548; x_wconf 83' lang='lat' dir='ltr'>castigator,</span> <span class='ocrx_word' id='word_1_185' title='bbox 1351 2465 1585 2547; x_wconf 87' lang='lat' dir='ltr'>qualem</span> <span class='ocrx_word' id='word_1_186' title='bbox 1632 2463 1716 2527; x_wconf 90' lang='lat' dir='ltr'>ibi</span> <span class='ocrx_word' id='word_1_187' title='bbox 1762 2464 2015 2550; x_wconf 84' lang='lat' dir='ltr'>respicit</span> <span class='ocrx_word' id='word_1_188' title='bbox 2044 2460 2299 2527; x_wconf 81' lang='lat' dir='ltr'>Martia-</span> 
     </span>
     <span class='ocr_line' id='line_1_23' title="bbox 239 2563 2296 2651; baseline 0 -21"><span class='ocrx_word' id='word_1_189' title='bbox 239 2567 316 2630; x_wconf 87' lang='lat' dir='ltr'>lis</span> <span class='ocrx_word' id='word_1_190' title='bbox 336 2611 357 2644; x_wconf 89' lang='lat'>,</span> <span class='ocrx_word' id='word_1_191' title='bbox 408 2585 526 2630; x_wconf 89' lang='lat' dir='ltr'>nec</span> <span class='ocrx_word' id='word_1_192' title='bbox 557 2563 870 2650; x_wconf 85' lang='lat' dir='ltr'>quicquam</span> <span class='ocrx_word' id='word_1_193' title='bbox 899 2574 1034 2644; x_wconf 86' lang='lat' dir='ltr'>est,</span> <span class='ocrx_word' id='word_1_194' title='bbox 1080 2565 1239 2649; x_wconf 89' lang='lat' dir='ltr'>qnod</span> <span class='ocrx_word' id='word_1_195' title='bbox 1271 2565 1554 2651; x_wconf 89' lang='lat' dir='ltr'>impediat</span> <span class='ocrx_word' id='word_1_196' title='bbox 1575 2612 1595 2645; x_wconf 92' lang='lat'>,</span> <span class='ocrx_word' id='word_1_197' title='bbox 1638 2567 1952 2650; x_wconf 87' lang='lat' dir='ltr'>quominus</span> <span class='ocrx_word' id='word_1_198' title='bbox 1984 2587 2120 2631; x_wconf 91' lang='lat' dir='ltr'>eum</span> <span class='ocrx_word' id='word_1_199' title='bbox 2140 2576 2296 2644; x_wconf 90' lang='lat' dir='ltr'>tunc</span> 
     </span>
     <span class='ocr_line' id='line_1_24' title="bbox 235 2664 2296 2753; baseline 0 -22"><span class='ocrx_word' id='word_1_200' title='bbox 235 2666 660 2752; x_wconf 75' lang='lat' dir='ltr'>supervixisse</span> <span class='ocrx_word' id='word_1_201' title='bbox 707 2666 1044 2731; x_wconf 87' lang='lat' dir='ltr'>credamus.</span> <span class='ocrx_word' id='word_1_202' title='bbox 1119 2664 1282 2731; x_wconf 84' lang='lat' dir='ltr'>Nam</span> <span class='ocrx_word' id='word_1_203' title='bbox 1328 2666 1472 2731; x_wconf 88' lang='lat' dir='ltr'>illud</span> <span class='ocrx_word' id='word_1_204' title='bbox 1521 2689 1642 2732; x_wconf 91' lang='lat' dir='ltr'>non</span> <span class='ocrx_word' id='word_1_205' title='bbox 1686 2668 1862 2732; x_wconf 87' lang='lat' dir='ltr'>nimis</span> <span class='ocrx_word' id='word_1_206' title='bbox 1905 2668 2296 2753; x_wconf 86' lang='lat' dir='ltr'>premendum</span> 
     </span>
     <span class='ocr_line' id='line_1_25' title="bbox 240 2765 2301 2852; baseline -0.001 -17"><span class='ocrx_word' id='word_1_207' title='bbox 240 2780 381 2845; x_wconf 87' lang='lat' dir='ltr'>est,</span> <span class='ocrx_word' id='word_1_208' title='bbox 432 2769 591 2852; x_wconf 88' lang='lat' dir='ltr'>quod</span> <span class='ocrx_word' id='word_1_209' title='bbox 623 2769 732 2833; x_wconf 89' lang='lat' dir='ltr'>snb</span> <span class='ocrx_word' id='word_1_210' title='bbox 761 2765 1022 2833; x_wconf 89' lang='lat' dir='ltr'>Nerone</span> <span class='ocrx_word' id='word_1_211' title='bbox 1068 2771 1376 2833; x_wconf 79' lang='lat' dir='ltr'>claruisse</span> <span class='ocrx_word' id='word_1_212' title='bbox 1417 2769 1661 2836; x_wconf 88' lang='lat' dir='ltr'>dicitur.</span> <span class='ocrx_word' id='word_1_213' title='bbox 1721 2768 1952 2834; x_wconf 90' lang='lat' dir='ltr'>Notum</span> <span class='ocrx_word' id='word_1_214' title='bbox 1999 2770 2158 2834; x_wconf 89' lang='lat' dir='ltr'>enim</span> <span class='ocrx_word' id='word_1_215' title='bbox 2204 2779 2301 2833; x_wconf 85' lang='lat' dir='ltr'>est</span> 
     </span>
     <span class='ocr_line' id='line_1_26' title="bbox 235 2871 2296 2956; baseline 0 -21"><span class='ocrx_word' id='word_1_216' title='bbox 235 2873 388 2936; x_wconf 85' lang='lat' dir='ltr'>talia</span> <span class='ocrx_word' id='word_1_217' title='bbox 430 2893 468 2936; x_wconf 86' lang='lat' dir='ltr'>a</span> <span class='ocrx_word' id='word_1_218' title='bbox 514 2871 992 2956; x_wconf 82' lang='lat' dir='ltr'>chronographis</span> <span class='ocrx_word' id='word_1_219' title='bbox 1040 2892 1163 2935; x_wconf 90' lang='lat' dir='ltr'>non</span> <span class='ocrx_word' id='word_1_220' title='bbox 1210 2872 1388 2936; x_wconf 89' lang='lat' dir='ltr'>nimis</span> <span class='ocrx_word' id='word_1_221' title='bbox 1430 2882 1716 2937; x_wconf 87' lang='lat' dir='ltr'>accurate</span> <span class='ocrx_word' id='word_1_222' title='bbox 1771 2871 1957 2956; x_wconf 88' lang='lat' dir='ltr'>poni,</span> <span class='ocrx_word' id='word_1_223' title='bbox 2026 2883 2089 2937; x_wconf 87' lang='lat' dir='ltr'>et</span> <span class='ocrx_word' id='word_1_224' title='bbox 2149 2871 2296 2935; x_wconf 86' lang='lat' dir='ltr'>nihil</span> 
     </span>
     <span class='ocr_line' id='line_1_27' title="bbox 237 2973 2299 3060; baseline -0 -22"><span class='ocrx_word' id='word_1_225' title='bbox 237 2975 387 3038; x_wconf 89' lang='lat' dir='ltr'>inde</span> <span class='ocrx_word' id='word_1_226' title='bbox 434 2983 603 3036; x_wconf 81' lang='lat' dir='ltr'>certo</span> <span class='ocrx_word' id='word_1_227' title='bbox 649 2973 879 3037; x_wconf 89' lang='lat' dir='ltr'>desumi</span> <span class='ocrx_word' id='word_1_228' title='bbox 938 2994 1160 3059; x_wconf 86' lang='lat' dir='ltr'>posse,</span> <span class='ocrx_word' id='word_1_229' title='bbox 1214 2973 1328 3037; x_wconf 87' lang='lat' dir='ltr'>nisi</span> <span class='ocrx_word' id='word_1_230' title='bbox 1388 2975 1748 3060; x_wconf 86' lang='lat' dir='ltr'>scriptorem</span> <span class='ocrx_word' id='word_1_231' title='bbox 1809 2988 1952 3042; x_wconf 91' lang='lat' dir='ltr'>tunc</span> <span class='ocrx_word' id='word_1_232' title='bbox 2015 2974 2299 3058; x_wconf 83' lang='lat' dir='ltr'>temporis</span> 
     </span>
     <span class='ocr_line' id='line_1_28' title="bbox 235 3073 2300 3168; baseline -0.001 -27"><span class='ocrx_word' id='word_1_233' title='bbox 235 3077 505 3141; x_wconf 77' lang='lat' dir='ltr'>vixisse.</span> <span class='ocrx_word' id='word_1_234' title='bbox 554 3073 848 3168; x_wconf 59' lang='lat' dir='ltr'>Sciebant</span> <span class='ocrx_word' id='word_1_235' title='bbox 878 3076 1038 3140; x_wconf 90' lang='lat' dir='ltr'>enim</span> <span class='ocrx_word' id='word_1_236' title='bbox 1070 3096 1142 3139; x_wconf 93' lang='lat' dir='ltr'>eo</span> <span class='ocrx_word' id='word_1_237' title='bbox 1175 3096 1336 3139; x_wconf 90' lang='lat' dir='ltr'>anno</span> <span class='ocrx_word' id='word_1_238' title='bbox 1366 3076 1428 3140; x_wconf 91' lang='lat' dir='ltr'>id</span> <span class='ocrx_word' id='word_1_239' title='bbox 1473 3079 1708 3142; x_wconf 73' lang='lat' dir='ltr'>referre</span> <span class='ocrx_word' id='word_1_240' title='bbox 1731 3125 1751 3158; x_wconf 92' lang='lat'>,</span> <span class='ocrx_word' id='word_1_241' title='bbox 1799 3099 1915 3162; x_wconf 90' lang='lat' dir='ltr'>quo</span> <span class='ocrx_word' id='word_1_242' title='bbox 1944 3078 2300 3160; x_wconf 82' lang='lat' dir='ltr'>scriptorem</span> 
     </span>
     <span class='ocr_line' id='line_1_29' title="bbox 238 3174 2296 3263; baseline -0.001 -19"><span class='ocrx_word' id='word_1_243' title='bbox 238 3181 443 3263; x_wconf 81' lang='lat' dir='ltr'>aliqua</span> <span class='ocrx_word' id='word_1_244' title='bbox 489 3177 563 3242; x_wconf 92' lang='lat' dir='ltr'>de</span> <span class='ocrx_word' id='word_1_245' title='bbox 610 3197 794 3242; x_wconf 87' lang='lat' dir='ltr'>causa</span> <span class='ocrx_word' id='word_1_246' title='bbox 830 3189 1217 3242; x_wconf 88' lang='lat' dir='ltr'>memoratum</span> <span class='ocrx_word' id='word_1_247' title='bbox 1250 3177 1684 3259; x_wconf 84' lang='lat' dir='ltr'>inveniebant,</span> <span class='ocrx_word' id='word_1_248' title='bbox 1732 3182 1890 3246; x_wconf 90' lang='lat' dir='ltr'>unde</span> <span class='ocrx_word' id='word_1_249' title='bbox 1925 3174 2143 3244; x_wconf 75' lang='lat' dir='ltr'>iactum</span> <span class='ocrx_word' id='word_1_250' title='bbox 2177 3189 2296 3255; x_wconf 88' lang='lat' dir='ltr'>cst,</span> 
     </span>
     <span class='ocr_line' id='line_1_30' title="bbox 242 3278 2298 3364; baseline -0.001 -18"><span class='ocrx_word' id='word_1_251' title='bbox 242 3293 310 3346; x_wconf 92' lang='lat' dir='ltr'>nt</span> <span class='ocrx_word' id='word_1_252' title='bbox 354 3280 501 3344; x_wconf 88' lang='lat' dir='ltr'>illud</span> <span class='ocrx_word' id='word_1_253' title='bbox 547 3278 933 3355; x_wconf 80' lang='lat' dir='ltr'>clarescere,</span> <span class='ocrx_word' id='word_1_254' title='bbox 987 3278 1229 3364; x_wconf 80' lang='lat' dir='ltr'>florere</span> <span class='ocrx_word' id='word_1_255' title='bbox 1287 3281 1740 3348; x_wconf 84' lang='lat' dir='ltr'>diversissimos</span> <span class='ocrx_word' id='word_1_256' title='bbox 1796 3283 2016 3347; x_wconf 81' lang='lat' dir='ltr'>aetatis</span> <span class='ocrx_word' id='word_1_257' title='bbox 2076 3282 2298 3364; x_wconf 83' lang='lat' dir='ltr'>gradus</span> 
     </span>
     <span class='ocr_line' id='line_1_31' title="bbox 239 3376 2298 3468; baseline -0.002 -19"><span class='ocrx_word' id='word_1_258' title='bbox 239 3384 571 3468; x_wconf 83' lang='lat' dir='ltr'>significet.</span> <span class='ocrx_word' id='word_1_259' title='bbox 648 3376 856 3464; x_wconf 90' lang='lat' dir='ltr'>Itaque</span> <span class='ocrx_word' id='word_1_260' title='bbox 904 3381 1051 3445; x_wconf 89' lang='lat' dir='ltr'>nihil</span> <span class='ocrx_word' id='word_1_261' title='bbox 1097 3382 1333 3463; x_wconf 85' lang='lat' dir='ltr'>obstat,</span> <span class='ocrx_word' id='word_1_262' title='bbox 1384 3384 1700 3468; x_wconf 86' lang='lat' dir='ltr'>quominus</span> <span class='ocrx_word' id='word_1_263' title='bbox 1733 3406 1865 3449; x_wconf 91' lang='lat' dir='ltr'>eum</span> <span class='ocrx_word' id='word_1_264' title='bbox 1899 3385 2008 3449; x_wconf 89' lang='lat' dir='ltr'>sub</span> <span class='ocrx_word' id='word_1_265' title='bbox 2038 3382 2298 3447; x_wconf 86' lang='lat' dir='ltr'>Nerone</span> 
     </span>
     <span class='ocr_line' id='line_1_32' title="bbox 237 3483 2301 3571; baseline -0.002 -20"><span class='ocrx_word' id='word_1_266' title='bbox 237 3486 547 3569; x_wconf 84' lang='lat' dir='ltr'>incepisse</span> <span class='ocrx_word' id='word_1_267' title='bbox 582 3483 990 3568; x_wconf 81' lang='lat' dir='ltr'>grammaticis</span> <span class='ocrx_word' id='word_1_268' title='bbox 1020 3485 1236 3551; x_wconf 89' lang='lat' dir='ltr'>studiis</span> <span class='ocrx_word' id='word_1_269' title='bbox 1268 3506 1514 3571; x_wconf 89' lang='lat' dir='ltr'>operam</span> <span class='ocrx_word' id='word_1_270' title='bbox 1547 3488 1693 3552; x_wconf 88' lang='lat' dir='ltr'>dare</span> <span class='ocrx_word' id='word_1_271' title='bbox 1738 3499 2014 3571; x_wconf 88' lang='lat' dir='ltr'>putemus</span> <span class='ocrx_word' id='word_1_272' title='bbox 2037 3532 2056 3563; x_wconf 90' lang='lat'>‚</span> <span class='ocrx_word' id='word_1_273' title='bbox 2105 3485 2185 3549; x_wconf 88' lang='lat' dir='ltr'>ita</span> <span class='ocrx_word' id='word_1_274' title='bbox 2233 3494 2301 3547; x_wconf 90' lang='lat' dir='ltr'>ut</span> 
     </span>
     <span class='ocr_line' id='line_1_33' title="bbox 238 3585 2296 3674; baseline -0.001 -22"><span class='ocrx_word' id='word_1_275' title='bbox 238 3586 576 3652; x_wconf 87' lang='lat' dir='ltr'>Domitiani</span> <span class='ocrx_word' id='word_1_276' title='bbox 625 3585 995 3669; x_wconf 83' lang='lat' dir='ltr'>temporibus</span> <span class='ocrx_word' id='word_1_277' title='bbox 1048 3587 1243 3652; x_wconf 88' lang='lat' dir='ltr'>adhuc</span> <span class='ocrx_word' id='word_1_278' title='bbox 1294 3589 1547 3654; x_wconf 86' lang='lat' dir='ltr'>vixerit.</span> <span class='ocrx_word' id='word_1_279' title='bbox 1624 3586 1885 3655; x_wconf 86' lang='lat' dir='ltr'>Accedit</span> <span class='ocrx_word' id='word_1_280' title='bbox 1943 3588 2099 3674; x_wconf 90' lang='lat' dir='ltr'>quod</span> <span class='ocrx_word' id='word_1_281' title='bbox 2161 3608 2296 3651; x_wconf 87' lang='lat' dir='ltr'>eum</span> 
     </span>
    </p>
   </div>
   <div class='ocr_carea' id='block_1_4' title="bbox 246 3773 2298 3979">
    <p class='ocr_par' dir='ltr' id='par_1_4' title="bbox 246 3773 2298 3979">
     <span class='ocr_line' id='line_1_34' title="bbox 246 3773 2295 3846; baseline 0 -21"><span class='ocrx_word' id='word_1_282' title='bbox 246 3778 267 3830; x_wconf 86' lang='grc' dir='ltr'>Ι</span> <span class='ocrx_word' id='word_1_283' title='bbox 315 3773 619 3825; x_wconf 69' lang='lat' dir='ltr'>Contracta</span> <span class='ocrx_word' id='word_1_284' title='bbox 648 3775 684 3825; x_wconf 93' lang='lat' dir='ltr'>i.</span> <span class='ocrx_word' id='word_1_285' title='bbox 713 3792 761 3826; x_wconf 91' lang='lat' dir='ltr'>e.</span> <span class='ocrx_word' id='word_1_286' title='bbox 789 3775 1037 3840; x_wconf 79' lang='lat' dir='ltr'>collecta,</span> <span class='ocrx_word' id='word_1_287' title='bbox 1073 3783 1335 3841; x_wconf 70' lang='lat' dir='ltr'>congesta.</span> <span class='ocrx_word' id='word_1_288' title='bbox 1376 3775 1457 3828; x_wconf 68' lang='lat' dir='ltr'>Cf.</span> <span class='ocrx_word' id='word_1_289' title='bbox 1487 3784 1691 3844; x_wconf 85' lang='lat' dir='ltr'>praeter</span> <span class='ocrx_word' id='word_1_290' title='bbox 1714 3778 1943 3846; x_wconf 83' lang='lat' dir='ltr'>exemplo</span> <span class='ocrx_word' id='word_1_291' title='bbox 1970 3777 2034 3827; x_wconf 78' lang='lat' dir='ltr'>ab</span> <span class='ocrx_word' id='word_1_292' title='bbox 2060 3776 2295 3828; x_wconf 85' lang='lat' dir='ltr'>Oudend.</span> 
     </span>
     <span class='ocr_line' id='line_1_35' title="bbox 313 3842 2298 3912; baseline 0 -17"><span class='ocrx_word' id='word_1_293' title='bbox 313 3843 477 3895; x_wconf 74' lang='lat' dir='ltr'>allata</span> <span class='ocrx_word' id='word_1_294' title='bbox 498 3880 513 3905; x_wconf 87' lang='lat'>‚</span> <span class='ocrx_word' id='word_1_295' title='bbox 564 3843 745 3908; x_wconf 79' lang='lat' dir='ltr'>Quint.</span> <span class='ocrx_word' id='word_1_296' title='bbox 770 3842 855 3910; x_wconf 59' lang='grc' dir='ltr'>Χ,</span> <span class='ocrx_word' id='word_1_297' title='bbox 872 3846 923 3908; x_wconf 87' lang='grc'>7,</span> <span class='ocrx_word' id='word_1_298' title='bbox 950 3847 1008 3898; x_wconf 83' lang='grc'>31</span> <span class='ocrx_word' id='word_1_299' title='bbox 1031 3868 1044 3896; x_wconf 83' lang='lat'><em>=</em></span> <span class='ocrx_word' id='word_1_300' title='bbox 1095 3845 1241 3897; x_wconf 84' lang='lat' dir='ltr'>Nam</span> <span class='ocrx_word' id='word_1_301' title='bbox 1283 3845 1554 3896; x_wconf 75' lang='lat' dir='ltr'>Ciceronis</span> <span class='ocrx_word' id='word_1_302' title='bbox 1589 3846 2024 3912; x_wconf 81' lang='lat' dir='ltr'>(commentarios)</span> <span class='ocrx_word' id='word_1_303' title='bbox 2050 3845 2122 3896; x_wconf 85' lang='lat' dir='ltr'>ad</span> <span class='ocrx_word' id='word_1_304' title='bbox 2140 3861 2298 3911; x_wconf 80' lang='lat' dir='ltr'>prae-</span> 
     </span>
     <span class='ocr_line' id='line_1_36' title="bbox 313 3911 2293 3979; baseline 0.001 -18"><span class='ocrx_word' id='word_1_305' title='bbox 313 3929 437 3962; x_wconf 75' lang='lat' dir='ltr'>sens</span> <span class='ocrx_word' id='word_1_306' title='bbox 472 3915 628 3963; x_wconf 77' lang='lat' dir='ltr'>modo</span> <span class='ocrx_word' id='word_1_307' title='bbox 652 3918 862 3979; x_wconf 78' lang='lat' dir='ltr'>tempus</span> <span class='ocrx_word' id='word_1_308' title='bbox 885 3919 1108 3979; x_wconf 73' lang='lat' dir='ltr'>aptatos</span> <span class='ocrx_word' id='word_1_309' title='bbox 1138 3915 1363 3964; x_wconf 75' lang='lat' dir='ltr'>llbertas</span> <span class='ocrx_word' id='word_1_310' title='bbox 1407 3914 1532 3966; x_wconf 78' lang='lat' dir='ltr'>Tiro</span> <span class='ocrx_word' id='word_1_311' title='bbox 1569 3920 1873 3968; x_wconf 69' lang='lat' dir='ltr'>contra-vit.</span> <span class='ocrx_word' id='word_1_312' title='bbox 1915 3916 2037 3967; x_wconf 87' lang='lat' dir='ltr'>lsid.</span> <span class='ocrx_word' id='word_1_313' title='bbox 2079 3915 2222 3979; x_wconf 71' lang='lat' dir='ltr'>orig.</span> <span class='ocrx_word' id='word_1_314' title='bbox 2254 3911 2293 3977; x_wconf 90' lang='lat' dir='ltr'>l,</span> 
     </span>
    </p>
   </div>
   <div class='ocr_carea' id='block_1_5' title="bbox 313 3980 2299 4114">
    <p class='ocr_par' dir='ltr' id='par_1_5' title="bbox 313 3980 2299 4114">
     <span class='ocr_line' id='line_1_37' title="bbox 313 3980 2299 4050; baseline 0.001 -18"><span class='ocrx_word' id='word_1_315' title='bbox 313 3982 376 4032; x_wconf 74' lang='lat'>21</span> <span class='ocrx_word' id='word_1_316' title='bbox 422 3980 502 4045; x_wconf 87' lang='lat' dir='ltr'>(P.</span> <span class='ocrx_word' id='word_1_317' title='bbox 536 3980 681 4031; x_wconf 78' lang='lat' dir='ltr'>Diac-</span> <span class='ocrx_word' id='word_1_318' title='bbox 709 3983 773 4032; x_wconf 87' lang='lat' dir='ltr'>de</span> <span class='ocrx_word' id='word_1_319' title='bbox 800 3989 929 4034; x_wconf 87' lang='lat' dir='ltr'>nott.</span> <span class='ocrx_word' id='word_1_320' title='bbox 967 3982 1188 4050; x_wconf 53' lang='lat' dir='ltr'>prae-1⁵02</span> <span class='ocrx_word' id='word_1_321' title='bbox 1235 3984 1437 4034; x_wconf 82' lang='lat' dir='ltr'>Seneca</span> <span class='ocrx_word' id='word_1_322' title='bbox 1470 3989 1753 4036; x_wconf 75' lang='lat' dir='ltr'>contracto</span> <span class='ocrx_word' id='word_1_323' title='bbox 1786 3989 2022 4037; x_wconf 76' lang='lat' dir='ltr'>onnu‘am</span> <span class='ocrx_word' id='word_1_324' title='bbox 2060 3984 2299 4050; x_wconf 74' lang='lat' dir='ltr'>digesto-</span> 
     </span>
     <span class='ocr_line' id='line_1_38' title="bbox 318 4066 699 4114; baseline 0.008 -16"><span class='ocrx_word' id='word_1_325' title='bbox 318 4067 422 4114; x_wconf 83' lang='lat' dir='ltr'>que</span> <span class='ocrx_word' id='word_1_326' title='bbox 458 4066 699 4101; x_wconf 64' lang='lat' dir='ltr'>nemeen).</span> 
     </span>
    </p>
   </div>
   <div class='ocr_carea' id='block_1_6' title="bbox 244 4117 1510 4188">
    <p class='ocr_par' dir='ltr' id='par_1_6' title="bbox 244 4117 1510 4188">
     <span class='ocr_line' id='line_1_39' title="bbox 244 4117 1510 4188; baseline 0.002 -18"><span class='ocrx_word' id='word_1_327' title='bbox 244 4121 280 4170; x_wconf 79' lang='lat'><em>2</em></span> <span class='ocrx_word' id='word_1_328' title='bbox 321 4117 402 4170; x_wconf 73' lang='lat' dir='ltr'>Cf.</span> <span class='ocrx_word' id='word_1_329' title='bbox 448 4118 736 4171; x_wconf 83' lang='lat' dir='ltr'>Wcichcrt.</span> <span class='ocrx_word' id='word_1_330' title='bbox 785 4127 941 4187; x_wconf 88' lang='lat' dir='ltr'>poett.</span> <span class='ocrx_word' id='word_1_331' title='bbox 980 4120 1098 4173; x_wconf 86' lang='lat' dir='ltr'>latt.</span> <span class='ocrx_word' id='word_1_332' title='bbox 1143 4121 1257 4173; x_wconf 86' lang='lat' dir='ltr'>rell.</span> <span class='ocrx_word' id='word_1_333' title='bbox 1299 4137 1349 4188; x_wconf 88' lang='lat' dir='ltr'>p.</span> <span class='ocrx_word' id='word_1_334' title='bbox 1390 4121 1510 4175; x_wconf 81' lang='lat'>359.</span> 
     </span>
    </p>
   </div>
  </div>
 </body>
</html>
