2764 4738
153 4235 363 4441 ,ι
474 4365 477 4368 ,

598 374 859 459 xxxvn'
1246 391 1973 455 PRoLEGoMENA.

598 586 713 650 que
759 565 1042 628 virtutem
1092 584 1215 627 non
1265 564 1550 628 ostendat
1591 572 1635 625 ¹.
1699 560 1907 645 Quare
1939 561 2155 641 nobis,
2207 563 2349 626 dum
2384 561 2652 647 pbiloso-

599 669 775 753 phum
809 666 970 751 agit,
1019 687 1141 730 non
1172 666 1418 730 videtur
1448 676 1647 729 tamen
1681 685 1859 744 esse,
1905 674 1968 728 et
2009 663 2085 728 iis
2130 664 2333 741 vitiis,
2384 665 2454 728 in
2501 685 2651 750 quae

599 769 869 847 invehit,
928 768 1123 853 ipsum
1170 789 1345 850 quam
1411 768 1675 833 maxime
1731 767 2014 832 laborare
2067 776 2344 851 apparet.
2427 764 2651 848 Neque

599 871 779 937 aliter
817 871 881 934 iu
926 871 1053 935 vita
1097 890 1165 934 se
1203 870 1421 955 gessit.
1480 867 1642 934 Nam
1688 870 1960 955 quamvis
2005 869 2267 931 animum
2307 868 2392 931 ad
2428 866 2652 952 optima

598 994 869 1058 quaeque
901 993 1264 1056 propensum
1296 994 1475 1037 nemo
1507 993 1732 1056 aequus
1769 972 1827 1035 ei
1871 969 2214 1048 abiudicet,
2263 980 2478 1033 tamen
2524 990 2653 1033 eam

601 1074 1044 1151 constantiam,
1101 1096 1273 1158 quam
1332 1075 1397 1138 in
1451 1084 1644 1137 morte
1689 1073 2002 1158 probavit,
2066 1092 2174 1156 per
2225 1081 2421 1135 totam
2472 1071 2654 1136 vitam

602 1177 943 1260 neutiquam
990 1175 1300 1252 servavit,
1350 1197 1545 1259 neque
1591 1196 1698 1239 sua
1745 1175 1931 1260 ipsius
1976 1184 2303 1258 praecepta
2347 1172 2655 1256 sequeba-

601 1291 735 1356 tur,
785 1280 963 1342 immo
998 1278 1179 1342 multa
1225 1278 1392 1341 dedit
1426 1278 1812 1362 imperatoris
1853 1274 2147 1340 voluntati
2193 1286 2376 1358 atque
2424 1286 2654 1358 tempo·

599 1383 686 1446 ris
731 1381 1061 1458 lasciviae,
1107 1379 1411 1464 ipsiusque
1456 1380 1680 1459 indoli,
1729 1399 1882 1465 quae
1926 1397 1962 1440 a
2006 1377 2254 1442 mollitie
2298 1387 2363 1441 et
2408 1375 2655 1440 luxurie

603 1502 973 1566 nequaquam
1005 1481 1204 1545 aliena
1236 1483 1348 1545 fuit
1378 1489 1428 1544 2.
1490 1480 1665 1545 Talis
1698 1481 1795 1544 vir
1824 1501 1945 1543 non
1979 1480 2171 1563 potuit
2198 1477 2425 1543 Persio
2458 1479 2656 1563 place-

605 1606 712 1660 re,
797 1584 1001 1647 iuveni
1079 1604 1310 1647 morum
1371 1585 1859 1668 incorruptorum
1924 1582 2192 1664 castique
2252 1581 2484 1656 animi,
2565 1578 2656 1662 qui

604 1685 788 1749 vitam
821 1705 942 1746 non
980 1704 1091 1748 usu
1122 1686 1292 1749 novit
1320 1686 1505 1770 ipsam
1530 1734 1547 1765 ‚
1596 1687 1700 1750 sed
1733 1686 1964 1769 qualem
1997 1683 2242 1747 scholae
2273 1703 2507 1747 severa
2539 1681 2655 1745 dis·

606 1787 824 1870 ciplina
856 1787 1372 1870 repraesentabat.
1425 1785 1615 1853 Cuius
1644 1788 1955 1873 ingenium
1989 1805 2181 1868 neque
2213 1784 2519 1849 facilitate
2553 1802 2656 1846 ne-

604 1910 719 1973 que
750 1889 1028 1954 ubertate
1060 1911 1190 1953 cum
1226 1888 1467 1955 Seneca
1498 1891 1986 1974 comparandum,
2022 1888 2125 1952 sed
2160 1889 2398 1951 tardum
2434 1887 2654 1972 potius,

606 1991 907 2057 acerrimo
937 1992 1071 2056 veri
1104 2002 1282 2075 atque
1329 1994 1480 2056 recti
1520 1994 1719 2056 studio
1759 1992 2068 2056 incitatum
2100 2009 2332 2053 summo
2364 2011 2508 2054 cum
2540 1989 2685 2077 ser·-

606 2116 758 2158 vore
776 2114 985 2157 verum
1003 2094 1399 2191 investigavit
1419 2142 1435 2173 ,
1470 2094 1550 2157 ita
1574 2105 1800 2171 tamen,
1821 2106 1887 2157 ut
1904 2093 2050 2156 nihil
2081 2094 2211 2156 fere
2229 2100 2660 2174 assequeretur

609 2196 729 2261 nisi
770 2197 1003 2260 intento
1049 2195 1257 2261 labore
1306 2208 1369 2260 et
1414 2196 1675 2259 omnium
1707 2194 1921 2258 virium
1953 2194 2187 2279 ingenti
2220 2194 2383 2257 nisu.
2453 2190 2657 2273 Quare

610 2299 768 2363 sicut
798 2298 952 2382 apud
986 2297 1146 2360 illum
1181 2298 1369 2362 fluere
1401 2299 1675 2362 videmus
1707 2296 2079 2374 orationem,
2129 2305 2192 2359 et
2233 2305 2455 2380 sponte
2504 2290 2658 2375 cogi·

610 2410 839 2464 tantem
885 2401 1091 2484 sequi,
1137 2400 1223 2464 ita
1290 2398 1540 2466 Persius
1593 2409 1821 2485 pugnat
1858 2399 2294 2482 quodammodo
2339 2420 2481 2462 cum
2527 2416 2653 2462 ser·

610 2521 789 2566 mone
812 2548 829 2579 ‚
879 2512 942 2564 et
972 2521 1122 2583 quae
1155 2513 1419 2568 mentem
1450 2504 1717 2587 agitant,
1767 2523 1889 2564 non
1932 2501 2049 2564 nisi
2090 2520 2310 2583 magno
2342 2500 2572 2586 impetu
2602 2507 2658 2559 et

610 2603 828 2668 iterum
861 2604 1197 2687 iterumque
1228 2624 1559 2688 aggressus
1590 2604 1700 2668 vix
1729 2604 1975 2667 tandem
2006 2603 2273 2687 profert,
2322 2623 2522 2687 eaque
2564 2620 2656 2663 ra·

610 2705 819 2784 tione,
868 2725 1020 2788 quae
1062 2707 1211 2769 satis
1256 2706 1665 2782 demonstrat,
1729 2714 1951 2789 quanto
1999 2705 2132 2769 veri
2174 2704 2370 2769 studio
2419 2706 2653 2777 ardeat,

613 2818 983 2892 quantopere
1025 2808 1285 2872 animum
1345 2818 1604 2892 urgeant
1649 2828 1756 2885 ea,
1817 2828 1972 2891 quae
2014 2805 2235 2884 sentit,
2296 2826 2414 2872 nec
2463 2820 2656 2871 tamen

614 2910 959 2995 exprimere
1009 2921 1245 2994 potest,
1292 2911 1663 2975 alienissima
1707 2921 1909 2974 autem
1958 2920 2053 2973 est
2104 2931 2140 2972 a
2186 2919 2460 2993 prompto
2507 2908 2659 2972 illius

614 3012 859 3096 ingenio
894 3021 957 3075 et
990 3012 1277 3077 facultate
1325 3012 1398 3075 de
1443 3012 1709 3095 qualibet
1736 3033 1806 3076 re
1839 3012 1981 3076 novi
2019 3011 2296 3094 quiddam
2341 3032 2415 3075 ae
2461 3011 2656 3094 splen-

617 3113 739 3178 didi
773 3112 1152 3197 proferendi,
1201 3134 1317 3194 qua
1361 3114 1425 3176 iu
1469 3114 1716 3178 summis
1760 3112 2100 3178 amabiliter
2142 3113 2329 3190 ludit,
2378 3113 2502 3177 ima
2544 3129 2659 3174 non

613 3215 834 3299 tangit.
936 3212 1084 3279 Non
1143 3214 1378 3279 ferebat
1422 3216 1659 3281 invenis
1703 3217 1964 3281 imbutus
2022 3236 2242 3281 severa
2317 3215 2653 3300 disciplina,

616 3338 791 3400 quam
824 3328 952 3381 toto
994 3326 1237 3400 pectore
1282 3317 1554 3396 imbibit,
1601 3319 2003 3383 veneratione
2045 3318 2260 3402 plenus
2304 3337 2454 3402 erga
2498 3315 2660 3380 viros

618 3420 940 3503 egregios,
998 3438 1250 3501 quorum
1295 3419 1562 3504 rigorem
1609 3421 2062 3499 aemulabatur,
2127 3419 2474 3484 facilitatem
2520 3412 2655 3490 viri,

619 3521 745 3584 vita
792 3523 891 3584 diu
935 3521 1301 3604 multumque
1349 3524 1611 3600 versati,
1671 3544 1784 3606 qua
1843 3523 2073 3587 saeculi
2121 3522 2388 3586 moribus
2434 3529 2660 3586 tantum

620 3622 1020 3700 concedebat,
1053 3636 1208 3688 ntea
1225 3625 1504 3708 exemplo
1521 3646 1815 3708 spernere
1843 3626 2182 3703 videretur,
2218 3645 2369 3708 quae
2396 3620 2654 3707 scripti5‚

621 3743 974 3806 quamquam
1006 3736 1069 3787 et
1098 3725 1195 3790 hic
1224 3726 1334 3791 vix
1369 3727 1586 3813 digne,
1634 3728 1943 3792 sustinuit.
2003 3725 2088 3790 Et
2120 3736 2319 3790 tamen
2353 3726 2505 3790 haec
2535 3723 2658 3807 ipsa

624 3879 648 3930 1
691 3877 769 3928 Cl'.
802 3877 977 3942 Quint.
1007 3876 1079 3941 X,
1115 3878 1161 3938 1,
1184 3879 1280 3931 125
1296 3895 1404 3947 sqq.
1448 3880 1581 3932 Gell.
1612 3880 1728 3945 xtl,
1759 3884 1812 3935 2.
1842 3879 2022 3932 Front.
2043 3880 2105 3932 de
2133 3887 2290 3932 oratt.
2322 3879 2342 3930 1
2369 3897 2419 3948 p.
2441 3875 2654 3948 239231111·

690 3945 1077 4010 Westermann,
1116 3945 1300 3997 Gescb.
1334 3950 1382 3999 d.
1411 3950 1554 4000 Ram.
1590 3950 1802 4000 Bereds.
1831 3967 1878 4016 p.
1912 3951 2013 4003 282
2027 3965 2105 4017 sq.

621 4017 656 4070 2
691 4015 771 4065 (ΒΓ.
802 4014 930 4065 Tac.
962 4014 1096 4065 Anu.
1122 4012 1256 4079 xm,
1293 4016 1362 4067 32
1402 4018 1534 4068 Fuit
1564 4019 1656 4069 illa·
1683 4022 1801 4070 viro
1835 4022 2104 4086 ingenium
2142 4033 2422 4070 amoenum
2459 4021 2517 4068 et
2535 4019 2658 4067 tom·

684 4088 843 4149 poris
867 4088 983 4135 eius
1006 4084 1232 4136 auribus
1254 4087 1734 4139 ‹ze-commodatura.

618 4475 817 4631 ’.ι
