2764 4738
749 432 1015 497 scum..
1060 434 1166 496 An
1214 433 1384 497 sA'r.
1428 435 1477 510 1,
1520 440 1820 502 28—32.
2151 434 2280 505 255

219 614 317 665 ret
360 614 423 665 et
466 623 501 664 a
532 607 888 665 mercenario
918 605 1194 667 tabernae
1226 605 1403 686 digito
1443 618 1892 680 monstraretur,
1944 608 2130 668 fertur
2157 608 2280 669 lae-

223 700 380 749 tatus
424 708 598 762 esse,
640 689 788 770 quod
829 692 901 751 ab
946 691 1285 770 ignobilibus
1326 693 1592 753 sciretur.
1656 692 1738 752 Et
1776 693 2042 753 Horatius
2074 694 2169 754 lib.
2199 694 2280 755 1v

224 778 537 835 carminum
580 782 602 816 ¹
632 778 716 835 sic
747 778 956 854 posuit,

573 863 775 920 Totam
804 862 1066 921 muneris
1097 860 1206 918 laec
1250 863 1345 919 tui
1381 870 1496 933 est,

566 947 734 1022 Quod
763 957 1060 1006 monstror
1090 946 1279 1023 digito
1317 948 1853 1024 praetereuntium.

398 1033 510 1094 29.
566 1032 703 1090 Ten’
754 1033 1116 1092 cirratorum
1161 1040 1413 1092 centum.
1477 1031 1678 1092 Potest
1706 1051 1781 1091 ex
1810 1051 2058 1111 persona
2090 1032 2276 1095 Persii

222 1112 464 1176 ridicule
495 1114 821 1177 admirantis
851 1117 1068 1196 accipi3
1113 1123 1308 1195 potest
1337 1127 1399 1176 et
1426 1116 1499 1177 ab
1528 1116 1626 1177 illo
1666 1115 1875 1177 dictum
1913 1117 2099 1198 putari
2118 1162 2137 1191 ,
2182 1121 2275 1200 qui

222 1199 439 1280 gaudet
482 1193 876 1262 aestimatione
920 1203 1172 1281 poetica.
1240 1199 1302 1260 Si
1345 1199 1579 1263 Persius
1627 1200 1800 1275 dicit,
1840 1205 1920 1263 ita
1950 1214 2043 1263 est
2071 1206 2278 1265 intelli-

222 1284 509 1365 gendum:
577 1286 692 1347 Cur
719 1307 832 1346 non
863 1285 1041 1347 debes
1073 1286 1319 1346 laetari?
1360 1298 1523 1347 certe
1553 1289 1791 1348 maxima
1821 1299 1917 1349 est
1941 1290 2126 1367 gloria
2156 1291 2276 1349 lau-

225 1370 354 1431 dari
383 1391 421 1431 a
450 1381 674 1431 centum
705 1374 952 1432 cirratis.
996 1371 1060 1432 Si
1087 1370 1183 1431 ille
1214 1369 1347 1431 dicit
1372 1374 1638 1452 poeticae
1667 1372 1848 1433 laudis
1872 1373 2134 1454 ‘cupidu8,
2167 1377 2276 1435 ita:

224 1455 320 1516 An
351 1467 445 1528 tu,
489 1456 686 1530 Persi,
730 1459 995 1538 exignum
1025 1466 1189 1536 putas
1219 1455 1435 1516 laudari
1465 1478 1500 1517 a
1529 1468 1754 1519 centum
1795 1461 2057 1531 cirratis,
2100 1459 2155 1520 id
2186 1471 2277 1521 est

226 1542 609 1603 scholasticis.
831 1543 1133 1613 Cirrata„
1186 1543 1470 1620 capillatis
1526 1545 1757 1621 pneris,
1819 1545 2079 1625 quonism
2127 1543 2275 1625 apud

228 1629 490 1708 antiquos
535 1627 722 1687 criniti
769 1638 936 1687 erant
979 1625 1376 1689 adolescentes
1414 1648 1597 1709 usque
1644 1627 1716 1689 ad
1759 1641 1975 1691 certam
2006 1642 2273 1701 aetatem,

229 1711 379 1795 qnod
409 1711 482 1773 de
511 1711 762 1772 Ascanio
789 1712 1063 1791 Virgilius
1085 1718 1111 1752 2
1138 1713 1218 1771 ait
1236 1734 1254 1771 ε

560 1800 755 1857 Fusus
800 1800 1009 1857 eervz’ae
1047 1799 1151 1856 cui
1185 1799 1380 1857 lactea
1422 1798 1712 1878 collaque.

227 1881 466 1953 Nescit,
524 1885 820 1942 maximam
872 1883 1018 1943 banc
1062 1885 1509 1943 aestimationem
1558 1883 1782 1945 videri?
1835 1885 1912 1946 Et
1950 1885 2060 1947 boc
2104 1885 2270 1948 dicit:

229 1967 344 2028 Pro
386 1968 559 2026 nihilo
605 1966 813 2041 ducas,
857 1970 1071 2046 scripta
1112 1977 1209 2027 tua
1252 1987 1288 2029 a
1330 1971 1616 2048 magistris
1659 1969 1772 2030 ludi
1802 1970 2004 2032 dietari
2033 1974 2275 2051 pueris?

228 2053 357 2113 Mos
389 2055 538 2113 euim
570 2064 696 2114 erat
724 2056 1154 2133 magistrorum,
1198 2073 1274 2113 ex
1318 2052 1508 2134 aliquo
1540 2056 1682 2115 libro
1712 2054 1929 2117 dictare
1960 2056 2269 2137 discipulis.

399 2138 428 2165 *
458 2139 773 2200 Occulte
818 2149 1060 2198 autem
1106 2140 1362 2217 tangit
1404 2139 1814 2215 Neronem,
1858 2145 2074 2202 cuius
2118 2164 2272 2204 car-

230 2224 447 2295 mina,
494 2225 661 2304 qnia
695 2224 1202 2305 ³imperabat,
1247 2243 1382 2304 per
1424 2225 1735 2285 scholas
1782 2227 2271 2290 celebraban-

228 2320 368 2367 tur.
399 2310 427 2336 *
603 2313 844 2371 Centum
889 2319 1077 2369 autem
1120 2309 1331 2369 finitum
1373 2329 1480 2390 pro
1524 2310 1738 2371 infinito
1779 2314 2003 2394 posuit,
2046 2326 2110 2376 ut
2135 2314 2272 2377 Vir-

226 2396 398 2473 gilius
429 2399 494 2455 *ε

441 2482 576 2541 Non
605 2482 758 2540 mike·
779 2482 840 2540 st·
860 2481 1101 2558 linguae
1131 2489 1359 2540 eentum
1390 2482 1550 2554 sint,
1597 2501 1822 2562 oraque
1849 2495 2098 2545 centum.

401 2569 505 2628 30.
551 2568 705 2625 Eece
749 2569 909 2625 inter
938 2567 1180 2645 pocula.
1254 2566 1374 2626 Hoc
1420 2566 1586 2627 dicit:
1649 2566 1812 2641 Quod
1854 2571 2054 2630 iustum
2095 2567 2269 2632 abiis

228 2661 504 2730 expectes
532 2649 828 2723 iudicium,
872 2654 967 2731 qui
1026 2652 1136 2710 iam
1177 2649 1472 2711 madentes
1502 2654 1634 2711 vino
1681 2651 2008 2714 discernunt
2035 2654 2107 2716 de
2138 2677 2270 2717 car-

227 2737 505 2808 minibus,
549 2756 694 2817 quae
736 2738 832 2797 vix
876 2736 1114 2815 integris
1152 2746 1215 2795 ct
1253 2737 1460 2797 ieiunis
1500 2735 1748 2797 discerni
1779 2745 2060 2818 possent?
2110 2742 2269 2804 Bene

228 2831 419 2882 autem
448 2819 590 2881 dixit
619 2818 776 2882 inter
796 2823 1015 2900 pocula
1032 2865 1054 2892 ,
1085 2820 1183 2880 ubi
1211 2834 1342 2881 suut
1369 2823 1735 2882 instrumenta
1765 2822 2029 2885 libidinis.

401 2910 504 2969 31.
549 2908 929 2979 Romulidae,
974 2905 1033 2967 id
1073 2917 1166 2966 est
1207 2906 1444 2968 Romani
1488 2927 1524 2967 a
1551 2907 1824 2983 Romulo,
1867 2920 1930 2969 ut
1954 2911 2268 2976 Aeneadae

225 2992 303 3052 ab
330 2990 555 3052 Aenea.
727 2993 844 3052 Dia
860 3036 883 3065 ,
928 2990 987 3052 id
1017 3003 1110 3052 est
1168 3003 1403 3067 sancta,
1464 2991 1760 3072 magnifica
1778 3037 1796 3068 ,
1840 2995 2031 3071 clara,
2062 3009 2124 3057 ut
2152 2998 2269 3059 Ho-

224 3079 407 3136 ratius
443 3080 496 3136 ⁸2

482 3164 789 3222 Sententia
821 3163 923 3222 dia
967 3164 1211 3223 Catonis
1226 3208 1251 3237 ,
1311 3174 1373 3225 et
1399 3163 1568 3244 Virg.
1607 3167 1670 3224 ⁶:
1714 3166 1832 3224 Dia
1869 3168 2123 3227 Camilla

228 3247 388 3322 Quid
412 3248 512 3307 dt'a
533 3257 810 3325 poemata
838 3257 1123 3326 narrent,
1167 3247 1260 3321 id,
1302 3248 1451 3329 quod
1498 3248 1848 3310 sentiendum
1890 3253 1968 3311 sit
2009 3250 2081 3312 de
2124 3274 2267 3334 poe-

222 3331 470 3394 matibus
491 3376 508 3406 ‚
553 3341 653 3390 aut
680 3332 867 3412 qualia
895 3353 1043 3393 nnnc
1072 3345 1336 3413 poemata
1363 3334 1747 3395 celebrentur.

402 3421 506 3479 32.
566 3419 709 3489 Hie,
770 3418 923 3477 facta
978 3420 1035 3477 in
1077 3421 1351 3479 conviviis
1392 3430 1707 3499 poematum
1752 3423 2070 3497 mentione,
2130 3423 2270 3486 dicit

228 3499 438 3583 aliquis
468 3502 723 3582 locuples
753 3505 1057 3564 amatorios
1085 3524 1289 3565 versus
1307 3547 1327 3578 ,
1369 3525 1496 3566 cum
1537 3502 1731 3586 putida
1772 3527 1886 3568 vox
1915 3510 2039 3569 eius
2068 3507 2266 3572 viden-

232 3707 258 3759 1
299 3704 425 3756 Hor.
453 3720 614 3757 carm.
644 3703 737 3767 tv,
767 3705 822 3766 3,
845 3706 910 3761 21
938 3722 1018 3774 sq.

222 3774 264 3831 2
295 3773 447 3839 virg.
492 3774 621 3825 Aen.
658 3774 728 3839 X,
757 3772 858 3827 13⁷
873 3791 989 3842 ος..
1028 3775 1203 3827 Fusos
1241 3779 1432 3828 cervix
1470 3778 1565 3827 cuz·
1595 3775 1768 3828 lactea
1810 3780 1988 3831 crines
2026 3781 2260 3850 Accepit.

297 3842 366 3894 cf.
400 3841 537 3907 vlu,
573 3843 674 3895 660
690 3858 765 3910 sq.
789 3864 804 3892 a
849 3843 987 3896 Tum
1021 3845 1200 3896 lactea
1233 3846 1377 3897 colla
1411 3845 1565 3898 Auro
1589 3847 1951 3899 innectantur.

225 3911 261 3964 3
298 3913 396 3977 qui
433 3914 516 3962 ita
537 3909 597 3963 C.
627 3911 806 3964 Barth.
839 3911 880 3963 l.
903 3912 942 3964 1.

224 3981 262 4032 4
295 3978 444 4044 virg.
474 3977 664 4046 Georg.
693 3980 763 4045 11,
791 3979 879 4034 43.
916 3980 1046 4033 Aen.
1074 3980 1165 4046 vl,
1192 3982 1312 4040 625.

224 4049 260 4100 5
295 4046 480 4100 Horat.
512 4056 613 4100 sat.
639 4048 681 4111 1,
707 4050 762 4114 2,
791 4049 879 4104 22.

223 4116 260 4168 6
294 4115 446 4184 Virg.
473 4120 608 4170 Aen.
642 4116 740 4182 XI,
766 4116 886 4171 657.
