2764 4738
199 4435 292 4494 ’κ

385 2116 392 2201 ,Ἢ

482 431 611 501 306
942 435 1208 498 senet..
1253 434 1360 497 An
1409 433 1577 497 SA'r.
1621 434 1718 509 111,
1762 436 2059 498 80-88.

652 609 757 670 80.
808 608 1050 686 obstipo
1097 609 1293 686 capite
1310 650 1331 680 ,
1392 603 1539 688 quod
1597 607 1771 665 tacita
1816 616 1876 663 et
1917 605 2133 665 intenta
2178 604 2532 682 cogitatione

481 693 644 773 quasi
706 692 990 770 obstupidi
1050 692 1367 753 videantur.
1547 692 1826 768 Obstipo,
1887 689 1943 748 id
1987 701 2079 749 est
2131 689 2404 748 inclinato
2464 699 2530 748 et

478 779 814 856 gravitatem
861 778 1155 838 simulante
1201 789 1417 837 etcum
1470 777 1798 856 obliquitate
1829 776 1964 834 fixo.
2134 777 2219 834 Et
2250 774 2527 852 figentes

480 864 696 921 lumine
743 872 1004 935 terram,
1052 861 1106 922 id
1153 874 1278 936 est,
1331 862 1628 922 luminibus
1660 861 2016 919 immobiliter
2043 861 2100 919 in
2130 871 2342 919 terram
2372 860 2527 930 fixis,

479 958 542 1007 ut
572 948 846 1027 Virgilius
881 955 934 1005 ¹:

744 1033 1081 1111 Obtutuque
1123 1033 1337 1091 haeret
1364 1030 1598 1110 defixus
1631 1033 1690 1091 in
1722 1051 1856 1090 uno.

480 1118 556 1177 Et
585 1117 715 1177 alibi
752 1124 812 1176 ²:

737 1205 888 1262 Divo
915 1202 1043 1261 solo
1051 1200 1225 1278 fixos
1252 1202 1452 1261 oculos
1483 1221 1697 1261 aversa
1735 1200 2030 1260 tenebant.

655 1292 757 1349 81.
801 1289 1117 1347 Murmura
1173 1306 1301 1346 cum
1356 1306 1548 1346 secum
1606 1297 1670 1346 et
1690 1287 1949 1349 ‚rabiosa
1992 1286 2232 1344 silentia
2276 1284 2523 1354 rodunt,

482 1371 537 1431 id
584 1384 708 1443 est,
757 1374 1133 1450 cogitationes
1179 1383 1346 1451 atque
1394 1373 1749 1432 inventiones
1781 1391 1914 1431 suas
1944 1390 2175 1430 susurro
2204 1373 2526 1428 immurmu-

480 1470 675 1518 rantes
719 1468 781 1518 et
808 1457 1219 1537 disputationes
1253 1478 1386 1516 suas
1418 1459 1655 1516 minutas
1700 1469 1761 1517 et
1790 1458 1996 1516 sensim
2029 1457 2303 1534 prolatas.

651 1548 754 1606 82.
798 1546 1003 1621 Atque
1048 1552 1401 1621 exporrecto
1447 1545 1859 1613 trutinantur,
1933 1540 1988 1601 id
2034 1552 2159 1612 est,
2219 1539 2527 1599 dialectico

484 1647 642 1689 more
672 1628 848 1688 verba
880 1630 1303 1701 examinantem
1348 1648 1578 1707 quorum
1612 1626 1913 1707 disputatio
1943 1628 2073 1686 talis
2105 1637 2226 1698 est,
2269 1636 2332 1685 ut
2360 1627 2524 1705 quasi

480 1714 573 1773 diu
604 1715 1013 1791 aegrotantium
1045 1713 1324 1772 hominum
1357 1715 1571 1772 somnia
1614 1712 1931 1774 videantur.
1993 1712 2113 1772 Hoc
2150 1710 2525 1790 disputante&

654 1802 760 1860 84.
810 1801 882 1858 de
909 1800 1095 1858 nihilo
1122 1800 1276 1858 nihil
1290 1842 1308 1871 ‚
1341 1800 1401 1857 in
1432 1800 1678 1857 nihilum
1709 1800 1803 1858 nil
1830 1817 2009 1877 posse
2047 1801 2289 1857 reverti.
2334 1796 2554 1859 Prima,

478 1884 842 1964 physicorum
874 1885 1135 1963 quaestio
1166 1895 1291 1955 est,
1337 1894 1397 1943 et
1425 1882 1496 1943 de
1529 1902 1637 1963 qua
1669 1886 1818 1943 inter
1845 1902 2042 1944 omnes
2087 1883 2383 1953 convenit,
2435 1883 2524 1940 ni-

481 1970 651 2029 hilum
692 1967 764 2030 de
809 1970 980 2028 nihilo
1027 1971 1218 2042 nasci,
1262 1980 1322 2029 et
1350 1970 1485 2028 nihil
1515 1971 1570 2027 in
1608 1970 1834 2028 nihilum
1866 1968 2031 2027 solvi.
2081 1968 2154 2026 Et
2182 1966 2419 2026 mundus
2448 1964 2524 2025 de

480 2054 654 2112 nihilo
699 2055 882 2113 factus
929 2064 1105 2113 estet
1136 2057 1189 2114 in
1223 2054 1450 2114 nihilum
1482 2052 1791 2133 redigetur.
1851 2053 1987 2113 Ideo
2031 2064 2216 2112 autem
2258 2050 2524 2111 mundum

481 2138 614 2198 nihil
646 2158 779 2198 esse
811 2137 1101 2206 dixerunt.
1148 2161 1256 2198 non
1301 2138 1448 2219 quod
1480 2139 1588 2199 hoc
1621 2150 1745 2211 est,
1788 2136 1888 2199 sed
1923 2159 1993 2197 eo
2026 2138 2171 2218 quod
2204 2140 2348 2209 erit,
2394 2139 2529 2217 quia

480 2245 556 2284 ex
599 2224 771 2283 nihilo
817 2235 940 2294 est,
985 2225 1041 2283 iu
1082 2225 1306 2284 nihilum
1351 2223 1524 2284 vadit.
1597 2224 1756 2297 Quae
1816 2226 2001 2283 omnia
2047 2235 2217 2301 negat
2262 2224 2523 2283 centurio

479 2310 629 2369 velle
661 2329 726 2369 se
759 2309 1027 2371 disceret
1075 2321 1135 2369 et
1178 2310 1315 2371 dicit
1356 2313 1470 2371 ita:
1515 2309 1840 2390 Philosophi
1886 2310 1993 2368 sihi
2033 2309 2209 2369 oculis
2252 2310 2524 2380 formant,

385 2379 392 2430 ἶ
479 2394 550 2454 de
583 2396 780 2475 quibus
812 2398 1075 2474 scripturi
1108 2408 1271 2468 sunt,
1318 2408 1378 2455 ut
1421 2408 1554 2455 suut
1591 2395 1851 2455 diuturna
1894 2396 2212 2456 infirmitate
2244 2396 2524 2466 homines,

389 2529 392 2546 .
479 2482 678 2563 quibus
723 2483 980 2541 siccitate
1028 2483 1265 2541 febrium
1313 2494 1374 2541 et
1426 2483 1784 2541 insomnitate
1828 2480 2180 2540 diversorum
2243 2483 2525 2558 imagines

387 2565 393 2622 ἑ
480 2568 658 2626 oculis
690 2587 881 2625 eorum
915 2568 1243 2627 formantur.
1302 2567 1483 2626 Stoici
1513 2577 1884 2637 asseverant,
1928 2587 2037 2624 non
2071 2585 2242 2644 posse
2273 2565 2345 2624 ad
2375 2567 2526 2624 nihi-

480 2652 590 2710 lum
637 2650 842 2731 aliquid
889 2654 1099 2711 reverti
1157 2665 1216 2712 et
1262 2651 1470 2733 aliquid
1514 2674 1625 2712 non
1669 2655 1724 2711 in
1770 2651 1994 2711 nihilum
2041 2650 2294 2710 dissolvi.
2374 2650 2524 2710 Nam

389 2741 394 2756 ¹
481 2757 687 2816 corpus
735 2740 936 2796 atomis
983 2748 1242 2810 constat,
1290 2737 1439 2818 quod
1471 2759 1593 2798 cum
1625 2735 1872 2807 decidit,
1918 2739 1974 2796 in
2006 2748 2225 2796 atomos
2255 2735 2524 2795 dissolvi-

391 2837 396 2844 ·
479 2833 594 2883 tur.
657 2822 727 2881 Et
760 2820 829 2881 ad
861 2833 1155 2903 utrumque
1187 2821 1531 2902 respondet,
1574 2842 1746 2904 posse
1777 2824 1931 2902 gigni
1963 2820 2034 2882 de
2066 2823 2238 2881 nihilo
2268 2821 2523 2894 nihilum,

385 2905 392 2968 ἑ
482 2906 553 2966 ad
586 2908 813 2967 nihilum
845 2909 919 2966 nil
953 2927 1124 2987 posse
1157 2910 1394 2968 reverti.

654 2997 758 3056 85.
807 2997 934 3054 Hoc
962 3003 1088 3064 est,
1136 2996 1292 3072 quod
1313 2994 1533 3073 palles.
1588 2994 1717 3072 Ipse
1750 2991 1930 3052 adhuc
1960 2992 2245 3072 loquitur:
2292 2991 2382 3051 Ex
2423 2992 2525 3051 tali

482 3077 667 3138 studio
698 3079 915 3157 palles?
958 3080 1112 3138 Ecce
1143 3081 1334 3138 ieiunii
1368 3081 1621 3151 fructusg
1658 3080 1787 3158 quia
1815 3089 1928 3137 tam
1960 3076 2219 3137 diuturna
2249 3079 2525 3156 cogitatio

481 3175 742 3244 tanquam
774 3163 1086 3223 lucubratio
1117 3165 1208 3223 vel
1239 3161 1425 3224 inedia
1457 3165 1724 3243 pallorem
1756 3163 2088 3243 corporibus
2119 3165 2316 3222 iniicit.

652 3253 754 3312 86.
799 3252 907 3309 His
928 3251 1185 3328 populus
1214 3253 1392 3309 ridet.
1450 3249 1644 3309 Verba
1673 3261 1900 3328 poetae.
1960 3248 2022 3307 111
2055 3259 2177 3320 est,
2211 3248 2281 3307 de
2314 3247 2524 3310 talibus

479 3334 690 3395 verbis.
863 3337 1229 3412 Multumque
1272 3346 1472 3395 torosa
1504 3337 1793 3394 iuventus.
1852 3335 1982 3394 Istis
2013 3354 2153 3411 ergo
2187 3333 2524 3411 disputatio-

481 3418 643 3480 nibus
674 3417 823 3478 ridet
853 3397 1088 3498 popilius
1132 3432 1192 3480 et
1221 3431 1417 3493 torosa
1446 3423 1726 3480 iuventus.
1894 3420 2014 3478 Aut
2055 3420 2297 3478 multum
2333 3421 2521 3491 ridet,

481 3516 578 3564 aut
619 3505 860 3564 multum
901 3506 1213 3564 cachinnos
1258 3508 1615 3584 ingeminat,
1663 3515 1759 3564 aut
1790 3507 2031 3564 multum
2063 3505 2378 3576 tremulos,
2423 3515 2528 3563 aut

479 3593 721 3650 multum
753 3611 898 3649 naso
930 3592 1248 3669 crispante.

653 3680 755 3737 88.
798 3678 1062 3754 Inspice,
1108 3677 1302 3736 nescio
1336 3679 1496 3754 quid.
1552 3675 1641 3736 De
1674 3678 1744 3735 iis
1775 3696 1920 3735 nunc
1951 3673 2120 3747 dicit,
2167 3676 2258 3754 qui
2289 3674 2526 3732 infirmi·

481 3772 599 3821 tate
649 3760 877 3819 invalidi
920 3763 1060 3821 vitia
1105 3760 1465 3840 cupiditatum
1510 3781 1732 3820 suarum
1776 3781 2051 3840 superare
2110 3781 2220 3819 nou
2280 3772 2525 3839 possunt

480 3858 541 3905 et
570 3847 845 3905 ebrietate
878 3857 972 3905 aut
1004 3848 1128 3906 aliis
1180 3848 1399 3907 vitiosis
1444 3846 1745 3907 desideriis
1788 3849 1955 3907 tracti
2001 3849 2056 3905 in
2102 3847 2280 3904 maius
2326 3847 2526 3924 aegri-

477 3930 724 3991 tudinem
768 3952 922 3990 suam
965 3933 1368 4005 corroborant,
1427 3944 1491 3992 ut
1534 3935 1705 3993 etiam
1761 3952 1939 4014 usque
1987 3931 2056 3991 ad
2102 3942 2336 3991 mortem
2383 3950 2525 4011 per·

483 4116 502 4170 Ι
547 4115 693 4182 Virg.
723 4117 853 4182 Aen,
883 4116 921 4181 l,
951 4119 1070 4171 495.
1508 4119 1543 4174 2
1578 4118 1727 4184 Virg.
1761 4119 1894 4170 Aen.
1934 4117 1977 4185 Ι,
2012 4118 2134 4181 482,
2171 4115 2371 4178 cf.·V1‚
2394 4119 2523 4173 469.

319 4509 532 4639 X
