2764 4738
580 387 705 454 146
1294 390 1462 452 SAT.
1495 387 1593 465 111,
1627 393 1707 454 10
1737 395 1927 454 -17.

584 562 951 641 ambiguitate
981 562 1037 621 h.
1067 583 1162 623 vv.
1196 563 1273 622 cf.
1314 560 1566 641 Madvig.
1599 560 1671 621 ad
1706 561 1826 621 Cic.
1857 557 1930 619 de
1962 560 2095 619 linn.
2124 559 2195 635 11,
2225 565 2329 632 20,
2382 564 2498 633 64)
2531 580 2634 620 ex·

579 651 871 727 primitur,
903 648 1263 708 membranae
1294 649 1561 727 politura,
1608 648 1690 707 cs.
1725 647 1853 706 Tib.
1897 644 1993 717 111,
2030 651 2088 718 1,
2123 652 2223 709 10.
2267 647 2446 706 Mart.
2479 647 2631 716 vm,

578 739 681 806 72,
716 740 743 796 1
784 755 871 814 sq.
915 734 1114 813 Capilli
1145 737 1313 794 etiam
1359 734 1491 793 alibi
1524 732 1593 792 de
1625 732 1940 792 animalium
1974 732 2102 811 pilis
2132 742 2520 811 usurpantur,
2551 733 2629 791 cl'.

578 819 651 879 R.
694 819 806 879 Tit.
838 818 909 878 ad
939 819 1064 879 Liv.
1097 819 1338 889 XXXII,
1389 825 1445 890 1,
1482 823 1581 881 10.
1667 817 1756 876 De
1788 818 2019 876 chartis
2047 819 2167 895 agit
2212 818 2431 876 Plinius
2475 816 2630 887 XIII,

584 912 682 976 11,
713 910 789 967 21
832 925 979 984 sqq„
1010 903 1157 964 idem
1190 903 1261 964 de
1293 907 1563 974 calamis,
1597 904 1798 982 quibus
1828 901 1900 960 ad
1934 901 2291 962 scribendum
2320 903 2631 962 utebantur

577 1002 831 1062 veteres,
871 990 1028 1061 XVI,
1075 994 1179 1061 36,
1222 994 1324 1060 64,
1367 990 1445 1049 cs.
1492 988 1766 1047 Schwarz
1809 986 1881 1048 de
1926 989 2085 1047 varia
2132 986 2500 1067 supellectile
2546 989 2628 1046 rei

579 1077 707 1135 libr.
739 1096 829 1153 ap.
876 1086 1015 1144 vett.
1062 1079 1092 1151 §
1138 1081 1177 1137 7
1194 1099 1210 1147 ς
1243 1076 1333 1134 hic
1364 1076 1620 1145 arundo,
1667 1086 1731 1132 ut
1758 1094 1849 1132 vs.
1890 1078 1967 1135 14
1993 1073 2255 1150 fistula,
2304 1076 2456 1132 sicut
2486 1070 2628 1151 apud

576 1161 836 1221 Marcell.
871 1161 1085 1238 Empir.
1127 1165 1204 1223 10
1237 1162 1461 1220 calami
1477 1161 1796 1237 scriptorii
1802 1158 2064 1235 fistula,·
2107 1161 2360 1230 nodosa,
2395 1169 2460 1217 nt
2489 1155 2628 1236 apud

579 1247 890 1306 Ausonium
936 1253 1089 1325 (epp.
1136 1245 1233 1317 lV,
1281 1250 1389 1317 75)
1451 1247 1598 1304 nodi
1647 1245 1852 1303 Cnidii
1900 1242 1970 1303 de
2030 1244 2249 1303 calamo
2311 1245 2627 1322 scriptoris.

582 1333 916 1410 Comparari
966 1342 1205 1411 possunt
1245 1333 1500 1410 picturae
1545 1331 1845 1409 antiquae,
1891 1348 2037 1409 quae
2082 1331 2465 1389 instrumenta
2494 1330 2629 1386 scri-

583 1420 767 1495 ptoria
797 1427 1266 1495 repraesentant,
1308 1416 1462 1475 MuS.
1498 1415 1670 1474 Borb.
1700 1416 1726 1474 I
1754 1426 1795 1474 t.
1833 1419 1932 1476 12.
2006 1414 2095 1474 De
2126 1417 2301 1474 variis
2333 1425 2625 1473 atramen-

584 1514 773 1562 torum
820 1503 1127 1578 generibus
1167 1523 1225 1562 v.
1262 1501 1483 1560 Vitruv.
1527 1500 1651 1572 Vn,
1698 1505 1796 1563 10.
1842 1498 1984 1558 Plin.
2029 1501 2277 1570 XXXV,
2327 1505 2391 1572 6,
2422 1504 2506 1562 25
2538 1499 2624 1571 (cl.

583 1587 878 1658 XXXVII,
911 1594 972 1658 7,
1002 1592 1132 1660 28).
1221 1587 1329 1660 Qui
1361 1588 1410 1644 si
1451 1586 1713 1656 affirmat,
1747 1605 1822 1644 ex
1848 1588 2018 1663 sepia
2049 1607 2158 1645 non
2189 1586 2318 1644 fieri
2351 1597 2624 1643 atramen-

584 1685 720 1744 tum,
752 1671 1220 1732 considerandum
1253 1682 1370 1743 est,
1406 1690 1532 1730 eum
1562 1672 1639 1730 ihi
1672 1670 1742 1731 de
1775 1671 2050 1748 pictorum
2080 1671 2374 1730 coloribus
2406 1670 2623 1750 potissi·

586 1780 732 1817 mum
762 1778 961 1836 agere,
993 1759 1291 1817 atramenti
1323 1758 1536 1817 librarii
1552 1777 1662 1816 non
1694 1758 1799 1815 uisi
1817 1756 2003 1816 obiter
2033 1758 2383 1817 mentionem
2417 1757 2621 1814 faeere.

584 1843 714 1902 Non
762 1844 939 1903 solum
982 1844 1213 1903 Persius
1257 1843 1407 1913 h.1.‚
1440 1839 1542 1901 sed
1587 1844 1759 1902 etiam
1799 1840 2091 1900 Ausonius
2138 1840 2306 1924 (epp.
2377 1840 2479 1912 IV,
2521 1844 2615 1902 74.

586 1929 713 2000 Vll,
763 1935 867 2002 54)
928 1939 1211 1989 testantur
1269 1929 1429 2008 sepia
1472 1929 1775 2006 scripsisse
1834 1929 2117 2006 antiquoS.
2207 1927 2483 1986 Morosns
2536 1924 2623 1982 ille

586 2017 761 2092 igitur
788 2015 1022 2093 primum
1063 2016 1225 2072 nimis
1255 2031 1521 2072 crassum
1571 2014 1865 2072 humorem
1910 2014 2138 2072 calamo
2194 2013 2456 2071 haerere
2497 2028 2619 2088 qne-

586 2102 750 2171 ritur,
782 2111 895 2159 tum
927 2120 1073 2179 aqua
1103 2100 1289 2158 infusa
1320 2100 1483 2157 nimis
1525 2097 1787 2176 pallidum
1829 2098 2039 2157 factum
2071 2108 2132 2157 et
2160 2108 2465 2177 tantopere
2494 2095 2621 2153 dilu-

589 2196 702 2243 tum
733 2205 888 2256 esse,
919 2195 981 2244 ut
1009 2195 1197 2262 guttas
1230 2182 1505 2242 distillans
1537 2184 1784 2243 calamus
1816 2184 2067 2243 chartam
2099 2183 2372 2244 maculet.
2447 2182 2621 2240 mser

589 2269 661 2328 de
694 2290 787 2340 eo,
818 2271 912 2349 qui
942 2290 1117 2352 prava
1150 2269 1387 2328 stultitia
1419 2269 1662 2338 laborat,
1696 2281 1759 2328 ut
1787 2290 1842 2327 v.
1876 2271 1977 2339 66,
2013 2272 2155 2331 107.
2186 2269 2262 2340 V,
2297 2272 2419 2338 653
2453 2265 2618 2325 Grae·

589 2357 674 2414 cis
703 2351 908 2425 τάλας,
943 2376 997 2415 e.
1044 2377 1099 2433 g.
1132 2355 1363 2415 Arrian.
1408 2352 1545 2414 diss.
1592 2354 1688 2427 111,
1718 2359 1780 2427 2,
1812 2357 1888 2425 9ς
1928 2357 2024 2417 16.
2073 2355 2237 2413 ultra
2278 2355 2464 2412 miser
2490 2353 2526 2410 i.
2568 2367 2615 2408 e.

590 2442 812 2518 longius
858 2442 1124 2501 miseriae
1170 2460 1537 2519 progressus.
1594 2440 1719 2511 Tu,
1763 2442 1941 2518 inquit
1971 2450 2173 2518 poeta,
2214 2459 2287 2498 ea
2320 2440 2538 2498 ratione
2566 2447 2614 2493 te

590 2528 746 2604 geris
766 2569 785 2597 ,
830 2546 976 2605 quae
1025 2528 1299 2585 infantem
1346 2523 1516 2585 decet
1557 2524 1892 2596 delicatum,
1925 2546 2084 2596 nam,
2115 2523 2262 2603 quod
2294 2527 2380 2583 ait
2413 2522 2619 2582 Seneca

594 2610 688 2682 (de
720 2614 805 2670 ira
836 2610 904 2683 11,
937 2617 1065 2685 21),
1097 2610 1229 2670 nibil
1262 2613 1444 2688 magis
1478 2611 1616 2671 facit
1646 2610 1968 2682 iracundoS,
1999 2630 2164 2690 qnam
2195 2608 2464 2669 educatio
2492 2606 2617 2665 mol·

591 2697 661 2755 lis
694 2707 754 2755 et
797 2695 1034 2768 blanda,
1075 2695 1204 2755 ideo
1249 2698 1429 2755 unicis
1463 2716 1572 2775 quo
1603 2698 1727 2776 plus
1759 2695 2113 2775 indulgetur,
2156 2696 2491 2773 pupillisque
2520 2710 2614 2771 quo

592 2782 717 2862 plus
763 2782 930 2855 licet,
981 2784 1301 2860 corruptior
1344 2782 1561 2840 animus
1607 2793 1728 2853 est3
1790 2803 1901 2841 non
1943 2783 2180 2840 resistet
2221 2781 2494 2848 offensis,
2535 2776 2615 2835 cui

591 2867 726 2926 nihil
759 2887 995 2946 unquam
1028 2877 1291 2945 negatum
1323 2877 1447 2937 est,
1493 2869 1584 2926 eui
1615 2868 1876 2927 lacrimas
1920 2885 2149 2944 semper
2178 2865 2429 2925 sollicita
2456 2873 2616 2922 mater

593 2953 884 3023 abstersit,
915 2954 1003 3011 cui
1034 2952 1105 3011 de
1136 2949 1471 3030 paedagogo
1505 2953 1856 3011 satisfactum
1889 2964 1998 3012 est.
2031 2951 2204 3011 Tales
2237 2962 2373 3010 sunt
2401 2965 2612 3026 regum,

593 3036 821 3096 divitum
864 3057 933 3096 ac
965 3056 1260 3115 procerum
1294 3044 1368 3111 (v.
1403 3035 1475 3094 ad
1506 3038 1549 3107 1,
1583 3042 1683 3100 67.
1715 3037 1785 3107 11,
1817 3042 1923 3112 37)
1952 3039 2151 3115 pueri,
2188 3036 2265 3095 cl'.
2290 3036 2429 3096 Hor.
2459 3051 2612 3093 carm·

593 3122 662 3193 Il,
699 3127 799 3192 18,
830 3127 931 3184 34.
964 3123 1072 3181 Dio
1106 3122 1311 3200 Chrys.
1342 3141 1429 3180 or.
1461 3122 1586 3181 XL.
1618 3144 1674 3203 p.
1707 3129 1852 3194 514,
1883 3135 1924 3181 t.
1957 3121 2007 3181 11
2037 3143 2089 3200 p.
2122 3127 2248 3184 205
2279 3121 2386 3179 R.:
2429 3111 2615 3177 πολλοῖ

597 3204 925 3284 κατεγέλων
947 3209 1053 3280 τῆς
1080 3203 1306 3275 πόλεως
1333 3239 1420 3251 -—
1460 3204 1873 3291 διαφερούσης
1901 3202 2081 3266 οὐδὲν
2121 3201 2276 3265 κατὰ
2298 3202 2412 3279 τὴν
2437 3198 2611 3281 &4²90-

598 3287 782 3364 σύνην
805 3292 925 3350 τῶν
946 3291 1182 3351 παίδων
1205 3292 1326 3349 τῶν
1349 3290 1668 3368 βασιλέων.
1748 3293 1817 3351 Hi
1847 3290 2066 3353 blandis
2096 3292 2413 3350 nominibus
2443 3284 2613 3347 vocari

597 3376 818 3447 solent,
861 3377 1025 3456 quale
1071 3388 1163 3437 est
1192 3377 1497 3448 columba,
1542 3397 1597 3436 v.
1633 3377 1814 3437 Plaut.
1843 3377 2009 3437 Asin.
2040 3377 2136 3449 111,
2170 3381 2230 3448 3,
2267 3380 2409 3439 103.
2442 3371 2608 3432 Casin-

600 3460 643 3529 l,
676 3465 776 3523 50.
829 3464 1053 3521 Tenere
1098 3464 1174 3522 ef.
1208 3459 1277 3521 ad
1308 3461 1353 3533 1,
1386 3465 1488 3523 98.
1555 3462 1809 3522 Infantes
1869 3464 2056 3522 fracta
2112 3481 2258 3522 voce
2319 3460 2610 3520 balbutien-

598 3556 688 3604 tes
737 3566 904 3626 papa
972 3545 1163 3607 dicunt
1236 3566 1346 3605 non
1408 3559 1627 3624 patrem
1688 3549 1902 3620 solum,
1977 3545 2083 3607 sed
2141 3547 2329 3606 cibum
2387 3558 2607 3625 quoque,

603 3642 662 3688 ut
702 3630 871 3691 docet
907 3631 1061 3693 Non.
1111 3654 1160 3692 s.
1205 3654 1258 3690 v.
1322 3632 1507 3702 buaS,
1584 3635 1867 3710 potionem
1951 3634 2193 3712 positam
2255 3630 2607 3710 parvulorum·

599 3716 784 3775 Varro
817 3718 956 3776 Cato
986 3719 1077 3778 vel
1109 3717 1180 3777 de
1225 3717 1418 3776 liberis
1461 3715 1803 3777 educandis:
1865 3738 1990 3777 cum
2036 3717 2219 3777 cibum
2253 3738 2321 3776 ac
2353 3717 2608 3795 potionem

599 3801 742 3861 buas
787 3823 856 3862 ac
898 3823 1071 3882 papas
1116 3803 1322 3862 docent
1380 3800 1619 3875 (dicunt)
1664 3815 1725 3864 et
1763 3814 1998 3862 matrem
2043 3823 2370 3872 mammam,
2420 3807 2607 3878 patrem

603 3896 797 3946 tatam.
851 3886 984 3947 lnde
1016 3888 1245 3948 verbum
1284 3905 1521 3966 papare
1558 3890 1804 3961 factum,
1836 3909 1945 3968 quo
1976 3890 2151 3947 utitur
2183 3888 2413 3946 Plautus
2445 3876 2606 3959 (Epid-

602 3972 679 4043 V,
702 3977 764 4043 2,
797 3977 936 4048 62)=
984 3974 1187 4045 „Novo
1219 3974 1423 4033 liberto
1447 3993 1588 4052 opus
1619 3985 1731 4046 est,
1774 3972 1920 4054 quod
1950 3982 2208 4052 papet;“
2240 3974 2316 4032 cf.
2348 3971 2514 4050 gloss.
2542 3962 2600 4022 Η.

609 4057 806 4134 Stepb.
849 4079 906 4138 p.
958 4063 1077 4122 152
1104 4070 1371 4139 pappat,
1420 4059 1704 4134 μασᾶται.
1798 4060 2131 4129 Minutum,
2187 4060 2319 4138 qnia
2361 4045 2607 4116 eiusmodi

552 4488 711 4597 Ἃ,
