2764 4738
502 442 698 488 cxxvi
1156 417 1878 483 PROLEGOMENA.

504 592 714 658 codice
745 587 1152 674 manuscripto
1181 588 1492 673 leguntur,
1524 599 1768 672 praeter
1780 586 2203 667 Pithoeanum‚
2223 589 2319 671 qui
2338 583 2559 673 quam-

502 692 1154 778 quamnonintegrum,
1189 701 1391 755 tamen
1424 691 1686 755 omnium
1705 690 1967 755 maxime
1999 691 2235 755 textum'
2265 692 2559 775 antiquo-

498 818 632 862 rum
662 795 1028 860 scholiorum
1060 802 1558 877 repraesentasse
1590 793 1863 869 videtur,
1916 801 2095 874 atque
2124 792 2185 856 id
2212 793 2276 856 in
2308 794 2560 858 edendo

500 897 777 964 luvenali
806 897 1128 980 aliquando
1158 897 1242 960 ita
1273 896 1754 979 persequendum
1789 895 1929 972 erit,
1962 906 2352 979 utappareat,
2387 895 2560 960 haud

499 1003 585 1066 ita
629 999 833 1085 paucis
877 999 1027 1063 locis
1070 998 1298 1082 insigni
1352 997 1531 1061 modo
1580 997 1884 1062 diversum
1931 997 2121 1062 fuisse
2175 997 2556 1063 scholiastae

499 1115 735 1169 textum
777 1101 851 1165 ab
898 1119 972 1163 eo
1015 1101 1114 1184 qui
1151 1101 1216 1164 in
1262 1100 1489 1164 nostris
1529 1100 1838 1164 codicibus
1867 1099 2110 1183 legitur.
2177 1098 2309 1163 Hos
2340 1111 2556 1165 autem

499 1205 784 1283 codices,
851 1213 1136 1286 quantum
1183 1222 1300 1286 ego
1344 1203 1528 1279 novi,
1589 1223 1940 1285 quamquam
1997 1202 2163 1266 inter
2206 1223 2274 1267 se
2319 1203 2556 1267 diversi

500 1319 640 1372 sunt
681 1305 993 1382 bonitate,
1044 1325 1237 1387 neque
1283 1304 1414 1388 pari
1458 1304 1638 1367 modo
1685 1304 1990 1387 corrupti,
2037 1304 2108 1367 ad
2142 1326 2321 1368 unum
2353 1306 2556 1370 idem-

499 1431 612 1492 que
646 1428 838 1492 genus
869 1416 1070 1470 tamen
1101 1407 1410 1490 pertinere
1441 1405 1617 1470 facile
1648 1418 1917 1490 apparet.
1965 1406 2212 1471 Eminet
2245 1409 2410 1472 inter
2438 1428 2555 1473 eos

499 1511 722 1574 familia
757 1508 1025 1573 codicum
1047 1555 1064 1587 ,
1114 1508 1210 1591 qui
1241 1519 1445 1573 aetate
1476 1509 1633 1573 haud
1666 1511 2113 1574 contemnenda
2156 1521 2221 1575 et
2258 1510 2555 1575 lectionis

499 1613 849 1697 integritate
895 1611 1427 1690 commendantur,
1490 1622 1553 1675 et
1592 1621 1711 1674 tam
1755 1621 2035 1675 accurate
2077 1612 2240 1677 inter
2283 1634 2352 1677 se
2397 1636 2556 1678 con-

500 1726 758 1802 gruunt,
806 1724 873 1776 ut
916 1735 1000 1776 ex
1041 1733 1162 1775 uno
1208 1713 1488 1797 exemplo
1535 1713 1744 1777 ductos
1790 1733 1895 1778 eos
1941 1734 2078 1778 esse
2122 1716 2550 1800 perspiciatur.

498 1819 598 1883 Ad
630 1839 760 1882 eam
794 1815 1099 1901 pertinent
1129 1816 1308 1879 codd.
1343 1825 1677 1879 monaster.
1716 1814 2137 1901 sangallensis
2167 1829 2231 1882 et
2259 1816 2555 1883 Einsied-

497 1920 683 1987 lensis
713 1941 844 1984 sec.
877 1916 946 1980 X
973 1921 1074 1983 vel
1101 1914 1233 1995 XI,
1266 1914 1585 1981 Parisinus
1616 1937 1744 1981 sec.
1776 1914 1904 1982 ΧΠ
1924 1962 1942 1992 ,
1978 1916 2377 1984 Laurentiani
2410 1943 2550 1986 sec.

497 2021 598 2087 XI
636 2031 682 2101 ¹,
733 2021 831 2104 qui
872 2022 1011 2086 ideo
1053 2039 1320 2085 summae
1367 2020 1744 2084 auctoritatis
1790 2031 1919 2097 est,
1969 2023 2123 2104 quod
2169 2023 2373 2087 addita
2403 2024 2553 2087 sub-

497 2124 821 2207 scriptione
853 2133 1146 2201 testatur‚
1182 2143 1318 2187 esse
1351 2122 1712 2207 descriptum
1744 2123 1818 2185 ad
1846 2124 2186 2208 exemplum
2216 2146 2250 2189 a
2282 2124 2491 2190 Nice
2511 2148 2553 2190 o

497 2226 731 2290 Romae
781 2228 1186 2290 emendatum.
1256 2221 1534 2289 lamvero
1583 2224 1645 2287 hi
1692 2225 1872 2289 codd.
1922 2246 2044 2288 non
2084 2227 2275 2290 solum
2324 2228 2554 2311 ubique

499 2348 604 2394 eas
648 2328 944 2392 lectiones
998 2327 1331 2413 praebent,
1393 2348 1538 2411 quas
1593 2328 1861 2413 explicat
1917 2325 2270 2407 Cornutus,
2331 2350 2553 2396 verum

498 2431 698 2495 addita
736 2430 956 2494 habeut
1001 2428 1231 2494 scholia
1258 2430 1472 2515 partim
1515 2430 1577 2494 in
1617 2431 1890 2514 margine
1934 2432 2280 2517 adscripta,
2326 2434 2554 2517 partim

499 2533 789 2599 continua
831 2531 990 2596 serie
1038 2532 1384 2617 descripta,
1431 2553 1583 2614 quae
1628 2533 1768 2617 quin
1817 2533 1939 2597 sint
1978 2534 2185 2597 eadem
2219 2555 2351 2598 cum
2387 2532 2555 2600 Cor·

497 2634 629 2701 nuti
670 2634 911 2700 scholiis
958 2655 1079 2698 non
1129 2635 1371 2699 videtur
1412 2634 1673 2699 dubium.
1747 2632 2020 2711 Doleoka
2063 2658 2160 2701 me
2205 2657 2330 2699 non
2373 2638 2556 2722 plura

498 2749 792 2821 excerpta
850 2756 1024 2814 esse,
1110 2758 1145 2802 e
1205 2735 1419 2819 quibus
1475 2736 1537 2800 id
1603 2738 1824 2803 clarius
1897 2749 2257 2825 appareret,
2328 2760 2554 2805 verum

497 2864 630 2907 cum
665 2842 906 2905 codices
935 2839 1299 2925 inspicerem
1331 2848 1394 2901 et
1422 2839 1693 2904 viderem
1733 2840 1938 2905 inesse
1971 2840 2119 2905 nihil
2165 2840 2278 2905 nisi
2320 2861 2550 2925 nugas,

496 2945 663 3009 nolui
713 2956 942 3028 tempus
989 2942 1246 3026 perdere
1293 2941 1729 3021 describendo,
1791 2943 1866 3006 ad
1924 2942 2079 3008 hanc
2125 2944 2555 3028 quaestionem

497 3055 621 3109 tum
656 3067 776 3109 non
807 3048 957 3111 satis
987 3054 1278 3109 attentus.
1328 3040 1453 3107 Sed
1498 3045 1714 3110 sufficit
1758 3046 1860 3109 vel
1908 3046 2063 3124 hoc,
2111 3046 2269 3129 quod
2302 3047 2551 3128 eadem,

496 3168 647 3231 quae
680 3145 754 3209 ad
787 3144 898 3224 Vl,
932 3145 1061 3212 276
1090 3148 1163 3212 de
1197 3167 1474 3211 curruca
1514 3148 1787 3225 avicula,
1836 3168 1986 3231 quae
2026 3147 2232 3233 linofa
2277 3149 2553 3230 dicatur,

496 3250 573 3313 ad
607 3244 752 3326 Vll,
791 3248 913 3314 114
947 3251 1020 3314 de
1050 3252 1254 3336 inepta
1282 3248 1546 3315 lectione
1578 3270 1690 3312 rus
1730 3252 2053 3335 satipone,
2099 3251 2172 3315 ad
2219 3248 2369 3329 VII,
2419 3249 2555 3318 154

496 3351 570 3415 de
625 3350 891 3416 Cambre
933 3352 1174 3418 nomine
1232 3352 1480 3436 ignotae
1536 3352 1773 3417 fabulae
1832 3353 2145 3418 adnotavit
2199 3351 2550 3436 Cornutus,

496 3455 676 3519 codd.
711 3455 948 3519 illorum
980 3456 1209 3520 scholia
1239 3454 1523 3531 tradunt,
1571 3464 1638 3517 ut
1676 3454 1999 3539 probetur,
2049 3476 2122 3520 ea
2163 3457 2240 3520 ad
2284 3459 2555 3525 eundem

496 3569 806 3622 auctorem
852 3559 1180 3624 referenda
1224 3578 1385 3622 esse.
1448 3554 1728 3622 Omnium
1775 3579 1923 3622 vero
1968 3559 2387 3643 gravissimum
2421 3573 2547 3641 est,

497 3658 652 3741 quod
696 3671 1045 3724 annotatum
1086 3670 1181 3724 est
1223 3661 1297 3723 ad
1354 3657 1477 3738 IX,
1525 3660 1631 3742 37.
1704 3658 1868 3724 Nam
1916 3683 2067 3745 quae
2121 3662 2204 3726 ihi
2260 3662 2553 3746 leguntur

494 3759 684 3825 verba
731 3760 1005 3827 Graecas
1083 3760 1315 3838 Αὐτός
1364 3759 1497 3850 γάρ
1549 3760 1891 3850 ἐφέλκεται
1944 3759 2163 3850 ἄνδρα
2212 3765 2550 3845 κίναιδος,

500 3967 518 3999 ¹
563 3962 668 3999 N...-
711 3965 874 4016 ...i-...q
912 3966 962 4016 in
1002 3964 1325 4030 sangallensi
1361 3976 1418 4020 et
1451 3969 1796 4021 Einsiedlensi
1847 3970 1930 4021 hie
1967 3969 2076 4020 illic
2113 3970 2312 4034 glossae
2349 3970 2552 4023 Teuto-

869 4036 1034 4101 riptae
1070 4042 1226 4099 sunt,
1275 4038 1363 4089 sed
1413 4038 1464 4090 iu
1517 4037 1868 4103 Laurentiano
1905 4054 2104 4105 quoque
2140 4040 2202 4090 ud
2234 4038 2324 4103 Vl,
2368 4041 2430 4094 4³
2469 4042 2550 4093 le-

867 4106 1048 4170 »iser-o,
1083 4104 1323 4172 haffdra.
