2764 4738
564 436 691 502 134
1311 437 1485 501 SAT.
1521 436 1591 514 11,
1623 442 1706 502 55
1737 471 1822 484 —
1849 442 1950 502 57.

557 631 612 689 p.
645 612 728 672 88
756 613 940 689 sqq),
982 605 1087 670 sed
1126 606 1199 672 de
1244 628 1316 670 ea
1360 606 1801 687 superstitione,
1851 627 1962 689 qna
2005 607 2265 669 homines
2309 604 2382 668 de
2423 606 2583 666 rebus

562 696 745 753 noxiis
788 695 879 754 vel
936 695 1250 754 salutiferis
1296 714 1360 755 se
1408 714 1514 773 per
1543 696 1815 753 somnium
1860 714 1895 753 a
1924 692 2032 753 diis
2063 694 2282 753 moneri
2312 692 2583 771 putabant,

559 779 708 839 uude
740 779 874 839 illud
903 782 959 839 in
977 780 1150 840 titulis
1179 792 1292 839 tam
1324 781 1744 860 frequentatum
1774 800 1873 840 εκ.
1903 799 2032 839 visv
2059 779 2153 839 vel
2183 798 2404 838 somn.
2432 797 2587 836 nom·

557 885 688 930 rvs,
730 864 878 945 quod
921 863 993 924 ad
1039 883 1232 925 omnes
1288 866 1416 926 fere
1474 863 1614 925 deos
1677 867 1968 943 pertinere
2041 866 2341 923 innumera
2396 862 2590 922 docent

560 951 820 1030 exempla
853 950 959 1030 (cf.
1004 950 1162 1010 Grut.
1208 955 1269 1022 2,
1300 954 1389 1024 4).
1439 949 1714 1009 Solebant
1757 962 1944 1010 autem
1976 952 2189 1030 antiqui
2222 947 2451 1009 deorum
2480 958 2589 1007 sta-

560 1046 709 1107 tuas,
743 1037 941 1116 quibus
982 1038 1319 1114 praecipuas
1360 1038 1578 1114 gratias
1624 1034 1930 1107 debebant,
1972 1037 2065 1096 vel
2096 1046 2248 1094 totas
2290 1035 2381 1095 vel
2409 1044 2588 1113 partes

564 1119 833 1201 quasdam
879 1120 1179 1182 deaurare.
1266 1120 1675 1200 Athenagorae
1721 1122 1903 1180 locum
1954 1125 2033 1195 (c.
2082 1125 2166 1183 26
2210 1141 2268 1198 p.
2300 1124 2383 1184 30
2424 1118 2508 1179 ed.
2540 1139 2588 1176 a.

567 1212 756 1280 1615>
818 1228 941 1267 cum
986 1218 1182 1266 nostro
1237 1207 1476 1266 contulit
1518 1205 1770 1267 Lobeck.
1830 1206 2137 1285 (Aglaoph.
2183 1206 2236 1265 11
2278 1227 2332 1285 p.
2379 1208 2590 1276 1171):

576 1293 657 1350 Οἱ
684 1291 793 1369 μὲν
820 1288 988 1352 ἄλλοι
1021 1288 1371 1375 ἀνδριάντες
1399 1292 1511 1352 τοῦ
1537 1289 1913 1375 Νερυλλίνου
1967 1286 2250 1368 κόσμημά
2281 1289 2392 1350 εἰσι
2418 1285 2592 1365 δημό-

568 1396 733 1436 σιον·
765 1374 849 1447 εἷς
881 1375 946 1435 δὲ
976 1373 1175 1436 αὐτῶν
1204 1376 1308 1436 καὶ
1336 1374 1716 1460 χρηματίζειν
1757 1375 1862 1436 καῖ
1892 1374 2113 1436 ἰᾶσθαι
2154 1374 2465 1454 νομίζεται,
2499 1371 2594 1432 καὶ

564 1458 829 1520 θύουσιν
870 1457 1033 1540 αὐτῷ
1086 1461 1192 1521 καὶ
1230 1464 1439 1544 χρυσῷ
1492 1459 1950 1544 περιαλείφουσι
1985 1461 2090 1520 καὶ
2119 1461 2481 1538 στεφανοῦσι
2502 1453 2594 1518 τὸν

568 1541 900 1628 ἀνδριάντα
929 1548 988 1606 οἱ
1020 1545 1356 1629 Τρωαδεῖς.
1393 1548 1484 1606 Cf.
1514 1547 1733 1606 titulum
1767 1547 1937 1621 (Don.
1966 1547 2009 1618 1,
2028 1550 2132 1608 23.
2152 1545 2361 1608 Mutat.
2382 1548 2592 1617 1441)

568 1650 727 1689 Acci.
758 1653 815 1690 ι..
842 1651 896 1690 r.
926 1652 1113 1690 rama,
1148 1628 1159 1717 Ι
1192 1652 1464 1691 mmm-ns.
1496 1651 1715 1692 uanus.
1737 1632 1745 1715 Ι
1765 1652 2006 1691 menn.
2036 1652 2285 1691 mnan.
2318 1628 2332 1715 Ι
2357 1649 2590 1689 aarum.

567 1735 818 1776 mcum.
856 1714 866 1799 Ι
898 1737 987 1775 ar.
1017 1737 1328 1778 mmmwrr.
1361 1737 1452 1777 er.
1481 1738 1603 1776 arr!
1635 1714 1647 1801 Ι
1680 1738 1757 1777 m.
1792 1737 2004 1776 coum.
2046 1738 2176 1776 miv
2223 1714 2233 1799 Ι
2267 1737 2441 1775 aavrr.
2486 1715 2593 1774 Huc

569 1803 817 1879 pertinet
846 1805 1015 1862 etiam
1059 1804 1366 1863 mutilatum
1413 1805 1794 1883 epigramma,
1841 1804 1967 1863 basi
2010 1813 2236 1862 statuae
2278 1794 2593 1880 Aesculapii

569 1889 912 1968 inscriptum,
945 1908 1091 1969 quae
1121 1909 1267 1949 nnnc
1297 1891 1351 1948 in
1385 1908 1581 1948 museo
1613 1889 1994 1949 Chiaramonti
2023 1898 2387 1949 asservatur:

1028 1971 1916 2035 ΩΟΩΤΗΡΑΟΚΛΗΠΙΕ

1034 2060 1353 2119 PYCON
1368 2059 1772 2118 EXEYEN

1027 2145 1192 2204 IOC
1221 2141 1875 2204 ΤΠΕΡΤΕΚΝΩΝ
1890 2143 2354 2204 ΓΙΛΟΤΙΟΤ

1029 2226 1502 2293 ΕΤΞΑΜΕΝ
1504 2230 1619 2289 OC

573 2310 723 2393 quod
752 2332 877 2373 cum
914 2313 1175 2375 Visconti
1223 2313 1393 2389 (Mus.
1452 2313 1554 2375 Pin
1574 2314 1659 2375 Cl.
1707 2312 1759 2375 11
1801 2332 1858 2395 Ρ.
1890 2317 1973 2378 35
2018 2310 2111 2375 ed.
2144 2312 2292 2388 Mil.)
2332 2314 2414 2373 ita
2441 2311 2593 2372 retin-

573 2410 895 2477 tegrasset:
975 2396 1051 2458 Ὠ
1096 2394 1294 2482 σωτὴρ
1331 2396 1660 2475 Ἀσκλήπιε
1715 2400 1805 2479 σῷ
1862 2396 2041 2484 κράτι
2093 2394 2325 2484 χρυσὸν
2382 2394 2595 2478 ἕχευσεν

579 2479 850 2566 Τερπνός
873 2482 1023 2567 ὑπὲρ
1051 2482 1276 2544 τέκνων
1312 2483 1599 2545 Γιλουίου
1629 2481 1972 2564 εὐξάμενος,
2007 2486 2154 2545 hunc
2186 2488 2241 2544 in
2275 2482 2486 2544 modum
2512 2500 2593 2541 re-

576 2570 757 2627 stituit
787 2567 891 2628 Od.
924 2569 1147 2629 Mulier.
1204 2567 1454 2643 (Bullett.
1486 2569 1541 2629 d.
1573 2574 1704 2630 inst.
1740 2574 1902 2632 1840
1933 2591 1988 2648 p.
2025 2576 2164 2643 12):
2193 2567 2301 2629 'Eu
2327 2568 2471 2629 ποδὶ
2496 2565 2590 2643 σῷ,

576 2648 777 2736 σωτὴρ
802 2650 1155 2728 Ἀσκλήπιε,
1185 2650 1413 2735 χρυσὸν
1443 2653 1640 2735 ἕχεῦεν
1671 2653 1862 2725 Γαῖος
1889 2652 2042 2739 ὑπὲρ
2077 2652 2305 2714 τέκνων
2332 2650 2592 2712 ΓιλουΙου

577 2733 917 2815 εὐξάμενος.
968 2738 1114 2800 Prae
1153 2741 1365 2799 ceteris
1397 2751 1584 2800 antem
1616 2740 1845 2800 barbam
1876 2738 2140 2800 deaurari
2185 2741 2407 2800 solitam
2437 2738 2592 2796 fuisse

575 2821 799 2882 videtur
817 2822 1073 2884 Suetonii
1105 2844 1326 2905 quoqne
1359 2824 1563 2903 (Calig.
1583 2830 1687 2897 51)
1719 2825 1878 2885 locus
1910 2826 2192 2904 probare:
2239 2824 2591 2901 „Plerumque

580 2927 719 2967 vero
765 2928 938 2968 aurea
985 2910 1163 2969 barba
1208 2910 1420 2969 fulmen
1471 2922 1674 2971 tenens
1720 2922 1818 2969 aut
1862 2912 2137 2970 fuscinam
2186 2923 2286 2970 aut
2313 2908 2592 2970 caduceum

578 2991 1527 3074 deoruminsignia—conspectus
1545 3003 1699 3056 est.“
1727 2994 2064 3056 Cf.Petron.
2099 2999 2215 3059 58:
2262 2996 2434 3068 „Non
2462 2988 2592 3051 deri-

578 3075 740 3138 debis
771 3080 907 3139 licet
936 3081 1165 3140 barbam
1210 3099 1439 3140 auream
1487 3082 1767 3141 habeas.“
1811 3080 1885 3141 Ut
1925 3080 2094 3141 hodie
2125 3092 2318 3141 notum
2350 3091 2439 3140 est
2465 3076 2592 3137 sole·

578 3163 716 3223 bant
746 3168 955 3245 antiqui
988 3178 1296 3226 statuarum
1326 3175 1525 3244 partes
1558 3166 1824 3248 quasdam
1869 3186 2008 3226 auro
2048 3167 2140 3227 vel
2172 3167 2455 3226 coloribus
2481 3179 2594 3242 per-

580 3247 813 3321 ducere,
844 3262 904 3310 et
934 3251 1120 3329 capilli
1152 3249 1371 3331 quidem
1407 3254 1811 3331 quammaxime
1858 3249 2314 3325 deaurabantur‚
2346 3253 2495 3310 cuins
2521 3245 2594 3306 rei

583 3336 843 3414 exempla
888 3334 1167 3416 hodieque
1210 3347 1550 3414 suppetunt,
1610 3337 1689 3397 cf.
1751 3336 2226 3407 Winckelmann‚
2286 3356 2416 3415 opp.
2470 3343 2510 3390 t.
2547 3327 2595 3386 V

579 3440 640 3498 p.
690 3425 761 3481 51
820 3441 904 3501 sq.
951 3421 1202 3499 Kngler‚
1260 3423 1406 3480 tiber
1448 3420 1541 3482 die
1588 3421 1984 3501 Polychromie
2041 3420 2102 3482 d.
2151 3423 2250 3482 alt.
2296 3420 2506 3481 Archit.
2544 3433 2590 3472 u.

586 3504 853 3583 Sculptur
892 3498 946 3584 p]
982 3510 1062 3568 62
1095 3526 1181 3586 sq.
1255 3505 1337 3563 Ita
1378 3506 1626 3567 Veneris
1670 3505 1968 3566 Mediceae
2014 3525 2234 3566 comam
2293 3506 2590 3566 deauratam

580 3590 779 3663 fuisse,
812 3604 1025 3650 certum
1057 3603 1166 3662 est,
1195 3590 1490 3651 Minervae
1508 3592 1948 3652 Herculanensis
1981 3591 2298 3670 (Millingen
2312 3580 2589 3651 anc.uned.

581 3695 729 3734 mon.
774 3676 843 3749 11,
888 3689 929 3736 t.
977 3682 1038 3750 7)
1084 3676 1319 3754 capillos
1365 3695 1505 3734 auro
1546 3677 1820 3737 obductos
1863 3678 2079 3747 fuisse,
2140 3679 2308 3736 testis
2363 3672 2589 3735 oculatus

582 3760 826 3820 affirmat
859 3763 1310 3821 Winckelmann.
1344 3767 1504 3841 (opp.
1538 3773 1581 3821 t.
1613 3763 1686 3822 V.
1718 3783 1772 3841 p.
1808 3766 1912 3824 52.
1952 3766 2121 3836 137),
2162 3781 2347 3843 neque
2377 3752 2589 3818 dubitari

582 3855 775 3925 potest
817 3845 886 3906 de
931 3848 1111 3906 Diana
1158 3847 1567 3906 Herculanensi
1624 3847 1715 3922 (R.
1762 3846 2040 3907 Bochette
2094 3849 2272 3926 peint.
2311 3857 2421 3906 ant.
2459 3835 2585 3901 ined-

585 3943 625 3989 t.
658 3935 698 3992 7
729 3952 783 4009 Ρ.
816 3937 940 3995 412
972 3938 1104 4011 sq.).
1177 3931 1320 3991 Auri
1351 3943 1540 3992 antem
1584 3934 1856 4012 vestigia,
1918 3951 2061 4012 quae
2105 3933 2377 3992 celeriter
2403 3941 2586 3988 avane·

583 4028 767 4088 scunt,
799 4019 851 4075 in
883 4019 1078 4096 sigillis
1108 4018 1368 4077 fictiliciis
1398 4019 1737 4097 praesertim
1769 4019 2212 4096 conspiciuntur,
2256 4018 2331 4076 cl'.
2364 4012 2582 4075 luculen-

579 4113 691 4161 tum
725 4104 1034 4185 exemplum
1068 4101 1213 4183 apud
1244 4102 1565 4163 Brundsted
1597 4103 1773 4184 (Voy.
1807 4114 1868 4164 et
1893 4102 2176 4165 rech.t.11
2209 4125 2262 4180 p.
2287 4096 2578 4164 issi-39)-
