2764 4738
543 415 677 456 mxx
1208 388 1925 455 PROLEGOHENA.

541 561 851 627 rhetorica
891 559 1272 627 institutione
1319 559 1512 645 magis
1563 560 2106 645 corrumpebantur
2144 561 2433 628 iuvenem
2465 574 2601 628 stu-

544 664 681 743 dia,
741 674 806 728 et
859 664 1199 729 auditorum
1257 663 1500 747 ineptae
1552 662 1763 727 laudes
1822 664 2036 746 quovis
2092 665 2272 729 etiam
2323 668 2599 751 pessimo

540 766 794 832 artificio
853 765 1321 849 quaerebantur.
1413 760 1625 847 Itaque
1690 764 1807 831 huc
1874 766 2288 851 potissimum,
2352 771 2451 835 cui
2523 771 2598 834 ad

540 869 967 955 rempublicam
999 888 1122 932 non
1154 867 1397 952 patebat
1423 886 1711 933 accessus
1731 913 1751 945 ‚
1799 868 1958 933 verti
2001 888 2069 933 se
2101 869 2360 935 debebat
2385 868 2599 939 Persii

541 972 731 1039 satira
770 981 815 1035 ¹.
896 969 1113 1037 Statim
1170 969 1245 1032 ab
1298 968 1473 1032 initio
1519 978 1907 1054 corruptum,
1955 971 2111 1053 quod
2161 982 2303 1039 tunc
2350 971 2596 1038 Romae

541 1074 823 1160 vigebat,
876 1073 1157 1138 iudicium
1188 1072 1575 1154 aggreditur,
1622 1071 1718 1136 eui
1750 1069 1914 1136 nulla
1955 1073 2101 1137 fides
2133 1074 2343 1139 baberi
2372 1078 2592 1160 possit,

545 1189 611 1244 et
646 1177 870 1243 acerbe
915 1176 1195 1241 canitiem
1239 1174 1399 1238 illam
1445 1183 1732 1251 accusat,
1780 1193 1895 1256 qua
1937 1196 2151 1240 omnes
2180 1188 2324 1242 ante
2356 1186 2597 1262 tempus

544 1281 748 1347 effoeti
792 1290 855 1344 et
897 1279 1192 1345 debilitati
1236 1285 1567 1341 senescant
1607 1277 1701 1357 (v.
1734 1274 1801 1340 9.
1835 1276 1943 1343 22.
1975 1277 2118 1361 26).
2198 1276 2394 1361 Quam
2439 1300 2596 1345 vere

544 1383 659 1448 boc
701 1383 920 1447 dietum
959 1383 1075 1460 sit,
1122 1401 1296 1463 quam
1341 1388 1515 1444 recto
1557 1377 1784 1445 iudicio
1831 1380 1987 1446 banc
2031 1381 2171 1446 mali
2209 1404 2453 1448 causam
2487 1383 2598 1446 de-

544 1486 784 1570 signet,
831 1485 932 1549 vel
963 1484 1189 1549 nostris
1231 1482 1640 1567 temporibus,
1688 1482 1743 1545 si
1783 1503 2131 1566 magnarum
2177 1484 2409 1550 urbium
2455 1487 2598 1551 illu·

544 1589 696 1654 stria
725 1588 1007 1674 exempla
1037 1596 1375 1671 spectamus
1398 1632 1416 1662 ,
1466 1585 1719 1670 agnosci
1767 1596 1991 1669 potest.
2063 1583 2318 1654 Scilicet
2343 1589 2408 1652 in
2440 1589 2596 1654 urbe

544 1703 843 1757 terrarum
889 1690 1130 1755 domina
1189 1710 1325 1755 cum
1371 1689 1591 1752 litteris
1653 1698 1718 1753 et
1759 1689 1992 1754 artibus
2067 1692 2452 1776 egregiisque
2494 1693 2595 1757 in-

546 1793 741 1876 geniis
802 1794 1070 1858 inaudita
1113 1792 1393 1857 luxuriae
1446 1789 1851 1873 mollitiaeque
1909 1792 2312 1858 instrumenta
2357 1805 2422 1859 et
2451 1815 2597 1879 per-

546 1897 801 1961 ditorum
851 1896 1154 1960 hominum
1197 1895 1418 1979 ingens
1449 1892 1761 1957 multitudo
1792 1892 2135 1959 confluebat
2176 1907 2238 1960 et
2265 1896 2500 1962 animos
2531 1909 2601 1962 et

545 2019 802 2084 corpora
821 1999 1141 2084 frangebat
1154 2007 1332 2080 atque
1350 1996 1708 2061 enervabat.
1729 1991 1855 2059 Iam
1870 1997 1933 2060 in
1950 2007 2119 2060 tanto
2132 1997 2346 2063 artium
2361 1999 2594 2079 studio,

544 2102 608 2165 in
641 2112 807 2166 tanta
839 2102 1176 2166 litterarum
1209 2098 1470 2180 undique
1502 2108 1929 2182 congestarum
1960 2099 2324 2164 abundantia
2344 2147 2364 2179 ,
2409 2103 2595 2167 etiam

544 2204 835 2267 mediocri
865 2203 1109 2288 iugenio
1141 2201 1446 2287 praeditus
1476 2200 1585 2263 vix
1626 2208 1901 2283 poterat,
1950 2202 2090 2283 quin
2134 2202 2341 2268 barum
2386 2226 2602 2277 rerum,

544 2307 843 2391 quandam
876 2305 1287 2391 cognitionem
1335 2314 1399 2367 et
1441 2300 1647 2366 iudicii
1680 2311 1847 2366 certe
1877 2304 2140 2389 speciem
2171 2305 2289 2371 sibi
2319 2319 2590 2392 pararet.

549 2407 687 2491 Quo
720 2409 911 2474 maior
938 2419 1139 2473 autem
1186 2427 1396 2471 eornm
1439 2404 1623 2470 fiebat
1649 2425 1972 2486 numerus,
2019 2408 2118 2490 qui
2148 2410 2385 2474 artificii
2415 2431 2591 2476 nsum

547 2510 851 2576 callebant
879 2520 1055 2592 atque
1086 2509 1496 2592 intelligentes
1527 2510 1640 2574 sibi
1674 2508 2056 2587 videbantur,
2092 2532 2225 2574 cum
2256 2533 2592 2596 procreare

547 2613 696 2678 nihil
742 2624 1027 2695 possent,
1076 2632 1150 2676 eo
1182 2613 1373 2697 magis
1403 2612 1631 2697 ingenii
1657 2599 1756 2677 'vis
1801 2623 1864 2676 et
1904 2613 2082 2695 vigor
2124 2621 2188 2677 et
2216 2614 2449 2699 pulchri
2480 2637 2593 2682 na·

546 2716 707 2782 tivus
739 2726 917 2799 atque
947 2717 1333 2800 incorruptus
1364 2734 1583 2779 sensus
1626 2716 1979 2780 rarescebat
2022 2726 2201 2797 atque
2236 2717 2596 2801 exstingue-

545 2816 746 2882 batur.
809 2817 934 2881 Ars
964 2818 1369 2901 quaerebatur
1399 2817 1461 2880 in
1490 2817 1742 2883 ludicris
1783 2829 1847 2882 et
1889 2817 2244 2900 exquisitim
2296 2839 2414 2901 quo
2457 2822 2596 2904 quis

545 2921 835 2985 maiorem
878 2920 941 2983 in
986 2931 1244 2985 externa
1293 2921 1485 2984 forma
1529 2918 1849 3003 leviganda
1893 2933 1956 2985 et
1985 2921 2347 3004 expolienda
2380 2943 2592 2987 curam

546 3023 867 3087 affectabat
909 3033 973 3087 et
1014 3022 1412 3098 ostendebat,
1461 3041 1535 3086 eo
1581 3022 1770 3107 magis
1814 3022 2181 3108 probabatur
2224 3022 2298 3085 ab
2330 3023 2440 3102 iis,
2490 3027 2594 3108 qui

547 3124 699 3190 baec
743 3124 1079 3201 laudando,
1141 3135 1426 3207 quantum
1467 3123 1531 3187 in
1571 3135 1704 3189 arte
1746 3126 2197 3212 intelligerent,
2257 3126 2594 3209 probabant

548 3237 611 3292 et
641 3247 764 3290 non
795 3226 986 3310 magis
1018 3238 1232 3312 poetae
1263 3239 1454 3292 artem
1488 3249 1660 3312 quam
1691 3230 1955 3314 ipsorum
1995 3226 2272 3291 iudicium
2313 3228 2592 3293 laudibus

547 3333 873 3410 ornabant,
893 3330 1008 3395 nisi
1044 3332 1201 3395 forte
1233 3351 1308 3395 eo
1339 3330 1796 3415 intelligentiam
1830 3331 2247 3395 demonstrare
2278 3330 2586 3410 amabant,

551 3536 574 3587 1
616 3533 857 3586 Fortasse
916 3536 1137 3587 miretur
1195 3535 1312 3600 quis
1367 3535 1695 3603 Iuvenalem,
1755 3537 1844 3604 qui
1900 3552 2066 3588 mores
2116 3534 2345 3603 publicos
2397 3538 2588 3605 potins,

615 3619 761 3668 quam
816 3604 1108 3655 litterarum
1143 3604 1485 3657 conditionem
1522 3606 1803 3658 taxaverit.
1864 3605 2050 3656 Verum
2091 3622 2187 3655 non
2228 3607 2591 3669 negligendum

614 3680 727 3732 est,
765 3672 878 3722 eins
914 3674 1128 3724 satiram
1162 3689 1397 3732 magnam
1423 3681 1617 3740 partem
1645 3690 1792 3737 esse,
1835 3683 1892 3725 ut
1928 3677 2000 3726 ita
2029 3675 2228 3738 dicum,
2268 3674 2590 3737 historicam,

615 3747 669 3790 et
704 3755 943 3805 praesens
978 3748 1175 3808 tempus
1201 3744 1458 3808 castigare
1485 3744 1707 3809 imagine
1738 3743 2040 3812 praeteriti,
2079 3745 2209 3809 quod
2237 3745 2346 3811 ipse
2375 3746 2589 3810 indicat,

621 3809 739 3859 duni
777 3809 907 3859 dicit
940 3809 1004 3873 (Ι,
1052 3811 1143 3861 170
1169 3810 1307 3876 sq.).

963 3876 1247 3943 Experiar,
1284 3880 1406 3944 qnid
1441 3880 1755 3932 concedatur
1789 3881 1840 3932 in
1879 3881 1997 3931 illos

879 3944 1102 4011 Quorum
1141 3945 1397 3999 Flaminia
1437 3950 1629 4014 legitur
1661 3951 1794 4002 cinis
1828 3957 1984 4018 atque
2022 3947 2230 4000 Latina.

619 4012 719 4063 Sed
765 4012 879 4065 eins
925 4014 1202 4066 satirarum
1253 4031 1350 4066 non
1399 4033 1555 4072 unum
1603 4026 1684 4071 est
1730 4036 1893 4085 genus
1928 4026 2081 4088 atque
2117 4018 2284 4080 ratio,
2336 4021 2474 4088 quod
2515 4022 2595 4074 bic

620 4097 715 4133 non
753 4083 874 4135 lieet
907 4083 1128 4151 amplius
1163 4086 1421 4151 persequi.
