<?xml version="1.0" encoding="UTF-8"?>
<!DOCTYPE html PUBLIC "-//W3C//DTD XHTML 1.0 Transitional//EN"
    "http://www.w3.org/TR/xhtml1/DTD/xhtml1-transitional.dtd">
<html xmlns="http://www.w3.org/1999/xhtml" xml:lang="en" lang="en">
 <head>
  <title>
</title>
<meta http-equiv="Content-Type" content="text/html;charset=utf-8" />
  <meta name='ocr-system' content='tesseract 3.04.00' />
  <meta name='ocr-capabilities' content='ocr_page ocr_carea ocr_par ocr_line ocrx_word'/>
</head>
<body>
  <div class='ocr_page' id='page_1' title='image "./satirarumliberc01jahngoog_0124.png"; bbox 0 0 2764 4738; ppageno 0'>
   <div class='ocr_carea' id='block_1_1' title="bbox 891 418 2273 485">
    <p class='ocr_par' dir='ltr' id='par_1_1' title="bbox 891 418 2273 485">
     <span class='ocr_line' id='line_1_1' title="bbox 891 418 2273 485; baseline 0.004 -5"><span class='ocrx_word' id='word_1_1' title='bbox 891 418 1617 484; x_wconf 78' lang='lat' dir='ltr'>PROLEGOMENA.</span> <span class='ocrx_word' id='word_1_2' title='bbox 2169 445 2273 485; x_wconf 77' lang='lat' dir='ltr'>cix</span> 
     </span>
    </p>
   </div>
   <div class='ocr_carea' id='block_1_2' title="bbox 201 588 2272 4066">
    <p class='ocr_par' dir='ltr' id='par_1_2' title="bbox 201 588 2272 4066">
     <span class='ocr_line' id='line_1_2' title="bbox 219 588 2271 674; baseline 0 -18"><span class='ocrx_word' id='word_1_3' title='bbox 219 591 373 656; x_wconf 74' lang='lat' dir='ltr'>band</span> <span class='ocrx_word' id='word_1_4' title='bbox 423 589 733 655; x_wconf 82' lang='lat' dir='ltr'>minimum</span> <span class='ocrx_word' id='word_1_5' title='bbox 781 590 1114 656; x_wconf 72' lang='lat' dir='ltr'>contulisse</span> <span class='ocrx_word' id='word_1_6' title='bbox 1159 590 1486 656; x_wconf 83' lang='lat' dir='ltr'>verisimile</span> <span class='ocrx_word' id='word_1_7' title='bbox 1535 599 1653 655; x_wconf 80' lang='lat' dir='ltr'>est.</span> <span class='ocrx_word' id='word_1_8' title='bbox 1716 588 1952 674; x_wconf 77' lang='lat' dir='ltr'><strong>Quodsi</strong></span> <span class='ocrx_word' id='word_1_9' title='bbox 1990 594 2271 657; x_wconf 78' lang='lat' dir='ltr'>confera-</span> 
     </span>
     <span class='ocr_line' id='line_1_3' title="bbox 216 690 2271 781; baseline 0 -23"><span class='ocrx_word' id='word_1_10' title='bbox 216 716 346 758; x_wconf 83' lang='lat' dir='ltr'>mus</span> <span class='ocrx_word' id='word_1_11' title='bbox 378 690 710 758; x_wconf 80' lang='lat' dir='ltr'>Ciceronis</span> <span class='ocrx_word' id='word_1_12' title='bbox 741 692 984 757; x_wconf 78' lang='lat' dir='ltr'>effatum</span> <span class='ocrx_word' id='word_1_13' title='bbox 1030 694 1134 777; x_wconf 85' lang='lat' dir='ltr'>(de</span> <span class='ocrx_word' id='word_1_14' title='bbox 1167 704 1294 779; x_wconf 90' lang='lat' dir='ltr'>opt.</span> <span class='ocrx_word' id='word_1_15' title='bbox 1328 713 1474 778; x_wconf 88' lang='lat' dir='ltr'>gen.</span> <span class='ocrx_word' id='word_1_16' title='bbox 1514 694 1633 757; x_wconf 84' lang='lat' dir='ltr'>dic.</span> <span class='ocrx_word' id='word_1_17' title='bbox 1665 691 1734 773; x_wconf 81' lang='lat'>2,</span> <span class='ocrx_word' id='word_1_18' title='bbox 1766 694 1878 781; x_wconf 77' lang='lat'>4)=</span> <span class='ocrx_word' id='word_1_19' title='bbox 1923 694 2093 760; x_wconf 89' lang='lat' dir='ltr'>Nam</span> <span class='ocrx_word' id='word_1_20' title='bbox 2119 715 2271 781; x_wconf 83' lang='lat' dir='ltr'>quo-</span> 
     </span>
     <span class='ocr_line' id='line_1_4' title="bbox 215 793 2271 882; baseline 0 -23"><span class='ocrx_word' id='word_1_21' title='bbox 215 798 383 859; x_wconf 69' lang='lat' dir='ltr'>niam</span> <span class='ocrx_word' id='word_1_22' title='bbox 429 796 789 881; x_wconf 79' lang='lat' dir='ltr'><em>eloquentia</em></span> <span class='ocrx_word' id='word_1_23' title='bbox 816 804 1063 859; x_wconf 81' lang='lat' dir='ltr'>constat</span> <span class='ocrx_word' id='word_1_24' title='bbox 1093 815 1179 857; x_wconf 75' lang='lat' dir='ltr'>ea:</span> <span class='ocrx_word' id='word_1_25' title='bbox 1207 793 1411 858; x_wconf 78' lang='lat' dir='ltr'>verbis</span> <span class='ocrx_word' id='word_1_26' title='bbox 1440 804 1505 859; x_wconf 86' lang='lat' dir='ltr'>et</span> <span class='ocrx_word' id='word_1_27' title='bbox 1538 797 1899 874; x_wconf 52' lang='lat' dir='ltr'>sententies,</span> <span class='ocrx_word' id='word_1_28' title='bbox 1938 796 2271 882; x_wconf 78' lang='lat' dir='ltr'>perficien-</span> 
     </span>
     <span class='ocr_line' id='line_1_5' title="bbox 217 895 2267 1016; baseline 0.001 -55"><span class='ocrx_word' id='word_1_29' title='bbox 217 899 361 961; x_wconf 67' lang='lat' dir='ltr'>dum</span> <span class='ocrx_word' id='word_1_30' title='bbox 394 908 530 977; x_wconf 76' lang='lat' dir='ltr'>est,</span> <span class='ocrx_word' id='word_1_31' title='bbox 579 908 653 961; x_wconf 84' lang='lat' dir='ltr'>ut</span> <span class='ocrx_word' id='word_1_32' title='bbox 669 920 839 983; x_wconf 87' lang='lat' dir='ltr'>pure</span> <span class='ocrx_word' id='word_1_33' title='bbox 868 907 934 960; x_wconf 89' lang='lat' dir='ltr'>et</span> <span class='ocrx_word' id='word_1_34' title='bbox 960 895 1277 961; x_wconf 87' lang='lat' dir='ltr'>emendate</span> <span class='ocrx_word' id='word_1_35' title='bbox 1291 896 1651 1016; x_wconf 37' lang='lat' dir='ltr'>‘loq-uentu,</span> <span class='ocrx_word' id='word_1_36' title='bbox 1698 899 1869 987; x_wconf 89' lang='lat' dir='ltr'>quod</span> <span class='ocrx_word' id='word_1_37' title='bbox 1893 908 1990 963; x_wconf 84' lang='lat' dir='ltr'>est</span> <span class='ocrx_word' id='word_1_38' title='bbox 2015 898 2267 976; x_wconf 70' lang='lat' dir='ltr'>Latine,</span> 
     </span>
     <span class='ocr_line' id='line_1_6' title="bbox 214 1001 2272 1086; baseline 0 -22"><span class='ocrx_word' id='word_1_39' title='bbox 214 1001 554 1065; x_wconf 72' lang='lat' dir='ltr'>ret-borum</span> <span class='ocrx_word' id='word_1_40' title='bbox 588 1010 932 1085; x_wconf 85' lang='lat' dir='ltr'>praeterea</span> <span class='ocrx_word' id='word_1_41' title='bbox 972 1010 1039 1063; x_wconf 88' lang='lat' dir='ltr'>et</span> <span class='ocrx_word' id='word_1_42' title='bbox 1068 1001 1475 1086; x_wconf 81' lang='lat' dir='ltr'>propriorum</span> <span class='ocrx_word' id='word_1_43' title='bbox 1539 1009 1603 1065; x_wconf 87' lang='lat' dir='ltr'>et</span> <span class='ocrx_word' id='word_1_44' title='bbox 1642 1002 2095 1067; x_wconf 76' lang='lat' dir='ltr'>translatorum</span> <span class='ocrx_word' id='word_1_45' title='bbox 2149 1003 2272 1066; x_wconf 86' lang='lat' dir='ltr'>ele·</span> 
     </span>
     <span class='ocr_line' id='line_1_7' title="bbox 210 1103 2271 1189; baseline 0 -22"><span class='ocrx_word' id='word_1_46' title='bbox 210 1107 507 1189; x_wconf 75' lang='lat' dir='ltr'>gantiam</span> <span class='ocrx_word' id='word_1_47' title='bbox 547 1123 1004 1188; x_wconf 75' lang='lat' dir='ltr'><em>persequamur</em></span> <span class='ocrx_word' id='word_1_48' title='bbox 1023 1148 1046 1179; x_wconf 89' lang='lat'>,</span> <span class='ocrx_word' id='word_1_49' title='bbox 1107 1104 1173 1166; x_wconf 80' lang='lat' dir='ltr'>in</span> <span class='ocrx_word' id='word_1_50' title='bbox 1208 1103 1536 1187; x_wconf 58' lang='lat' dir='ltr'>proprus,</span> <span class='ocrx_word' id='word_1_51' title='bbox 1586 1113 1658 1167; x_wconf 90' lang='lat' dir='ltr'>ut</span> <span class='ocrx_word' id='word_1_52' title='bbox 1698 1104 2025 1189; x_wconf 55' lang='lat' dir='ltr'>aptissima</span> <span class='ocrx_word' id='word_1_53' title='bbox 2070 1105 2271 1189; x_wconf 67' lang='lat' dir='ltr'>eliga-</span> 
     </span>
     <span class='ocr_line' id='line_1_8' title="bbox 212 1203 2272 1286; baseline -0 -15"><span class='ocrx_word' id='word_1_54' title='bbox 212 1228 353 1271; x_wconf 61' lang='lat' dir='ltr'>mus</span> <span class='ocrx_word' id='word_1_55' title='bbox 364 1255 390 1286; x_wconf 86' lang='lat'>,</span> <span class='ocrx_word' id='word_1_56' title='bbox 450 1208 521 1269; x_wconf 77' lang='lat' dir='ltr'>in</span> <span class='ocrx_word' id='word_1_57' title='bbox 583 1205 948 1279; x_wconf 72' lang='lat' dir='ltr'>translatis,</span> <span class='ocrx_word' id='word_1_58' title='bbox 1010 1213 1085 1267; x_wconf 84' lang='lat' dir='ltr'>ut</span> <span class='ocrx_word' id='word_1_59' title='bbox 1140 1203 1608 1268; x_wconf 71' lang='lat' dir='ltr'>simelitudinem</span> <span class='ocrx_word' id='word_1_60' title='bbox 1668 1207 1876 1269; x_wconf 74' lang='lat' dir='ltr'>secuti</span> <span class='ocrx_word' id='word_1_61' title='bbox 1928 1206 2272 1270; x_wconf 83' lang='lat' dir='ltr'>verecunde</span> 
     </span>
     <span class='ocr_line' id='line_1_9' title="bbox 212 1306 2270 1393; baseline 0 -21"><span class='ocrx_word' id='word_1_62' title='bbox 212 1319 474 1373; x_wconf 82' lang='lat' dir='ltr'>utamur</span> <span class='ocrx_word' id='word_1_63' title='bbox 518 1309 784 1384; x_wconf 72' lang='lat' dir='ltr'>alienis,</span> <span class='ocrx_word' id='word_1_64' title='bbox 832 1318 1081 1393; x_wconf 85' lang='lat' dir='ltr'>apparet</span> <span class='ocrx_word' id='word_1_65' title='bbox 1124 1327 1312 1387; x_wconf 89' lang='lat' dir='ltr'>sane,</span> <span class='ocrx_word' id='word_1_66' title='bbox 1361 1319 1645 1392; x_wconf 82' lang='lat' dir='ltr'>quantum</span> <span class='ocrx_word' id='word_1_67' title='bbox 1689 1320 1959 1374; x_wconf 90' lang='lat' dir='ltr'>remotus</span> <span class='ocrx_word' id='word_1_68' title='bbox 2002 1310 2083 1373; x_wconf 89' lang='lat' dir='ltr'>sit</span> <span class='ocrx_word' id='word_1_69' title='bbox 2117 1306 2270 1373; x_wconf 84' lang='lat' dir='ltr'>Per·</span> 
     </span>
     <span class='ocr_line' id='line_1_10' title="bbox 212 1409 2268 1496; baseline -0 -20"><span class='ocrx_word' id='word_1_70' title='bbox 212 1412 342 1476; x_wconf 80' lang='lat' dir='ltr'>sins</span> <span class='ocrx_word' id='word_1_71' title='bbox 385 1412 463 1476; x_wconf 86' lang='lat' dir='ltr'>ab</span> <span class='ocrx_word' id='word_1_72' title='bbox 514 1412 632 1490; x_wconf 89' lang='lat' dir='ltr'>iis,</span> <span class='ocrx_word' id='word_1_73' title='bbox 679 1430 831 1494; x_wconf 82' lang='lat' dir='ltr'>qnae</span> <span class='ocrx_word' id='word_1_74' title='bbox 877 1411 972 1474; x_wconf 83' lang='lat' dir='ltr'>hic</span> <span class='ocrx_word' id='word_1_75' title='bbox 1012 1410 1486 1496; x_wconf 84' lang='lat' dir='ltr'>praecipiuntur.</span> <span class='ocrx_word' id='word_1_76' title='bbox 1555 1409 1716 1475; x_wconf 88' lang='lat' dir='ltr'>Nam</span> <span class='ocrx_word' id='word_1_77' title='bbox 1762 1411 1836 1475; x_wconf 89' lang='lat' dir='ltr'>ab</span> <span class='ocrx_word' id='word_1_78' title='bbox 1879 1411 1983 1475; x_wconf 87' lang='lat' dir='ltr'>illa</span> <span class='ocrx_word' id='word_1_79' title='bbox 2030 1410 2268 1496; x_wconf 87' lang='lat' dir='ltr'>quidem</span> 
     </span>
     <span class='ocr_line' id='line_1_11' title="bbox 210 1511 2271 1600; baseline 0 -23"><span class='ocrx_word' id='word_1_80' title='bbox 210 1514 591 1579; x_wconf 71' lang='lat' dir='ltr'>verecundia</span> <span class='ocrx_word' id='word_1_81' title='bbox 635 1514 698 1577; x_wconf 90' lang='lat' dir='ltr'>in</span> <span class='ocrx_word' id='word_1_82' title='bbox 751 1511 1247 1577; x_wconf 72' lang='lat' dir='ltr'>translationibus</span> <span class='ocrx_word' id='word_1_83' title='bbox 1300 1512 1707 1578; x_wconf 74' lang='lat' dir='ltr'>alienissimus</span> <span class='ocrx_word' id='word_1_84' title='bbox 1763 1525 1894 1592; x_wconf 86' lang='lat' dir='ltr'>est,</span> <span class='ocrx_word' id='word_1_85' title='bbox 1964 1535 2075 1579; x_wconf 90' lang='lat' dir='ltr'>nec</span> <span class='ocrx_word' id='word_1_86' title='bbox 2131 1534 2271 1600; x_wconf 91' lang='lat' dir='ltr'>pro-</span> 
     </span>
     <span class='ocr_line' id='line_1_12' title="bbox 210 1614 2267 1702; baseline -0.001 -21"><span class='ocrx_word' id='word_1_87' title='bbox 210 1618 483 1702; x_wconf 86' lang='lat' dir='ltr'>priorum</span> <span class='ocrx_word' id='word_1_88' title='bbox 517 1614 843 1680; x_wconf 80' lang='lat' dir='ltr'>verborum</span> <span class='ocrx_word' id='word_1_89' title='bbox 875 1634 949 1680; x_wconf 83' lang='lat' dir='ltr'>ea</span> <span class='ocrx_word' id='word_1_90' title='bbox 977 1616 1353 1701; x_wconf 88' lang='lat' dir='ltr'>potissimum</span> <span class='ocrx_word' id='word_1_91' title='bbox 1384 1615 1687 1693; x_wconf 76' lang='lat' dir='ltr'>adhibuit,</span> <span class='ocrx_word' id='word_1_92' title='bbox 1735 1638 1888 1701; x_wconf 88' lang='lat' dir='ltr'>quae</span> <span class='ocrx_word' id='word_1_93' title='bbox 1932 1614 2267 1700; x_wconf 81' lang='lat' dir='ltr'>aptissima,</span> 
     </span>
     <span class='ocr_line' id='line_1_13' title="bbox 212 1718 2269 1803; baseline -0 -19"><span class='ocrx_word' id='word_1_94' title='bbox 212 1721 324 1785; x_wconf 81' lang='lat' dir='ltr'>sed</span> <span class='ocrx_word' id='word_1_95' title='bbox 372 1739 535 1803; x_wconf 80' lang='lat' dir='ltr'>qnae</span> <span class='ocrx_word' id='word_1_96' title='bbox 584 1718 912 1782; x_wconf 84' lang='lat' dir='ltr'>fortissima</span> <span class='ocrx_word' id='word_1_97' title='bbox 957 1718 1348 1795; x_wconf 83' lang='lat' dir='ltr'>viderentur,</span> <span class='ocrx_word' id='word_1_98' title='bbox 1400 1719 1763 1802; x_wconf 79' lang='lat' dir='ltr'>omninoque</span> <span class='ocrx_word' id='word_1_99' title='bbox 1806 1719 1982 1783; x_wconf 88' lang='lat' dir='ltr'>nimis</span> <span class='ocrx_word' id='word_1_100' title='bbox 2026 1720 2269 1784; x_wconf 82' lang='lat' dir='ltr'>diversa</span> 
     </span>
     <span class='ocr_line' id='line_1_14' title="bbox 212 1819 2265 1908; baseline 0 -23"><span class='ocrx_word' id='word_1_101' title='bbox 212 1822 491 1898; x_wconf 80' lang='lat' dir='ltr'>miscuit,</span> <span class='ocrx_word' id='word_1_102' title='bbox 529 1820 760 1906; x_wconf 79' lang='lat' dir='ltr'>plebeia</span> <span class='ocrx_word' id='word_1_103' title='bbox 793 1831 854 1884; x_wconf 90' lang='lat' dir='ltr'>et</span> <span class='ocrx_word' id='word_1_104' title='bbox 885 1819 1077 1895; x_wconf 84' lang='lat' dir='ltr'>elata,</span> <span class='ocrx_word' id='word_1_105' title='bbox 1121 1822 1330 1903; x_wconf 84' lang='lat' dir='ltr'>gravia</span> <span class='ocrx_word' id='word_1_106' title='bbox 1363 1833 1427 1886; x_wconf 86' lang='lat' dir='ltr'>et</span> <span class='ocrx_word' id='word_1_107' title='bbox 1454 1822 1736 1901; x_wconf 87' lang='lat' dir='ltr'>sordida,</span> <span class='ocrx_word' id='word_1_108' title='bbox 1784 1842 1956 1905; x_wconf 83' lang='lat' dir='ltr'>quam</span> <span class='ocrx_word' id='word_1_109' title='bbox 1987 1821 2088 1905; x_wconf 88' lang='lat' dir='ltr'>qni</span> <span class='ocrx_word' id='word_1_110' title='bbox 2117 1842 2265 1908; x_wconf 88' lang='lat' dir='ltr'>pure</span> 
     </span>
     <span class='ocr_line' id='line_1_15' title="bbox 212 1921 2266 2008; baseline -0.001 -18"><span class='ocrx_word' id='word_1_111' title='bbox 212 1937 277 1990; x_wconf 87' lang='lat' dir='ltr'>et</span> <span class='ocrx_word' id='word_1_112' title='bbox 319 1924 650 1990; x_wconf 84' lang='lat' dir='ltr'>emendate</span> <span class='ocrx_word' id='word_1_113' title='bbox 694 1921 1012 2008; x_wconf 78' lang='lat' dir='ltr'>scripsisse</span> <span class='ocrx_word' id='word_1_114' title='bbox 1059 1923 1176 1987; x_wconf 84' lang='lat' dir='ltr'>dici</span> <span class='ocrx_word' id='word_1_115' title='bbox 1220 1924 1434 2007; x_wconf 85' lang='lat' dir='ltr'>possit.</span> <span class='ocrx_word' id='word_1_116' title='bbox 1529 1921 1776 1988; x_wconf 88' lang='lat' dir='ltr'>Scilicet</span> <span class='ocrx_word' id='word_1_117' title='bbox 1814 1923 1904 2003; x_wconf 82' lang='lat' dir='ltr'>is,</span> <span class='ocrx_word' id='word_1_118' title='bbox 1953 1924 2052 2007; x_wconf 88' lang='lat' dir='ltr'>qui</span> <span class='ocrx_word' id='word_1_119' title='bbox 2097 1935 2266 1989; x_wconf 86' lang='lat' dir='ltr'>tanto</span> 
     </span>
     <span class='ocr_line' id='line_1_16' title="bbox 211 2024 2269 2112; baseline -0.001 -19"><span class='ocrx_word' id='word_1_120' title='bbox 211 2028 411 2093; x_wconf 82' lang='lat' dir='ltr'>studio</span> <span class='ocrx_word' id='word_1_121' title='bbox 459 2036 808 2111; x_wconf 88' lang='lat' dir='ltr'>corruptum</span> <span class='ocrx_word' id='word_1_122' title='bbox 853 2024 1160 2090; x_wconf 81' lang='lat' dir='ltr'>scribendi</span> <span class='ocrx_word' id='word_1_123' title='bbox 1204 2047 1399 2110; x_wconf 89' lang='lat' dir='ltr'>genus</span> <span class='ocrx_word' id='word_1_124' title='bbox 1441 2025 1848 2112; x_wconf 80' lang='lat' dir='ltr'>impugnavit,</span> <span class='ocrx_word' id='word_1_125' title='bbox 1911 2046 2033 2088; x_wconf 89' lang='lat' dir='ltr'>non</span> <span class='ocrx_word' id='word_1_126' title='bbox 2071 2026 2269 2110; x_wconf 85' lang='lat' dir='ltr'>potnit</span> 
     </span>
     <span class='ocr_line' id='line_1_17' title="bbox 210 2127 2264 2212; baseline -0.001 -16"><span class='ocrx_word' id='word_1_127' title='bbox 210 2132 326 2196; x_wconf 81' lang='lat' dir='ltr'>sibi</span> <span class='ocrx_word' id='word_1_128' title='bbox 371 2149 643 2208; x_wconf 83' lang='lat' dir='ltr'>cavere,</span> <span class='ocrx_word' id='word_1_129' title='bbox 692 2129 831 2212; x_wconf 88' lang='lat' dir='ltr'>quin</span> <span class='ocrx_word' id='word_1_130' title='bbox 872 2127 934 2191; x_wconf 89' lang='lat' dir='ltr'>in</span> <span class='ocrx_word' id='word_1_131' title='bbox 981 2129 1289 2193; x_wconf 87' lang='lat' dir='ltr'>contraria</span> <span class='ocrx_word' id='word_1_132' title='bbox 1337 2127 1482 2193; x_wconf 85' lang='lat' dir='ltr'>vitia</span> <span class='ocrx_word' id='word_1_133' title='bbox 1524 2128 1907 2207; x_wconf 81' lang='lat' dir='ltr'>incurreret,</span> <span class='ocrx_word' id='word_1_134' title='bbox 1956 2139 2019 2192; x_wconf 91' lang='lat' dir='ltr'>et</span> <span class='ocrx_word' id='word_1_135' title='bbox 2056 2128 2264 2193; x_wconf 89' lang='lat' dir='ltr'>seculo</span> 
     </span>
     <span class='ocr_line' id='line_1_18' title="bbox 210 2229 2265 2318; baseline -0.001 -20"><span class='ocrx_word' id='word_1_136' title='bbox 210 2256 321 2299; x_wconf 84' lang='lat' dir='ltr'>sno</span> <span class='ocrx_word' id='word_1_137' title='bbox 366 2233 658 2297; x_wconf 85' lang='lat' dir='ltr'>tributum</span> <span class='ocrx_word' id='word_1_138' title='bbox 703 2232 995 2295; x_wconf 84' lang='lat' dir='ltr'>solveret.</span> <span class='ocrx_word' id='word_1_139' title='bbox 1068 2229 1312 2318; x_wconf 87' lang='lat' dir='ltr'>Nempe</span> <span class='ocrx_word' id='word_1_140' title='bbox 1356 2232 1422 2294; x_wconf 90' lang='lat' dir='ltr'>in</span> <span class='ocrx_word' id='word_1_141' title='bbox 1468 2230 1616 2294; x_wconf 81' lang='lat' dir='ltr'>duas</span> <span class='ocrx_word' id='word_1_142' title='bbox 1675 2241 1879 2316; x_wconf 87' lang='lat' dir='ltr'>partes</span> <span class='ocrx_word' id='word_1_143' title='bbox 1937 2230 2265 2315; x_wconf 80' lang='lat' dir='ltr'>scriptores</span> 
     </span>
     <span class='ocr_line' id='line_1_19' title="bbox 209 2332 2265 2421; baseline -0.002 -18"><span class='ocrx_word' id='word_1_144' title='bbox 209 2338 342 2403; x_wconf 84' lang='lat' dir='ltr'>eins</span> <span class='ocrx_word' id='word_1_145' title='bbox 372 2336 668 2421; x_wconf 86' lang='lat' dir='ltr'>temporis</span> <span class='ocrx_word' id='word_1_146' title='bbox 699 2332 1068 2420; x_wconf 77' lang='lat' dir='ltr'>vergebant,</span> <span class='ocrx_word' id='word_1_147' title='bbox 1109 2353 1360 2418; x_wconf 87' lang='lat' dir='ltr'>quorum</span> <span class='ocrx_word' id='word_1_148' title='bbox 1395 2332 1499 2398; x_wconf 83' lang='lat' dir='ltr'>alii</span> <span class='ocrx_word' id='word_1_149' title='bbox 1526 2334 1675 2398; x_wconf 80' lang='lat' dir='ltr'>luxu</span> <span class='ocrx_word' id='word_1_150' title='bbox 1698 2381 1716 2412; x_wconf 89' lang='lat'>,</span> <span class='ocrx_word' id='word_1_151' title='bbox 1765 2334 1867 2417; x_wconf 87' lang='lat' dir='ltr'>qni</span> <span class='ocrx_word' id='word_1_152' title='bbox 1897 2333 2096 2398; x_wconf 89' lang='lat' dir='ltr'>omnia</span> <span class='ocrx_word' id='word_1_153' title='bbox 2128 2354 2265 2399; x_wconf 87' lang='lat' dir='ltr'>cor-</span> 
     </span>
     <span class='ocr_line' id='line_1_20' title="bbox 207 2436 2263 2527; baseline -0.002 -22"><span class='ocrx_word' id='word_1_154' title='bbox 207 2451 498 2527; x_wconf 77' lang='lat' dir='ltr'>ruperat,</span> <span class='ocrx_word' id='word_1_155' title='bbox 559 2437 800 2515; x_wconf 77' lang='lat' dir='ltr'>affecti,</span> <span class='ocrx_word' id='word_1_156' title='bbox 830 2436 1104 2502; x_wconf 66' lang='lat' dir='ltr'>&#39;mollitie</span> <span class='ocrx_word' id='word_1_157' title='bbox 1156 2447 1218 2500; x_wconf 91' lang='lat' dir='ltr'>et</span> <span class='ocrx_word' id='word_1_158' title='bbox 1271 2436 1528 2501; x_wconf 85' lang='lat' dir='ltr'>lascivia</span> <span class='ocrx_word' id='word_1_159' title='bbox 1586 2436 1938 2501; x_wconf 86' lang='lat' dir='ltr'>diffluebant</span> <span class='ocrx_word' id='word_1_160' title='bbox 1980 2447 2044 2502; x_wconf 89' lang='lat' dir='ltr'>et</span> <span class='ocrx_word' id='word_1_161' title='bbox 2096 2436 2263 2502; x_wconf 88' lang='lat' dir='ltr'>inani</span> 
     </span>
     <span class='ocr_line' id='line_1_21' title="bbox 208 2539 2263 2624; baseline -0.002 -16"><span class='ocrx_word' id='word_1_162' title='bbox 208 2542 539 2608; x_wconf 79' lang='lat' dir='ltr'>verborum</span> <span class='ocrx_word' id='word_1_163' title='bbox 573 2541 803 2624; x_wconf 85' lang='lat' dir='ltr'>grande</span> <span class='ocrx_word' id='word_1_164' title='bbox 848 2540 1192 2604; x_wconf 79' lang='lat' dir='ltr'>sonantium</span> <span class='ocrx_word' id='word_1_165' title='bbox 1238 2539 1411 2624; x_wconf 88' lang='lat' dir='ltr'>copia</span> <span class='ocrx_word' id='word_1_166' title='bbox 1457 2539 1818 2623; x_wconf 84' lang='lat' dir='ltr'>turgebant,</span> <span class='ocrx_word' id='word_1_167' title='bbox 1868 2540 2025 2623; x_wconf 85' lang='lat' dir='ltr'>quod</span> <span class='ocrx_word' id='word_1_168' title='bbox 2071 2560 2263 2623; x_wconf 89' lang='lat' dir='ltr'>genus</span> 
     </span>
     <span class='ocr_line' id='line_1_22' title="bbox 205 2640 2258 2732; baseline -0.002 -21"><span class='ocrx_word' id='word_1_169' title='bbox 205 2648 268 2712; x_wconf 89' lang='lat' dir='ltr'>in</span> <span class='ocrx_word' id='word_1_170' title='bbox 299 2646 498 2732; x_wconf 79' lang='lat' dir='ltr'>prima</span> <span class='ocrx_word' id='word_1_171' title='bbox 527 2644 717 2708; x_wconf 75' lang='lat' dir='ltr'>satira</span> <span class='ocrx_word' id='word_1_172' title='bbox 747 2643 1005 2728; x_wconf 85' lang='lat' dir='ltr'>castigat</span> <span class='ocrx_word' id='word_1_173' title='bbox 1031 2640 1310 2721; x_wconf 88' lang='lat' dir='ltr'>Persius,</span> <span class='ocrx_word' id='word_1_174' title='bbox 1349 2641 1450 2705; x_wconf 92' lang='lat' dir='ltr'>alii</span> <span class='ocrx_word' id='word_1_175' title='bbox 1484 2653 1696 2706; x_wconf 84' lang='lat' dir='ltr'>contra</span> <span class='ocrx_word' id='word_1_176' title='bbox 1726 2641 1908 2727; x_wconf 86' lang='lat' dir='ltr'>rigidi</span> <span class='ocrx_word' id='word_1_177' title='bbox 1939 2653 2001 2706; x_wconf 90' lang='lat' dir='ltr'>et</span> <span class='ocrx_word' id='word_1_178' title='bbox 2030 2643 2258 2719; x_wconf 85' lang='lat' dir='ltr'>severi,</span> 
     </span>
     <span class='ocr_line' id='line_1_23' title="bbox 204 2743 2262 2830; baseline -0.002 -16"><span class='ocrx_word' id='word_1_179' title='bbox 204 2747 577 2813; x_wconf 78' lang='lat' dir='ltr'>brevitatem</span> <span class='ocrx_word' id='word_1_180' title='bbox 619 2756 682 2808; x_wconf 90' lang='lat' dir='ltr'>et</span> <span class='ocrx_word' id='word_1_181' title='bbox 724 2744 1195 2824; x_wconf 77' lang='lat' dir='ltr'>obscuritatem,</span> <span class='ocrx_word' id='word_1_182' title='bbox 1246 2744 1675 2809; x_wconf 77' lang='lat' dir='ltr'>sublimitatem</span> <span class='ocrx_word' id='word_1_183' title='bbox 1720 2756 1900 2830; x_wconf 88' lang='lat' dir='ltr'>atquc</span> <span class='ocrx_word' id='word_1_184' title='bbox 1945 2743 2262 2810; x_wconf 79' lang='lat' dir='ltr'>audaciam</span> 
     </span>
     <span class='ocr_line' id='line_1_24' title="bbox 207 2845 2260 2934; baseline -0.002 -18"><span class='ocrx_word' id='word_1_185' title='bbox 207 2852 451 2929; x_wconf 82' lang='lat' dir='ltr'>secuti,</span> <span class='ocrx_word' id='word_1_186' title='bbox 503 2870 622 2914; x_wconf 89' lang='lat' dir='ltr'>nec</span> <span class='ocrx_word' id='word_1_187' title='bbox 665 2847 779 2932; x_wconf 88' lang='lat' dir='ltr'>ipsi</span> <span class='ocrx_word' id='word_1_188' title='bbox 825 2847 971 2911; x_wconf 84' lang='lat' dir='ltr'>vitio</span> <span class='ocrx_word' id='word_1_189' title='bbox 1015 2847 1326 2913; x_wconf 86' lang='lat' dir='ltr'>carebant.</span> <span class='ocrx_word' id='word_1_190' title='bbox 1405 2845 1607 2912; x_wconf 85' lang='lat' dir='ltr'>Docet</span> <span class='ocrx_word' id='word_1_191' title='bbox 1646 2847 1762 2913; x_wconf 87' lang='lat' dir='ltr'>boc</span> <span class='ocrx_word' id='word_1_192' title='bbox 1810 2849 2094 2934; x_wconf 87' lang='lat' dir='ltr'>egregie,</span> <span class='ocrx_word' id='word_1_193' title='bbox 2142 2870 2260 2932; x_wconf 89' lang='lat' dir='ltr'>quo</span> 
     </span>
     <span class='ocr_line' id='line_1_25' title="bbox 208 2946 2257 3037; baseline -0.003 -18"><span class='ocrx_word' id='word_1_194' title='bbox 208 2973 389 3019; x_wconf 91' lang='lat' dir='ltr'>nemo</span> <span class='ocrx_word' id='word_1_195' title='bbox 434 2950 655 3017; x_wconf 83' lang='lat' dir='ltr'>melius</span> <span class='ocrx_word' id='word_1_196' title='bbox 700 2950 968 3015; x_wconf 87' lang='lat' dir='ltr'>seculum</span> <span class='ocrx_word' id='word_1_197' title='bbox 1015 2972 1187 3014; x_wconf 86' lang='lat' dir='ltr'>sunm</span> <span class='ocrx_word' id='word_1_198' title='bbox 1235 2949 1441 3027; x_wconf 81' lang='lat' dir='ltr'>novit,</span> <span class='ocrx_word' id='word_1_199' title='bbox 1492 2947 1731 3015; x_wconf 86' lang='lat' dir='ltr'>Seneca</span> <span class='ocrx_word' id='word_1_200' title='bbox 1779 2957 1938 3037; x_wconf 85' lang='lat' dir='ltr'>(epp.</span> <span class='ocrx_word' id='word_1_201' title='bbox 1990 2946 2257 3036; x_wconf 83' lang='lat' dir='ltr'>cxlv).</span> 
     </span>
     <span class='ocr_line' id='line_1_26' title="bbox 215 3051 2260 3142; baseline 0 -22"><span class='ocrx_word' id='word_1_202' title='bbox 215 3057 430 3139; x_wconf 76' lang='lat' dir='ltr'>Quare</span> <span class='ocrx_word' id='word_1_203' title='bbox 473 3053 843 3142; x_wconf 75' lang='lat' dir='ltr'>quibusdam</span> <span class='ocrx_word' id='word_1_204' title='bbox 894 3051 1301 3137; x_wconf 79' lang='lat' dir='ltr'>temporibus,</span> <span class='ocrx_word' id='word_1_205' title='bbox 1348 3053 1431 3116; x_wconf 84' lang='lat' dir='ltr'>ita</span> <span class='ocrx_word' id='word_1_206' title='bbox 1473 3053 1680 3117; x_wconf 90' lang='lat' dir='ltr'>scribit</span> <span class='ocrx_word' id='word_1_207' title='bbox 1719 3051 1998 3133; x_wconf 90' lang='lat' dir='ltr'>Lucilio,</span> <span class='ocrx_word' id='word_1_208' title='bbox 2036 3075 2260 3141; x_wconf 84' lang='lat' dir='ltr'>prove-</span> 
     </span>
     <span class='ocr_line' id='line_1_27' title="bbox 207 3156 2258 3243; baseline 0 -21"><span class='ocrx_word' id='word_1_209' title='bbox 207 3161 381 3223; x_wconf 81' lang='lat' dir='ltr'>nerit</span> <span class='ocrx_word' id='word_1_210' title='bbox 438 3159 731 3242; x_wconf 80' lang='lat' dir='ltr'>corrupti</span> <span class='ocrx_word' id='word_1_211' title='bbox 777 3159 1040 3241; x_wconf 59' lang='lat' dir='ltr'>genens</span> <span class='ocrx_word' id='word_1_212' title='bbox 1096 3156 1300 3219; x_wconf 75' lang='lat' dir='ltr'>oratio</span> <span class='ocrx_word' id='word_1_213' title='bbox 1358 3156 1648 3240; x_wconf 79' lang='lat' dir='ltr'>quaeris,</span> <span class='ocrx_word' id='word_1_214' title='bbox 1712 3166 1778 3220; x_wconf 84' lang='lat' dir='ltr'>et</span> <span class='ocrx_word' id='word_1_215' title='bbox 1829 3157 2134 3243; x_wconf 86' lang='lat' dir='ltr'>quomodo</span> <span class='ocrx_word' id='word_1_216' title='bbox 2194 3162 2258 3222; x_wconf 80' lang='lat' dir='ltr'>in</span> 
     </span>
     <span class='ocr_line' id='line_1_28' title="bbox 208 3258 2257 3350; baseline 0 -25"><span class='ocrx_word' id='word_1_217' title='bbox 208 3260 517 3350; x_wconf 78' lang='lat' dir='ltr'>quaedam</span> <span class='ocrx_word' id='word_1_218' title='bbox 575 3260 730 3323; x_wconf 77' lang='lat' dir='ltr'>vitia</span> <span class='ocrx_word' id='word_1_219' title='bbox 788 3260 1113 3323; x_wconf 74' lang='lat' dir='ltr'>inele&#39;natio</span> <span class='ocrx_word' id='word_1_220' title='bbox 1166 3259 1561 3343; x_wconf 76' lang='lat' dir='ltr'>ingeniorum</span> <span class='ocrx_word' id='word_1_221' title='bbox 1597 3258 1788 3343; x_wconf 83' lang='lat' dir='ltr'>faeta</span> <span class='ocrx_word' id='word_1_222' title='bbox 1828 3262 1951 3338; x_wconf 82' lang='lat' dir='ltr'>sit,</span> <span class='ocrx_word' id='word_1_223' title='bbox 2012 3270 2085 3324; x_wconf 90' lang='lat' dir='ltr'>ut</span> <span class='ocrx_word' id='word_1_224' title='bbox 2140 3261 2257 3325; x_wconf 76' lang='lat' dir='ltr'>ali-</span> 
     </span>
     <span class='ocr_line' id='line_1_29' title="bbox 207 3360 2257 3451; baseline 0 -24"><span class='ocrx_word' id='word_1_225' title='bbox 207 3361 462 3451; x_wconf 82' lang='lat' dir='ltr'>quando</span> <span class='ocrx_word' id='word_1_226' title='bbox 506 3361 735 3448; x_wconf 82' lang='lat' dir='ltr'>inflata</span> <span class='ocrx_word' id='word_1_227' title='bbox 776 3362 1117 3447; x_wconf 63' lang='lat' dir='ltr'>captia-atio</span> <span class='ocrx_word' id='word_1_228' title='bbox 1160 3362 1443 3446; x_wconf 59' lang='lat' dir='ltr'>urgeret,</span> <span class='ocrx_word' id='word_1_229' title='bbox 1491 3360 1827 3447; x_wconf 82' lang='lat' dir='ltr'>aliquando</span> <span class='ocrx_word' id='word_1_230' title='bbox 1871 3361 2159 3446; x_wconf 79' lang='lat' dir='ltr'>infracta</span> <span class='ocrx_word' id='word_1_231' title='bbox 2194 3374 2257 3427; x_wconf 86' lang='lat' dir='ltr'>et</span> 
     </span>
     <span class='ocr_line' id='line_1_30' title="bbox 209 3462 2256 3548; baseline -0 -18"><span class='ocrx_word' id='word_1_232' title='bbox 209 3468 275 3530; x_wconf 68' lang='grc' dir='ltr'>ἐπ</span> <span class='ocrx_word' id='word_1_233' title='bbox 318 3464 563 3530; x_wconf 84' lang='lat' dir='ltr'>modum</span> <span class='ocrx_word' id='word_1_234' title='bbox 608 3465 850 3528; x_wconf 76' lang='lat' dir='ltr'>cantici</span> <span class='ocrx_word' id='word_1_235' title='bbox 887 3462 1125 3528; x_wconf 81' lang='lat' dir='ltr'>ducta?</span> <span class='ocrx_word' id='word_1_236' title='bbox 1174 3483 1372 3548; x_wconf 86' lang='lat' dir='ltr'>quare</span> <span class='ocrx_word' id='word_1_237' title='bbox 1415 3464 1580 3528; x_wconf 77' lang='lat' dir='ltr'>alias</span> <span class='ocrx_word' id='word_1_238' title='bbox 1620 3485 1837 3527; x_wconf 75' lang='lat' dir='ltr'>sensus</span> <span class='ocrx_word' id='word_1_239' title='bbox 1881 3466 2151 3529; x_wconf 79' lang='lat' dir='ltr'>audaces</span> <span class='ocrx_word' id='word_1_240' title='bbox 2196 3476 2256 3529; x_wconf 88' lang='lat' dir='ltr'>et</span> 
     </span>
     <span class='ocr_line' id='line_1_31' title="bbox 201 3566 2258 3654; baseline 0 -22"><span class='ocrx_word' id='word_1_241' title='bbox 201 3569 391 3654; x_wconf 67' lang='lat' dir='ltr'>fidem</span> <span class='ocrx_word' id='word_1_242' title='bbox 450 3567 706 3653; x_wconf 76' lang='lat' dir='ltr'>egressi</span> <span class='ocrx_word' id='word_1_243' title='bbox 745 3567 1112 3653; x_wconf 75' lang='lat' dir='ltr'>placuerint</span> <span class='ocrx_word' id='word_1_244' title='bbox 1130 3612 1151 3643; x_wconf 95' lang='lat'>,</span> <span class='ocrx_word' id='word_1_245' title='bbox 1212 3567 1374 3630; x_wconf 77' lang='lat' dir='ltr'>alias</span> <span class='ocrx_word' id='word_1_246' title='bbox 1432 3566 1740 3651; x_wconf 82' lang='lat' dir='ltr'>abruptae</span> <span class='ocrx_word' id='word_1_247' title='bbox 1795 3569 2140 3630; x_wconf 76' lang='lat' dir='ltr'>sententiae</span> <span class='ocrx_word' id='word_1_248' title='bbox 2196 3580 2258 3634; x_wconf 87' lang='lat' dir='ltr'>et</span> 
     </span>
     <span class='ocr_line' id='line_1_32' title="bbox 204 3668 2252 3758; baseline -0.001 -22"><span class='ocrx_word' id='word_1_249' title='bbox 204 3673 598 3758; x_wconf 69' lang='lat' dir='ltr'>suipidosae</span> <span class='ocrx_word' id='word_1_250' title='bbox 613 3714 634 3745; x_wconf 92' lang='lat'>,</span> <span class='ocrx_word' id='word_1_251' title='bbox 695 3670 761 3732; x_wconf 81' lang='lat' dir='ltr'>in</span> <span class='ocrx_word' id='word_1_252' title='bbox 805 3668 1033 3754; x_wconf 77' lang='lat' dir='ltr'>quibus</span> <span class='ocrx_word' id='word_1_253' title='bbox 1080 3669 1234 3755; x_wconf 76' lang='lat' dir='ltr'>plus</span> <span class='ocrx_word' id='word_1_254' title='bbox 1275 3668 1765 3756; x_wconf 76' lang='lat' dir='ltr'>intellegendum</span> <span class='ocrx_word' id='word_1_255' title='bbox 1810 3678 1977 3733; x_wconf 73' lang='lat' dir='ltr'>esset</span> <span class='ocrx_word' id='word_1_256' title='bbox 1989 3717 2009 3747; x_wconf 94' lang='lat'><em>‚</em></span> <span class='ocrx_word' id='word_1_257' title='bbox 2070 3690 2252 3755; x_wconf 82' lang='lat' dir='ltr'>quam</span> 
     </span>
     <span class='ocr_line' id='line_1_33' title="bbox 207 3769 2254 3858; baseline -0.001 -20"><span class='ocrx_word' id='word_1_258' title='bbox 207 3774 587 3839; x_wconf 78' lang='lat' dir='ltr'>audiendum</span> <span class='ocrx_word' id='word_1_259' title='bbox 600 3775 634 3835; x_wconf 64' lang='lat'><em>2</em></span> <span class='ocrx_word' id='word_1_260' title='bbox 675 3791 872 3858; x_wconf 84' lang='lat' dir='ltr'>quare</span> <span class='ocrx_word' id='word_1_261' title='bbox 900 3773 1116 3857; x_wconf 81' lang='lat' dir='ltr'>aliqua</span> <span class='ocrx_word' id='word_1_262' title='bbox 1144 3780 1320 3835; x_wconf 84' lang='lat' dir='ltr'>aetas</span> <span class='ocrx_word' id='word_1_263' title='bbox 1328 3769 1555 3854; x_wconf 77' lang='lat' dir='ltr'>fuerit</span> <span class='ocrx_word' id='word_1_264' title='bbox 1569 3819 1587 3846; x_wconf 91' lang='lat'>‚</span> <span class='ocrx_word' id='word_1_265' title='bbox 1623 3792 1784 3858; x_wconf 88' lang='lat' dir='ltr'>quae</span> <span class='ocrx_word' id='word_1_266' title='bbox 1815 3773 2254 3837; x_wconf 77' lang='lat' dir='ltr'>translationis</span> 
     </span>
     <span class='ocr_line' id='line_1_34' title="bbox 205 3872 2251 3960; baseline -0.001 -19"><span class='ocrx_word' id='word_1_267' title='bbox 205 3880 348 3941; x_wconf 71' lang='lat' dir='ltr'>iure</span> <span class='ocrx_word' id='word_1_268' title='bbox 389 3885 681 3940; x_wconf 81' lang='lat' dir='ltr'>uteretur</span> <span class='ocrx_word' id='word_1_269' title='bbox 723 3872 1177 3939; x_wconf 78' lang='lat' dir='ltr'>inverecunde?</span> <span class='ocrx_word' id='word_1_270' title='bbox 1215 3874 1394 3950; x_wconf 84' lang='lat' dir='ltr'>Hoc,</span> <span class='ocrx_word' id='word_1_271' title='bbox 1441 3874 1613 3959; x_wconf 87' lang='lat' dir='ltr'>quod</span> <span class='ocrx_word' id='word_1_272' title='bbox 1651 3874 1875 3938; x_wconf 74' lang='lat' dir='ltr'>audire</span> <span class='ocrx_word' id='word_1_273' title='bbox 1915 3876 2109 3960; x_wconf 81' lang='lat' dir='ltr'>vulgo</span> <span class='ocrx_word' id='word_1_274' title='bbox 2151 3896 2251 3938; x_wconf 77' lang='lat' dir='ltr'>so·</span> 
     </span>
     <span class='ocr_line' id='line_1_35' title="bbox 205 3974 2252 4066; baseline -0.002 -22"><span class='ocrx_word' id='word_1_275' title='bbox 205 3982 334 4056; x_wconf 67' lang='lat' dir='ltr'>les,</span> <span class='ocrx_word' id='word_1_276' title='bbox 397 3976 572 4066; x_wconf 80' lang='lat' dir='ltr'>quod</span> <span class='ocrx_word' id='word_1_277' title='bbox 619 3974 798 4063; x_wconf 87' lang='lat' dir='ltr'>apud</span> <span class='ocrx_word' id='word_1_278' title='bbox 854 3975 1130 4042; x_wconf 74' lang='lat' dir='ltr'>Graecos</span> <span class='ocrx_word' id='word_1_279' title='bbox 1186 3978 1252 4041; x_wconf 83' lang='lat' dir='ltr'>in</span> <span class='ocrx_word' id='word_1_280' title='bbox 1302 3976 1703 4063; x_wconf 77' lang='lat' dir='ltr'>proverbium</span> <span class='ocrx_word' id='word_1_281' title='bbox 1771 3978 1995 4042; x_wconf 75' lang='lat' dir='ltr'>eessz’t:</span> <span class='ocrx_word' id='word_1_282' title='bbox 2081 3977 2252 4043; x_wconf 76' lang='lat' dir='ltr'>Talis</span> 
     </span>
    </p>
   </div>
   <div class='ocr_carea' id='block_1_3' title="bbox 204 4078 2374 4166">
    <p class='ocr_par' dir='ltr' id='par_1_3' title="bbox 204 4078 2374 4166">
     <span class='ocr_line' id='line_1_36' title="bbox 204 4078 2374 4166; baseline -0.002 -19"><span class='ocrx_word' id='word_1_283' title='bbox 204 4080 553 4147; x_wconf 71' lang='lat' dir='ltr'>homnibus</span> <span class='ocrx_word' id='word_1_284' title='bbox 573 4078 729 4166; x_wconf 76' lang='lat' dir='ltr'>fia‘t</span> <span class='ocrx_word' id='word_1_285' title='bbox 766 4080 1009 4158; x_wconf 76' lang='lat' dir='ltr'>oratio,</span> <span class='ocrx_word' id='word_1_286' title='bbox 1055 4080 1264 4166; x_wconf 76' lang='lat' dir='ltr'>qualis</span> <span class='ocrx_word' id='word_1_287' title='bbox 1290 4080 1446 4144; x_wconf 81' lang='lat' dir='ltr'>vita.</span> <span class='ocrx_word' id='word_1_288' title='bbox 1499 4079 2018 4163; x_wconf 79' lang='lat' dir='ltr'>Quemadmodum</span> <span class='ocrx_word' id='word_1_289' title='bbox 2046 4090 2251 4144; x_wconf 86' lang='lat' dir='ltr'>autem</span> <span class='ocrx_word' id='word_1_290' title='bbox 2362 4121 2374 4134; x_wconf 86' lang='lat'>-</span> 
     </span>
    </p>
   </div>
  </div>
 </body>
</html>
