2764 4738
483 430 615 503 304
941 430 1207 494 scum„
1249 430 1358 493 An
1401 429 1570 494 SAT.
1610 432 1707 508 111,
1737 435 1821 499 66
1846 466 1931 482 -
1958 436 2062 498 73.

486 625 635 690 quae
678 613 946 685 exoptet,
1001 600 1465 685 quemadmodum
1520 603 1579 663 in
1637 601 1946 685 eupiditate
1988 614 2186 664 teneat
2225 622 2325 676 se,
2380 600 2540 684 quod

485 693 727 764 honum,
774 689 923 772 quod
963 691 1165 749 mulum
1210 709 1384 768 asper
1420 710 1674 749 nummus
1703 689 1948 763 hahent,
1990 690 2083 749 vel
2113 699 2378 769 quantum
2409 691 2538 749 suis

487 777 821 860 perentibus
853 777 1047 855 largiri
1079 786 1335 855 oportet,
1366 772 1514 834 uude
1538 786 1630 835 est
1650 780 1709 836 ¹:

743 862 954 934 Felix,
990 862 1097 940 qui
1109 862 1312 940 potuit
1350 880 1550 919 rerum
1577 879 1929 939 cognoscere
1957 879 2195 920 causas.

487 947 707 1010 Discite
747 967 889 1026 ergo
932 956 1030 1005 aut
1072 945 1386 1031 naturnlem
1429 946 1836 1026 philosophiam
1867 956 1966 1004 aut
1993 947 2285 1008 moralem.
2344 946 2537 1008 Natu·

488 1035 627 1096 ralis
671 1044 762 1092 est
802 1051 946 1113 quae
978 1042 1184 1091 tractat
1213 1028 1284 1091 de
1315 1050 1504 1090 rerum
1549 1043 1785 1102 natura,
1829 1031 2060 1091 moralis
2105 1051 2250 1113 quae
2293 1030 2365 1093 de
2411 1051 2537 1091 mo-

488 1120 643 1181 ribus
689 1120 920 1177 uostris.
994 1116 1069 1175 Et
1113 1117 1221 1176 hoe
1266 1113 1439 1176 dicit:
1486 1116 1703 1177 Discite
1748 1117 1806 1176 iu
1850 1135 2015 1195 quem
2058 1136 2221 1176 usum
2248 1119 2539 1177 nascimur

488 1204 693 1266 victuri
737 1214 834 1262 aut
877 1202 1119 1282 qualiter
1159 1202 1361 1261 victuri
1415 1212 1475 1261 et
1520 1200 1649 1282 quid
1698 1202 1892 1262 futuri.
2088 1203 2247 1279 Quid
2303 1221 2536 1273 sumus,

491 1300 605 1352 aut
642 1290 940 1370 quidnam.
990 1287 1135 1361 Quia
1176 1286 1447 1347 mortales
1477 1298 1539 1347 et
1567 1288 1802 1347 rationis
1833 1304 2077 1366 capuces
2096 1330 2116 1360 ,
2165 1297 2225 1348 et
2253 1308 2288 1347 a
2317 1289 2537 1348 ceteris

492 1373 862 1437 animantibus
909 1373 1033 1432 sola
1076 1373 1297 1432 ratione
1341 1369 1744 1445 discernimur,
1791 1392 1951 1452 quam
1997 1391 2101 1432 nos
2134 1373 2297 1454 sequi
2326 1372 2536 1446 decet3

491 1482 619 1522 uum
648 1457 779 1520 ideo
811 1459 950 1518 faeti
979 1477 1207 1530 sumus,
1246 1469 1308 1517 ut
1336 1477 1461 1517 cum
1491 1457 1598 1519 hae
1629 1460 1896 1518 vivamus.
1943 1457 2102 1531 Quae
2132 1461 2280 1518 ratio
2310 1460 2539 1519 officio·

491 1567 614 1608 rum
660 1556 721 1606 et
763 1546 856 1627 qui
900 1545 1025 1603 finis
1070 1543 1273 1603 heatae
1319 1544 1412 1603 vel
1458 1544 1646 1603 facilis
1690 1546 1872 1614 vitae,
1918 1542 2006 1602 vel
2051 1563 2213 1624 quum
2256 1545 2370 1604 eito
2414 1546 2539 1605 vita

492 1641 690 1694 nostra
720 1630 1086 1700 terminetur,
1117 1649 1282 1709 quum
1312 1627 1583 1689 dehemus
1614 1630 1822 1688 virtute
1860 1628 2231 1707 protendere.

664 1720 743 1780 67
779 1735 868 1796 sq.
925 1716 1084 1774 Ordo
1129 1715 1259 1793 quis
1307 1714 1524 1787 datus,
1575 1724 1685 1775 aut
1723 1722 1949 1788 metae5
2011 1713 2066 1773 id
2109 1726 2234 1785 est,
2278 1711 2427 1775 unde
2471 1723 2540 1775 et

491 1803 589 1865 uhi
626 1812 948 1872 vertamur,
994 1799 1085 1860 vel
1130 1819 1294 1879 quem
1335 1796 1591 1859 ordinem
1637 1798 1860 1859 vivendi
1902 1809 2103 1859 natura
2145 1801 2536 1873 constituerit3

492 1890 627 1970 quia
666 1885 833 1947 decet
876 1886 1216 1966 sapientem,
1262 1894 1325 1943 ut
1367 1885 1423 1943 iu
1463 1885 1612 1944 hono
1658 1886 1810 1945 vitae
1851 1888 2143 1964 proposito
2172 1887 2537 1958 constitutus,

493 1975 544 2035 si
574 1990 816 2034 neeesse
847 1982 940 2031 est
969 1971 1214 2042 inflecti,
1247 1967 1318 2029 ad
1347 1970 1584 2031 meliora
1615 1972 1899 2032 flectatur.

667 2060 768 2121 69.
821 2057 964 2132 Quis
1006 2058 1207 2116 modus
1252 2066 1523 2134 argento.
1599 2055 1738 2128 Quis
1781 2053 2021 2116 habendi
2066 2054 2288 2116 divitias
2332 2052 2536 2115 modus

364 2207 376 2219 ,
498 2144 592 2204 sit.
772 2142 930 2218 Quid
952 2138 1340 2221 suseptare.
1410 2140 1554 2215 Quid
1600 2142 1840 2201 maxime
1886 2141 2187 2222 optandum
2232 2152 2355 2215 ost,
2401 2141 2539 2222 quia

497 2230 686 2291 solent
716 2227 869 2287 stulti
901 2237 1100 2306 optare
1134 2227 1241 2285 sihi
1274 2246 1450 2307 saepe
1481 2229 1786 2286 contraria.

669 2317 774 2378 70.
829 2313 987 2389 Quid
1023 2332 1202 2393 asper
1241 2314 1391 2372 utile
1431 2331 1697 2373 nummus
1743 2311 1956 2385 habet,
2002 2311 2109 2373 hoe
2142 2323 2267 2386 est,
2313 2309 2440 2394 quid
2468 2313 2541 2374 iu

494 2421 561 2463 se
606 2400 863 2460 utilitatis
906 2396 1138 2458 divitiae
1182 2399 1462 2470 habeant,
1510 2400 1640 2479 quia
1687 2398 1780 2458 ille
1824 2398 1971 2458 hene
2002 2399 2260 2478 possidet
2288 2397 2541 2472 divitias,

497 2488 592 2569 qui
622 2489 707 2546 eis
739 2506 849 2544 nou
879 2483 1160 2556 abutitur,
1208 2481 1310 2544 sed
1342 2504 1465 2544 eum
1496 2482 1799 2544 honestate
1847 2481 2161 2565 ‹lispensut-
2331 2485 2544 2564 Asper·

495 2591 760 2633 nummus
781 2612 799 2642 ,
833 2580 931 2628 aut
959 2570 1104 2629 mulo
1136 2580 1366 2649 partus,
1408 2580 1507 2628 sut
1535 2571 1888 2628 criminosus.
2058 2572 2307 2630 Patriae
2345 2571 2541 2630 cartis-

499 2678 610 2738 que
645 2656 1022 2737 propinquis.
1084 2654 1377 2728 Quomodo
1418 2656 1640 2734 patriae
1680 2655 1774 2715 vel
1814 2655 2142 2736 propinquis
2184 2658 2259 2715 sit
2286 2655 2543 2734 largien-

496 2741 654 2815 dum,
686 2739 958 2823 siquidem
991 2740 1307 2819 largitatem
1338 2741 1753 2812 remuneratio,
1794 2742 2161 2800 tenacitatem
2190 2761 2374 2821 poena
2402 2740 2544 2801 sub·

498 2830 788 2910 sequitur3
836 2835 899 2886 ut
927 2825 1201 2904 Virgilius
1222 2831 1248 2865 ²
1276 2826 1385 2885 hoe
1415 2826 1612 2885 volens
1643 2823 1950 2886 ostendere
1980 2827 2093 2885 nita

1000 2921 1061 2970 et
1091 2912 1198 2990 qui
1220 2912 1453 2970 divitiis
1475 2910 1596 2970 soli
1620 2912 1938 2971 incubuere
1967 2913 2247 2992 repertis,

753 2997 880 3058 Nee
912 3005 1149 3075 purtem
1185 3015 1444 3076 posuere
1482 2998 1629 3056 sutis.

499 3084 576 3146 Et
604 3081 869 3143 Horatius
892 3087 951 3142 ⁸2
1406 3101 1409 3102 ’

762 3170 887 3227 Cur·
909 3177 1046 3246 eget
1073 3167 1352 3245 indignus
1382 3168 1690 3246 quisquam
1723 3176 1779 3226 te
1812 3167 2038 3226 divite?

671 3258 772 3316 71.
824 3254 1003 3328 Quem
1041 3262 1097 3312 te
1122 3254 1284 3312 Deus
1328 3270 1490 3325 esse,
1538 3252 1648 3312 hoc
1694 3262 1786 3312 est
1823 3251 2218 3313 rationabilem
2262 3260 2324 3311 et
2366 3246 2543 3310 disei-

498 3340 687 3423 pliuae
718 3357 1006 3417 capacem.

668 3428 770 3487 72.
815 3426 899 3483 Ee
937 3424 1192 3483 humana
1229 3442 1345 3502 qua
1378 3432 1562 3503 parte
1609 3423 1836 3481 Iocatus
1874 3441 1936 3481 es
1976 3423 2036 3481 in
2080 3441 2185 3493 re,
2232 3418 2289 3479 id
2320 3429 2449 3492 est,
2480 3422 2542 3480 in

497 3511 738 3571 humana
782 3528 848 3568 re
895 3507 965 3567 ud
1012 3528 1153 3589 quos
1198 3528 1333 3568 usus
1378 3508 1716 3568 constitutus
1749 3508 1866 3578 sis,
1915 3507 2172 3577 seilicet,
2217 3517 2281 3565 ut
2310 3508 2545 3586 sapien-

496 3599 633 3657 tium
664 3596 1065 3674 consequaris;
1124 3593 1252 3666 vel,
1296 3590 1446 3674 quod
1489 3612 1725 3671 regnum
1770 3603 1972 3652 teneas
2017 3593 2168 3652 inter
2197 3594 2385 3651 omnia
2416 3592 2543 3651 uui-

501 3683 692 3743 malin.

671 3770 774 3830 ⁷3.
818 3767 1032 3836 Disce,
1080 3762 1313 3824 subaudi
1343 3762 1791 3844 philosophiam,
1836 3772 1896 3821 et
1924 3782 2036 3821 nou
2067 3758 2321 3821 invideas
2353 3759 2547 3821 diviti·

497 3854 640 3927 hus,
697 3847 848 3934 quod
901 3852 1181 3931 sapientia
1239 3871 1350 3911 uon
1404 3860 1527 3923 est,
1584 3851 1642 3909 in
1684 3867 1918 3930 quorum
1958 3848 2205 3908 cellariis
2250 3857 2407 3907 tantu
2451 3857 2550 3908 est

1542 3980 1567 4008 D

501 4057 526 4110 1
566 4055 714 4119 Virg.
756 4052 943 4118 θοοῖς.
983 4051 1049 4117 11,
1087 4053 1208 4105 490.
1684 4053 1720 4109 2
1753 4049 1902 4116 Virg.
1940 4051 2071 4102 Aen.
2109 4048 2201 4114 vl,
2237 3998 2353 4112 6ae
2365 4065 2446 4117 sq.

497 4126 530 4179 3
566 4123 690 4177 flor.
728 4130 832 4176 sut.
874 4120 938 4188 11,
975 4123 1031 4188 2,
1073 4123 1196 4176 103.
