2764 4738
893 441 1631 508 PROLEGOMENA.
2111 471 2283 512 cxxv

219 614 285 676 in
321 608 469 677 codss
518 609 882 676 Florentino
926 624 1166 702 essm,
1215 635 1353 679 nam
1399 616 1558 699 quod
1602 614 1665 679 in
1696 614 1814 681 hoc
1843 616 2126 698 quaedam
2160 640 2284 681 non

219 715 663 790 inveniuntur,
713 734 867 796 quae
912 712 1011 779 ille
1051 716 1258 781 laudat
1304 728 1603 801 tamquam
1647 715 1943 797 Cornuti,
1992 722 2281 802 quaedam

218 815 409 900 paulo
439 816 623 880 aliter
648 817 940 901 leguntur
967 828 1146 901 atque
1177 819 1280 884 ille
1313 820 1519 897 habet,
1556 821 1707 885 haec
1736 842 1862 884 non
1895 821 2139 885 nimium
2157 844 2284 886 mo·

219 919 418 981 menti
462 917 690 982 babere
735 918 1101 983 videbuntur
1139 921 1506 985 scholiorum
1554 918 1768 986 talium=
1798 922 2099 986 rationem
2140 944 2283 987 con-

218 1020 526 1083 sideranti
566 1029 613 1081 ¹.
660 1018 863 1099 Nam,
898 1031 964 1084 ut
990 1022 1108 1084 iam
1139 1025 1430 1088 monitum
1464 1036 1594 1103 est,
1645 1024 2146 1089 describebantur
2171 1026 2281 1103 ita,

223 1134 318 1197 nt,
356 1123 408 1185 si
442 1123 582 1204 qnid
612 1143 858 1206 pravum
890 1123 1230 1203 videretur,
1265 1128 1630 1210 corrigeret,
1665 1127 1716 1190 si
1738 1127 1878 1209 quid
1893 1128 2281 1211 superfluum,

224 1225 570 1302 omitteret,
604 1225 656 1288 si
690 1225 827 1307 quid
858 1225 1015 1288 scitu
1046 1227 1192 1289 utile
1222 1228 1351 1311 ipse
1377 1228 1649 1305 haberet,
1685 1230 1942 1294 adderet
1974 1228 2278 1304 librarius,

224 1326 389 1389 hand
426 1347 621 1410 pauca
652 1328 831 1391 etiam
871 1329 1189 1392 oscitantia
1234 1340 1298 1392 et
1330 1329 1678 1411 ignorantia
1708 1350 2097 1415 corrumpere
2127 1330 2286 1394 sole—

224 1428 356 1493 bat.
424 1427 802 1493 Servabatur
843 1421 1085 1514 semper
1128 1431 1260 1495 eius
1305 1452 1566 1508 nomen,
1626 1454 1665 1496 a
1709 1454 1825 1516 quo
1866 1432 2097 1497 scholia
2144 1433 2283 1495 olim

223 1533 509 1617 prosecta
557 1542 772 1609 erant,
822 1542 887 1597 et
925 1532 1187 1596 maxime
1227 1533 1279 1597 si
1323 1554 1547 1598 nomen
1590 1546 1724 1600 erat
1752 1546 1959 1599 notum
1992 1546 2054 1599 et
2082 1536 2286 1620 splen·

229 1635 463 1698 didum.
538 1630 750 1717 Itaque
796 1655 949 1718 quae
989 1635 1055 1699 in
1100 1635 1215 1716 iis,
1277 1656 1431 1718 quae
1476 1637 1657 1701 allata
1704 1626 1887 1715 sunt,
1942 1645 2288 1721 congruunt

225 1736 395 1801 inter
422 1756 491 1800 se
513 1782 534 1815 ,
579 1736 758 1801 fidem
788 1737 938 1800 satis
969 1747 1201 1801 certam
1230 1738 1463 1802 faciunt
1486 1783 1504 1816 ‚
1554 1739 1822 1803 eiusdem
1854 1758 1992 1803 esse
2025 1736 2285 1803 Cornuti

226 1837 461 1904 scholia
482 1885 502 1917 ‚
552 1837 626 1902 de
659 1837 872 1920 quibus
902 1840 1267 1921 quaerimus.
1312 1836 1412 1904 De
1442 1850 1659 1904 natura
1691 1861 1840 1904 vero
1869 1851 2049 1925 atque
2079 1840 2284 1906 indole

226 1960 441 2005 eorum
483 1940 669 2005 etiam
714 1960 798 2003 ex
841 1942 1043 2024 parvis
1084 1940 1255 2006 hisce
1310 1943 1669 2024 fragmentis
1724 1941 1883 2006 haud
1942 1942 2285 2025 ambiguum

222 2044 393 2107 ferre
438 2041 727 2106 iudicium
772 2042 955 2121 licet,
1002 2062 1142 2107 esse
1187 2064 1264 2107 ea
1306 2043 1439 2107 eius
1483 2043 1741 2118 aetatis,
1790 2065 1943 2126 quae
1973 2046 2154 2127 longe
2184 2064 2285 2109 re-

220 2155 391 2210 mota
423 2143 502 2208 ab
534 2144 925 2227 antiquitate,
979 2144 1296 2209 obscuram
1330 2156 1561 2209 tantum
1594 2147 1726 2210 eius
1751 2156 1937 2228 ‘atque
1970 2148 2284 2211 confusam

221 2246 640 2330 cognitionem
679 2247 1063 2325 servaverit,
1125 2258 1187 2311 et
1228 2268 1267 2310 a
1307 2248 1446 2311 viro
1493 2248 1747 2332 quodam
1808 2249 2121 2333 profecta,
2183 2249 2284 2331 qui

220 2371 342 2414 nec
415 2349 811 2432 grammatica
882 2349 1196 2436 disciplina
1251 2349 1465 2415 doctus
1524 2348 1708 2415 fuerit
1764 2350 1997 2435 qualem
2055 2351 2284 2435 antiqui

220 2451 708 2536 profitebantur,
753 2472 865 2515 nec
909 2451 1085 2517 bonis
1133 2463 1196 2516 et
1224 2453 1505 2538 genuinis
1535 2452 1803 2518 fontibus
1835 2475 1980 2517 usus
2010 2454 2127 2531 sit,
2174 2454 2281 2518 sed

222 2574 375 2617 eum*
410 2554 701 2637 quaedam
754 2555 925 2637 quasi
983 2575 1093 2637 per
1145 2554 1429 2619 nebulam
1482 2555 1616 2619 visa
1676 2565 1781 2618 aut
1829 2557 1988 2620 sama
2036 2556 2286 2641 cognita

222 2655 547 2733 babuerit,
605 2658 903 2741 permulta
945 2657 1196 2721 finxerit
1237 2677 1435 2742 neque
1489 2658 1639 2722 satis
1695 2658 1874 2722 scite.
1950 2656 2282 2723 Possumus

224 2759 301 2822 de
349 2778 427 2822 ea
468 2780 541 2823 re
587 2777 661 2821 eo
707 2757 930 2822 certius
975 2758 1286 2838 iudicare,
1335 2761 1472 2842 quia
1516 2760 1580 2825 in
1612 2755 1962 2825 Iuvenalem
1994 2760 2283 2832 habemus

223 2859 505 2938 scholia,
551 2879 704 2944 quae
749 2881 1098 2944 quamquam
1145 2862 1350 2926 lacera
1394 2872 1458 2925 et
1497 2862 1720 2926 misere
1753 2864 2035 2946 corrupta
2063 2862 2136 2925 ad
2171 2882 2284 2927 nos

223 2973 683 3047 pervenerunt,
745 2961 1012 3026 codicum
1068 2960 1394 3028 Pithoeani
1444 2974 1508 3028 et
1552 2961 1974 3047 Sangallensis
2020 2965 2282 3029 maxime

222 3064 571 3143 beneficio,
616 3076 817 3129 tamen
863 3065 1175 3128 doctrinae
1221 3064 1298 3127 ab
1328 3066 1575 3149 antiquo
1607 3066 1861 3149 quodam
1893 3069 2283 3151 grammatico

224 3168 494 3231 traditae
533 3168 794 3252 vestigia
839 3177 1127 3245 servant,
1179 3177 1243 3231 et
1284 3166 1337 3230 si
1382 3188 1516 3231 cum
1554 3164 1814 3232 Cornuti
1848 3170 2009 3234 notis
2042 3192 2284 3255 compa-

222 3280 486 3348 rantur,
530 3268 679 3334 satis
720 3279 931 3353 aperte
980 3270 1435 3348 demonstrant,
1485 3269 1624 3352 quid
1673 3271 1899 3335 distent
1941 3292 2086 3335 aera
2130 3272 2285 3357 lupi-

220 3373 324 3435 nis
360 3379 412 3434 ².
476 3371 983 3436 Animadversum
1031 3371 1149 3435 iam
1196 3382 1292 3436 est
1333 3393 1371 3436 a
1414 3367 1560 3437 VV.
1609 3368 1798 3451 DD.,
1846 3372 2000 3439 baec
2046 3373 2284 3440 scholia

202 3472 584 3558 'quibusdam
632 3474 784 3538 locis
836 3475 1025 3539 verba
1087 3484 1301 3558 poetae
1358 3473 1447 3538 ita
1498 3473 1833 3552 exhibere,
1895 3487 1965 3540 ut
2009 3476 2073 3540 in
2116 3477 2281 3541 nullo

225 3646 251 3699 ¹
295 3644 434 3697 nen
472 3644 525 3696 in
569 3645 787 3698 Cornuti
823 3644 1032 3698 scholiis
1081 3644 1145 3695 ud
1193 3642 1427 3697 Persium
1478 3645 1643 3697 locum
1693 3646 1916 3709 babere,
1971 3645 2109 3699 infra
2142 3648 2283 3700 vide-

298 3713 486 3765 bians.

222 3784 261 3839 2
298 3780 437 3834 Toto
483 3781 625 3834 coelo
671 3796 734 3833 ea
782 3797 897 3833 esse
944 3781 1153 3833 diversa
1187 3788 1565 3848 comparantem
1605 3798 1702 3834 non
1742 3782 1922 3848 fugiet.
1987 3782 2113 3837 Nam
2149 3786 2283 3853 qnod

297 3852 473 3902 tribus
509 3853 636 3903 loeis
672 3852 866 3902 similia
918 3850 1107 3903 babent
1152 3851 1345 3901 scholia
1381 3852 1595 3917 antiqua
1632 3853 1696 3903 ad
1733 3852 1934 3914 11,169
1969 3859 2280 3919 mittentur,

297 3920 685 3985 diffiteantur,
738 3915 1049 3989 ἀφαιᾯεσισ·
1087 3919 1148 3971 ad
1187 3917 1378 3982 111,37
1418 3920 1504 3969 ubi
1542 3920 1681 3972 iuter
1715 3921 1821 3972 alia
1856 3922 2074 3973 dicitur.
2095 3924 2284 3989 sor-we

300 3995 388 4040 oet
432 3987 583 4057 [uon]
605 3989 778 4054 sorus
817 3992 1042 4051 sileat-e,-
1080 3989 1142 4039 ad
1180 3986 1271 4050 vl,
1307 3988 1410 4040 450
1446 3990 1580 4055 quod
1616 3991 1953 4058 enthymema
1991 4007 2084 4058 per
2184 3991 2284 4043 110-

295 4062 535 4125 gisnwm
579 4058 908 4125 explicatur,
978 4072 1041 4109 ea
1082 4058 1158 4109 ita
1213 4064 1509 4124 comparata
1556 4065 1708 4122 sunt,
1775 4064 1834 4109 nt
1894 4075 1993 4111 non
2055 4076 2143 4114 mu
2170 4068 2279 4114 tun

298 4127 531 4195 probeat.
