<?xml version="1.0" encoding="UTF-8"?>
<!DOCTYPE html PUBLIC "-//W3C//DTD XHTML 1.0 Transitional//EN"
    "http://www.w3.org/TR/xhtml1/DTD/xhtml1-transitional.dtd">
<html xmlns="http://www.w3.org/1999/xhtml" xml:lang="en" lang="en">
 <head>
  <title>
</title>
<meta http-equiv="Content-Type" content="text/html;charset=utf-8" />
  <meta name='ocr-system' content='tesseract 3.04.00' />
  <meta name='ocr-capabilities' content='ocr_page ocr_carea ocr_par ocr_line ocrx_word'/>
</head>
<body>
  <div class='ocr_page' id='page_1' title='image "./satirarumliberc01jahngoog_0063.png"; bbox 0 0 2764 4738; ppageno 0'>
   <div class='ocr_carea' id='block_1_1' title="bbox 590 398 1969 463">
    <p class='ocr_par' dir='ltr' id='par_1_1' title="bbox 590 398 1969 463">
     <span class='ocr_line' id='line_1_1' title="bbox 590 398 1969 463; baseline -0.002 -1"><span class='ocrx_word' id='word_1_1' title='bbox 590 420 791 463; x_wconf 69' lang='lat' dir='ltr'><strong>xum</strong></span> <span class='ocrx_word' id='word_1_2' title='bbox 1235 398 1969 461; x_wconf 77' lang='lat' dir='ltr'><strong>PROLEGOMENA.</strong></span> 
     </span>
    </p>
   </div>
   <div class='ocr_carea' id='block_1_2' title="bbox 589 562 2649 755">
    <p class='ocr_par' dir='ltr' id='par_1_2' title="bbox 589 562 2649 755">
     <span class='ocr_line' id='line_1_2' title="bbox 590 562 2649 654; baseline 0 -21"><span class='ocrx_word' id='word_1_3' title='bbox 590 568 730 633; x_wconf 89' lang='lat' dir='ltr'><strong>inde</strong></span> <span class='ocrx_word' id='word_1_4' title='bbox 760 589 795 631; x_wconf 77' lang='lat' dir='ltr'>a</span> <span class='ocrx_word' id='word_1_5' title='bbox 828 568 935 632; x_wconf 85' lang='lat' dir='ltr'><strong>sol.</strong></span> <span class='ocrx_word' id='word_1_6' title='bbox 968 566 1054 633; x_wconf 82' lang='lat'><strong>28</strong></span> <span class='ocrx_word' id='word_1_7' title='bbox 1097 590 1242 634; x_wconf 83' lang='lat' dir='ltr'><strong>exe</strong></span> <span class='ocrx_word' id='word_1_8' title='bbox 1264 569 1457 653; x_wconf 71' lang='lat' dir='ltr'><strong>mpla</strong></span> <span class='ocrx_word' id='word_1_9' title='bbox 1491 562 1982 634; x_wconf 86' lang='lat' dir='ltr'><strong>diversorum</strong></span> <span class='ocrx_word' id='word_1_10' title='bbox 2010 579 2411 649; x_wconf 82' lang='lat' dir='ltr'><strong>autorum,</strong></span> <span class='ocrx_word' id='word_1_11' title='bbox 2460 579 2649 654; x_wconf 75' lang='lat' dir='ltr'><strong>atque</strong></span> 
     </span>
     <span class='ocr_line' id='line_1_3' title="bbox 589 668 1948 755; baseline 0.001 -22"><span class='ocrx_word' id='word_1_12' title='bbox 589 671 752 735; x_wconf 87' lang='lat' dir='ltr'><strong>inter</strong></span> <span class='ocrx_word' id='word_1_13' title='bbox 781 691 854 735; x_wconf 76' lang='lat' dir='ltr'><strong>en</strong></span> <span class='ocrx_word' id='word_1_14' title='bbox 887 682 1165 755; x_wconf 78' lang='lat' dir='ltr'><strong>tanquam</strong></span> <span class='ocrx_word' id='word_1_15' title='bbox 1198 668 1397 735; x_wconf 86' lang='lat' dir='ltr'><strong>Persii</strong></span> <span class='ocrx_word' id='word_1_16' title='bbox 1432 669 1618 735; x_wconf 88' lang='lat' dir='ltr'><strong>hosce</strong></span> <span class='ocrx_word' id='word_1_17' title='bbox 1648 691 1864 735; x_wconf 85' lang='lat' dir='ltr'><strong>versus</strong></span> <span class='ocrx_word' id='word_1_18' title='bbox 1891 680 1948 735; x_wconf 84' lang='lat'><strong>¹:</strong></span> 
     </span>
    </p>
   </div>
   <div class='ocr_carea' id='block_1_3' title="bbox 635 787 2652 2917">
    <p class='ocr_par' dir='ltr' id='par_1_3' title="bbox 757 787 2514 1180">
     <span class='ocr_line' id='line_1_4' title="bbox 765 787 2428 875; baseline 0 -22"><span class='ocrx_word' id='word_1_19' title='bbox 765 787 933 853; x_wconf 86' lang='lat' dir='ltr'><strong>Ordo</strong></span> <span class='ocrx_word' id='word_1_20' title='bbox 964 790 1178 854; x_wconf 88' lang='lat' dir='ltr'><strong>ducum</strong></span> <span class='ocrx_word' id='word_1_21' title='bbox 1209 790 1494 854; x_wconf 88' lang='lat' dir='ltr'><strong>membris</strong></span> <span class='ocrx_word' id='word_1_22' title='bbox 1524 811 1711 875; x_wconf 91' lang='lat' dir='ltr'><strong>super</strong></span> <span class='ocrx_word' id='word_1_23' title='bbox 1739 810 1925 854; x_wconf 75' lang='lat' dir='ltr'><strong>aurea</strong></span> <span class='ocrx_word' id='word_1_24' title='bbox 1959 790 2151 855; x_wconf 71' lang='lat' dir='ltr'><strong>fulcra</strong></span> <span class='ocrx_word' id='word_1_25' title='bbox 2181 790 2428 855; x_wconf 76' lang='lat' dir='ltr'><strong>locatis.</strong></span> 
     </span>
     <span class='ocr_line' id='line_1_5' title="bbox 762 892 2514 976; baseline -0.002 -20"><span class='ocrx_word' id='word_1_26' title='bbox 762 892 941 956; x_wconf 89' lang='lat' dir='ltr'><strong>Tunc</strong></span> <span class='ocrx_word' id='word_1_27' title='bbox 973 893 1166 957; x_wconf 80' lang='lat' dir='ltr'><strong>sancti</strong></span> <span class='ocrx_word' id='word_1_28' title='bbox 1196 913 1401 976; x_wconf 82' lang='lat' dir='ltr'><strong>genua</strong></span> <span class='ocrx_word' id='word_1_29' title='bbox 1430 893 1766 957; x_wconf 77' lang='lat' dir='ltr'><strong>advolvens</strong></span> <span class='ocrx_word' id='word_1_30' title='bbox 1798 892 2165 976; x_wconf 82' lang='lat' dir='ltr'><strong>pedibusque</strong></span> <span class='ocrx_word' id='word_1_31' title='bbox 2199 892 2514 956; x_wconf 73' lang='lat' dir='ltr'><strong>volutans.</strong></span> 
     </span>
     <span class='ocr_line' id='line_1_6' title="bbox 759 992 2275 1078; baseline -0.002 -20"><span class='ocrx_word' id='word_1_32' title='bbox 759 992 1100 1058; x_wconf 85' lang='lat' dir='ltr'><strong>Liminibus</strong></span> <span class='ocrx_word' id='word_1_33' title='bbox 1132 994 1397 1058; x_wconf 81' lang='lat' dir='ltr'><strong>distenta</strong></span> <span class='ocrx_word' id='word_1_34' title='bbox 1426 1006 1694 1059; x_wconf 88' lang='lat' dir='ltr'><strong>tremunt</strong></span> <span class='ocrx_word' id='word_1_35' title='bbox 1722 996 1936 1058; x_wconf 74' lang='lat' dir='ltr'><strong>aulaea</strong></span> <span class='ocrx_word' id='word_1_36' title='bbox 1971 993 2275 1078; x_wconf 86' lang='lat' dir='ltr'><strong>superbis.</strong></span> 
     </span>
     <span class='ocr_line' id='line_1_7' title="bbox 757 1094 2143 1180; baseline -0.001 -20"><span class='ocrx_word' id='word_1_37' title='bbox 757 1094 1029 1161; x_wconf 80' lang='lat' dir='ltr'><strong>Flamma</strong></span> <span class='ocrx_word' id='word_1_38' title='bbox 1058 1097 1272 1161; x_wconf 77' lang='lat' dir='ltr'><strong>volans</strong></span> <span class='ocrx_word' id='word_1_39' title='bbox 1303 1095 1604 1160; x_wconf 77' lang='lat' dir='ltr'><strong>mordebit</strong></span> <span class='ocrx_word' id='word_1_40' title='bbox 1634 1097 1696 1160; x_wconf 91' lang='lat' dir='ltr'><strong>in</strong></span> <span class='ocrx_word' id='word_1_41' title='bbox 1727 1115 1874 1162; x_wconf 77' lang='lat' dir='ltr'><strong>aera</strong></span> <span class='ocrx_word' id='word_1_42' title='bbox 1903 1097 2143 1180; x_wconf 90' lang='lat' dir='ltr'><strong>pennis.</strong></span> 
     </span>
    </p>

    <p class='ocr_par' dir='ltr' id='par_1_4' title="bbox 677 1196 2647 1588">
     <span class='ocr_line' id='line_1_8' title="bbox 677 1196 2451 1282; baseline -0.002 -19"><span class='ocrx_word' id='word_1_43' title='bbox 677 1199 718 1263; x_wconf 87' lang='lat'>5</span> <span class='ocrx_word' id='word_1_44' title='bbox 760 1196 968 1263; x_wconf 67' lang='lat' dir='ltr'><strong>Mollis</strong></span> <span class='ocrx_word' id='word_1_45' title='bbox 1001 1209 1063 1263; x_wconf 87' lang='lat' dir='ltr'><strong>et</strong></span> <span class='ocrx_word' id='word_1_46' title='bbox 1092 1198 1314 1282; x_wconf 85' lang='lat' dir='ltr'><strong>iurigui</strong></span> <span class='ocrx_word' id='word_1_47' title='bbox 1347 1198 1500 1263; x_wconf 83' lang='lat' dir='ltr'><strong>haec</strong></span> <span class='ocrx_word' id='word_1_48' title='bbox 1527 1209 1771 1263; x_wconf 76' lang='lat' dir='ltr'><strong>austera</strong></span> <span class='ocrx_word' id='word_1_49' title='bbox 1804 1197 2102 1262; x_wconf 78' lang='lat' dir='ltr'><strong>absindna</strong></span> <span class='ocrx_word' id='word_1_50' title='bbox 2133 1198 2451 1262; x_wconf 77' lang='lat' dir='ltr'><strong>misceam.</strong></span> 
     </span>
     <span class='ocr_line' id='line_1_9' title="bbox 756 1300 2453 1385; baseline -0.001 -21"><span class='ocrx_word' id='word_1_51' title='bbox 756 1300 1148 1365; x_wconf 65' lang='lat' dir='ltr'><strong>Transire-tat</strong></span> <span class='ocrx_word' id='word_1_52' title='bbox 1177 1310 1496 1385; x_wconf 82' lang='lat' dir='ltr'><strong>exceptum</strong></span> <span class='ocrx_word' id='word_1_53' title='bbox 1531 1320 1849 1365; x_wconf 81' lang='lat' dir='ltr'><strong>numerosa</strong></span> <span class='ocrx_word' id='word_1_54' title='bbox 1881 1300 2171 1384; x_wconf 82' lang='lat' dir='ltr'><strong>puppibus</strong></span> <span class='ocrx_word' id='word_1_55' title='bbox 2202 1320 2453 1384; x_wconf 77' lang='lat' dir='ltr'><strong>agmen.</strong></span> 
     </span>
     <span class='ocr_line' id='line_1_10' title="bbox 760 1400 2647 1487; baseline 0.002 -24"><span class='ocrx_word' id='word_1_56' title='bbox 760 1400 916 1484; x_wconf 83' lang='lat' dir='ltr'><strong>Quid</strong></span> <span class='ocrx_word' id='word_1_57' title='bbox 949 1403 1130 1485; x_wconf 79' lang='lat' dir='ltr'><strong>pote?</strong></span> <span class='ocrx_word' id='word_1_58' title='bbox 1175 1401 1268 1466; x_wconf 87' lang='lat' dir='ltr'><strong>vis</strong></span> <span class='ocrx_word' id='word_1_59' title='bbox 1300 1402 1537 1466; x_wconf 75' lang='lat' dir='ltr'><strong>dicam?</strong></span> <span class='ocrx_word' id='word_1_60' title='bbox 1583 1404 1828 1487; x_wconf 83' lang='lat' dir='ltr'><strong>nugaris</strong></span> <span class='ocrx_word' id='word_1_61' title='bbox 1861 1422 1993 1466; x_wconf 89' lang='lat' dir='ltr'><strong>cum</strong></span> <span class='ocrx_word' id='word_1_62' title='bbox 2029 1400 2135 1465; x_wconf 90' lang='lat' dir='ltr'><strong>tibi</strong></span> <span class='ocrx_word' id='word_1_63' title='bbox 2166 1402 2341 1467; x_wconf 84' lang='lat' dir='ltr'><strong>calve</strong></span> <span class='ocrx_word' id='word_1_64' title='bbox 2390 1400 2468 1484; x_wconf 87' lang='lat'><strong>[1,</strong></span> <span class='ocrx_word' id='word_1_65' title='bbox 2505 1401 2647 1483; x_wconf 84' lang='grc'><strong>56].</strong></span> 
     </span>
     <span class='ocr_line' id='line_1_11' title="bbox 760 1502 2646 1588; baseline -0.001 -21"><span class='ocrx_word' id='word_1_66' title='bbox 760 1504 877 1568; x_wconf 82' lang='lat' dir='ltr'><strong>Hic</strong></span> <span class='ocrx_word' id='word_1_67' title='bbox 909 1502 1040 1582; x_wconf 89' lang='lat' dir='ltr'><strong>tibi,</strong></span> <span class='ocrx_word' id='word_1_68' title='bbox 1075 1502 1250 1567; x_wconf 75' lang='lat' dir='ltr'><strong>fabor</strong></span> <span class='ocrx_word' id='word_1_69' title='bbox 1280 1505 1466 1584; x_wconf 90' lang='lat' dir='ltr'><strong>enim,</strong></span> <span class='ocrx_word' id='word_1_70' title='bbox 1500 1506 1738 1588; x_wconf 77' lang='lat' dir='ltr'><strong>quando</strong></span> <span class='ocrx_word' id='word_1_71' title='bbox 1772 1505 1875 1568; x_wconf 88' lang='lat' dir='ltr'><strong>tibi</strong></span> <span class='ocrx_word' id='word_1_72' title='bbox 1907 1525 2053 1568; x_wconf 82' lang='lat' dir='ltr'><strong>cura</strong></span> <span class='ocrx_word' id='word_1_73' title='bbox 2084 1505 2393 1569; x_wconf 80' lang='lat' dir='ltr'><strong>remordet</strong></span> <span class='ocrx_word' id='word_1_74' title='bbox 2429 1503 2646 1587; x_wconf 79' lang='lat' dir='ltr'><strong>[Virg.</strong></span> 
     </span>
    </p>

    <p class='ocr_par' dir='ltr' id='par_1_5' title="bbox 636 1603 2646 2304">
     <span class='ocr_line' id='line_1_12' title="bbox 1667 1603 2132 1685; baseline -0.009 -15"><span class='ocrx_word' id='word_1_75' title='bbox 1667 1608 1831 1670; x_wconf 84' lang='lat' dir='ltr'><strong>Aen.</strong></span> <span class='ocrx_word' id='word_1_76' title='bbox 1869 1604 1923 1684; x_wconf 90' lang='lat'><strong>1,</strong></span> <span class='ocrx_word' id='word_1_77' title='bbox 1954 1603 2132 1685; x_wconf 51' lang='lat'><strong>261}</strong></span> 
     </span>
     <span class='ocr_line' id='line_1_13' title="bbox 758 1706 2450 1793; baseline 0 -22"><span class='ocrx_word' id='word_1_78' title='bbox 758 1706 1005 1790; x_wconf 83' lang='lat' dir='ltr'><strong>Eliquat</strong></span> <span class='ocrx_word' id='word_1_79' title='bbox 1033 1729 1103 1771; x_wconf 82' lang='lat' dir='ltr'><strong>ac</strong></span> <span class='ocrx_word' id='word_1_80' title='bbox 1134 1717 1348 1771; x_wconf 88' lang='lat' dir='ltr'><strong>tenero</strong></span> <span class='ocrx_word' id='word_1_81' title='bbox 1381 1709 1724 1793; x_wconf 76' lang='lat' dir='ltr'><strong>supplantat</strong></span> <span class='ocrx_word' id='word_1_82' title='bbox 1754 1709 1942 1773; x_wconf 83' lang='lat' dir='ltr'><strong>verba</strong></span> <span class='ocrx_word' id='word_1_83' title='bbox 1975 1709 2171 1791; x_wconf 79' lang='lat' dir='ltr'><strong>palato</strong></span> <span class='ocrx_word' id='word_1_84' title='bbox 2206 1706 2283 1789; x_wconf 87' lang='lat'><strong>[1,</strong></span> <span class='ocrx_word' id='word_1_85' title='bbox 2316 1707 2450 1790; x_wconf 80' lang='lat'><strong>351.</strong></span> 
     </span>
     <span class='ocr_line' id='line_1_14' title="bbox 636 1808 2538 1896; baseline 0.001 -22"><span class='ocrx_word' id='word_1_86' title='bbox 636 1808 719 1875; x_wconf 88' lang='grc'><strong>10</strong></span> <span class='ocrx_word' id='word_1_87' title='bbox 760 1808 906 1875; x_wconf 89' lang='lat' dir='ltr'><strong>Non</strong></span> <span class='ocrx_word' id='word_1_88' title='bbox 938 1829 1116 1874; x_wconf 87' lang='lat' dir='ltr'><strong>secus</strong></span> <span class='ocrx_word' id='word_1_89' title='bbox 1145 1831 1220 1873; x_wconf 77' lang='lat' dir='ltr'><strong>ac</strong></span> <span class='ocrx_word' id='word_1_90' title='bbox 1252 1810 1304 1872; x_wconf 88' lang='lat' dir='ltr'><strong>si</strong></span> <span class='ocrx_word' id='word_1_91' title='bbox 1337 1809 1514 1873; x_wconf 88' lang='lat' dir='ltr'><strong>oculo</strong></span> <span class='ocrx_word' id='word_1_92' title='bbox 1546 1811 1849 1875; x_wconf 81' lang='lat' dir='ltr'><strong>rubricam</strong></span> <span class='ocrx_word' id='word_1_93' title='bbox 1883 1812 2105 1896; x_wconf 76' lang='lat' dir='ltr'><strong>dirigat</strong></span> <span class='ocrx_word' id='word_1_94' title='bbox 2135 1831 2255 1873; x_wconf 93' lang='lat' dir='ltr'><strong>uno</strong></span> <span class='ocrx_word' id='word_1_95' title='bbox 2291 1808 2368 1892; x_wconf 85' lang='lat'><strong>[1,</strong></span> <span class='ocrx_word' id='word_1_96' title='bbox 2400 1809 2538 1891; x_wconf 88' lang='grc'><strong>66].</strong></span> 
     </span>
     <span class='ocr_line' id='line_1_15' title="bbox 758 1910 2645 1999; baseline 0 -23"><span class='ocrx_word' id='word_1_97' title='bbox 758 1911 857 1976; x_wconf 83' lang='lat' dir='ltr'><strong>llo</strong></span> <span class='ocrx_word' id='word_1_98' title='bbox 890 1932 1056 1976; x_wconf 81' lang='lat' dir='ltr'><strong>mare</strong></span> <span class='ocrx_word' id='word_1_99' title='bbox 1088 1912 1339 1996; x_wconf 80' lang='lat' dir='ltr'><strong>gargani</strong></span> <span class='ocrx_word' id='word_1_100' title='bbox 1374 1913 1676 1977; x_wconf 78' lang='lat' dir='ltr'><strong>concludit</strong></span> <span class='ocrx_word' id='word_1_101' title='bbox 1704 1913 1953 1999; x_wconf 82' lang='lat' dir='ltr'><strong>iaspidis</strong></span> <span class='ocrx_word' id='word_1_102' title='bbox 1986 1932 2092 1975; x_wconf 76' lang='lat' dir='ltr'><strong>orn</strong></span> <span class='ocrx_word' id='word_1_103' title='bbox 2138 1910 2359 1994; x_wconf 84' lang='lat' dir='ltr'><strong>[Prisc.</strong></span> <span class='ocrx_word' id='word_1_104' title='bbox 2396 1913 2645 1999; x_wconf 85' lang='lat' dir='ltr'><strong>perieg.</strong></span> 
     </span>
     <span class='ocr_line' id='line_1_16' title="bbox 758 2115 2646 2202; baseline 0.001 -20"><span class='ocrx_word' id='word_1_105' title='bbox 758 2116 913 2182; x_wconf 88' lang='lat' dir='ltr'><strong>Post</strong></span> <span class='ocrx_word' id='word_1_106' title='bbox 953 2115 1102 2180; x_wconf 78' lang='lat' dir='ltr'><strong>baec</strong></span> <span class='ocrx_word' id='word_1_107' title='bbox 1145 2126 1385 2180; x_wconf 75' lang='lat' dir='ltr'><strong>aretoas</strong></span> <span class='ocrx_word' id='word_1_108' title='bbox 1430 2115 1500 2179; x_wconf 75' lang='lat' dir='ltr'><strong>nd</strong></span> <span class='ocrx_word' id='word_1_109' title='bbox 1562 2128 1768 2202; x_wconf 84' lang='lat' dir='ltr'><strong>partes</strong></span> <span class='ocrx_word' id='word_1_110' title='bbox 1828 2117 2071 2202; x_wconf 81' lang='lat' dir='ltr'><strong>adspice</strong></span> <span class='ocrx_word' id='word_1_111' title='bbox 2131 2138 2342 2182; x_wconf 88' lang='lat' dir='ltr'><strong>rursus</strong></span> <span class='ocrx_word' id='word_1_112' title='bbox 2408 2116 2646 2199; x_wconf 86' lang='lat' dir='ltr'><strong>[Prisc.</strong></span> 
     </span>
     <span class='ocr_line' id='line_1_17' title="bbox 1666 2218 2107 2304; baseline -0.007 -21"><span class='ocrx_word' id='word_1_113' title='bbox 1666 2219 1898 2304; x_wconf 87' lang='lat' dir='ltr'><strong>perieg.</strong></span> <span class='ocrx_word' id='word_1_114' title='bbox 1936 2218 2107 2298; x_wconf 72' lang='lat'><strong>1281.</strong></span> 
     </span>
    </p>

    <p class='ocr_par' dir='ltr' id='par_1_6' title="bbox 762 2318 2645 2508">
     <span class='ocr_line' id='line_1_18' title="bbox 762 2318 2645 2405; baseline 0.002 -19"><span class='ocrx_word' id='word_1_115' title='bbox 762 2320 952 2387; x_wconf 85' lang='lat' dir='ltr'><strong>Cuius</strong></span> <span class='ocrx_word' id='word_1_116' title='bbox 1010 2321 1086 2386; x_wconf 77' lang='lat' dir='ltr'><strong>ad</strong></span> <span class='ocrx_word' id='word_1_117' title='bbox 1145 2332 1387 2386; x_wconf 76' lang='lat' dir='ltr'><strong>arctoas</strong></span> <span class='ocrx_word' id='word_1_118' title='bbox 1445 2332 1542 2387; x_wconf 86' lang='lat' dir='ltr'><strong>est</strong></span> <span class='ocrx_word' id='word_1_119' title='bbox 1597 2332 1801 2405; x_wconf 78' lang='lat' dir='ltr'><strong>partes</strong></span> <span class='ocrx_word' id='word_1_120' title='bbox 1861 2321 2121 2386; x_wconf 79' lang='lat' dir='ltr'><strong>barbara</strong></span> <span class='ocrx_word' id='word_1_121' title='bbox 2179 2318 2359 2386; x_wconf 82' lang='lat' dir='ltr'><strong>tellus</strong></span> <span class='ocrx_word' id='word_1_122' title='bbox 2410 2320 2645 2404; x_wconf 82' lang='lat' dir='ltr'><strong>[Prisc.</strong></span> 
     </span>
     <span class='ocr_line' id='line_1_19' title="bbox 1668 2423 2109 2508; baseline -0.002 -21"><span class='ocrx_word' id='word_1_123' title='bbox 1668 2423 1900 2508; x_wconf 86' lang='lat' dir='ltr'><strong>perieg.</strong></span> <span class='ocrx_word' id='word_1_124' title='bbox 1934 2423 2109 2503; x_wconf 77' lang='lat'><strong>291].</strong></span> 
     </span>
    </p>

    <p class='ocr_par' dir='ltr' id='par_1_7' title="bbox 757 2523 2652 2712">
     <span class='ocr_line' id='line_1_20' title="bbox 757 2523 2652 2612; baseline -0.001 -22"><span class='ocrx_word' id='word_1_125' title='bbox 757 2526 857 2590; x_wconf 84' lang='lat' dir='ltr'><strong>Ad</strong></span> <span class='ocrx_word' id='word_1_126' title='bbox 892 2526 1060 2591; x_wconf 83' lang='lat' dir='ltr'><strong>euius</strong></span> <span class='ocrx_word' id='word_1_127' title='bbox 1092 2527 1419 2612; x_wconf 84' lang='lat' dir='ltr'><strong>zephyrum</strong></span> <span class='ocrx_word' id='word_1_128' title='bbox 1453 2523 1760 2590; x_wconf 78' lang='lat' dir='ltr'><strong>Macetum</strong></span> <span class='ocrx_word' id='word_1_129' title='bbox 1795 2538 1938 2590; x_wconf 84' lang='lat' dir='ltr'><strong>sunt</strong></span> <span class='ocrx_word' id='word_1_130' title='bbox 1967 2527 2204 2591; x_wconf 77' lang='lat' dir='ltr'><strong>moenia</strong></span> <span class='ocrx_word' id='word_1_131' title='bbox 2231 2527 2400 2609; x_wconf 84' lang='lat' dir='ltr'><strong>regis</strong></span> <span class='ocrx_word' id='word_1_132' title='bbox 2414 2524 2652 2607; x_wconf 84' lang='lat' dir='ltr'><strong>[Prisc.</strong></span> 
     </span>
     <span class='ocr_line' id='line_1_21' title="bbox 1665 2628 2108 2712; baseline 0 -22"><span class='ocrx_word' id='word_1_133' title='bbox 1665 2628 1899 2712; x_wconf 85' lang='lat' dir='ltr'><strong>perieg.</strong></span> <span class='ocrx_word' id='word_1_134' title='bbox 1932 2628 2108 2708; x_wconf 77' lang='lat'><strong>2421.</strong></span> 
     </span>
    </p>

    <p class='ocr_par' dir='ltr' id='par_1_8' title="bbox 635 2728 2648 2812">
     <span class='ocr_line' id='line_1_22' title="bbox 635 2728 2648 2812; baseline 0.001 -20"><span class='ocrx_word' id='word_1_135' title='bbox 635 2729 715 2794; x_wconf 77' lang='lat'><strong>15</strong></span> <span class='ocrx_word' id='word_1_136' title='bbox 757 2728 1001 2794; x_wconf 90' lang='lat' dir='ltr'><strong>Plurior</strong></span> <span class='ocrx_word' id='word_1_137' title='bbox 1058 2730 1134 2793; x_wconf 77' lang='lat' dir='ltr'><strong>ad</strong></span> <span class='ocrx_word' id='word_1_138' title='bbox 1192 2730 1384 2794; x_wconf 88' lang='lat' dir='ltr'><strong>solem</strong></span> <span class='ocrx_word' id='word_1_139' title='bbox 1443 2728 1675 2794; x_wconf 77' lang='lat' dir='ltr'><strong>residet</strong></span> <span class='ocrx_word' id='word_1_140' title='bbox 1732 2730 1991 2794; x_wconf 82' lang='lat' dir='ltr'><strong>nudatus</strong></span> <span class='ocrx_word' id='word_1_141' title='bbox 2051 2731 2125 2794; x_wconf 77' lang='lat' dir='ltr'><strong>ab</strong></span> <span class='ocrx_word' id='word_1_142' title='bbox 2174 2731 2351 2795; x_wconf 87' lang='lat' dir='ltr'><strong>undis</strong></span> <span class='ocrx_word' id='word_1_143' title='bbox 2412 2729 2648 2812; x_wconf 88' lang='lat' dir='ltr'><strong>[Prisc.</strong></span> 
     </span>
    </p>

    <p class='ocr_par' dir='ltr' id='par_1_9' title="bbox 1669 2829 2332 2917">
     <span class='ocr_line' id='line_1_23' title="bbox 1669 2829 2332 2917; baseline 0 -22"><span class='ocrx_word' id='word_1_144' title='bbox 1669 2833 1897 2917; x_wconf 81' lang='lat' dir='ltr'><strong>perieg.</strong></span> <span class='ocrx_word' id='word_1_145' title='bbox 1926 2829 2101 2911; x_wconf 80' lang='grc'><strong>258].</strong></span> <span class='ocrx_word' id='word_1_146' title='bbox 2327 2831 2332 2834; x_wconf 66' lang='grc'><strong>’</strong></span> 
     </span>
    </p>
   </div>
   <div class='ocr_carea' id='block_1_4' title="bbox 592 3068 2655 4157">
    <p class='ocr_par' dir='ltr' id='par_1_10' title="bbox 656 3068 2655 3618">
     <span class='ocr_line' id='line_1_24' title="bbox 658 3068 2652 3138; baseline 0.001 -19"><span class='ocrx_word' id='word_1_147' title='bbox 658 3068 992 3132; x_wconf 56' lang='lat' dir='ltr'><strong>Pet-sionnam</strong></span> <span class='ocrx_word' id='word_1_148' title='bbox 1031 3069 1180 3120; x_wconf 86' lang='lat' dir='ltr'><strong>Serv.</strong></span> <span class='ocrx_word' id='word_1_149' title='bbox 1208 3069 1269 3118; x_wconf 76' lang='lat' dir='ltr'><strong>nd</strong></span> <span class='ocrx_word' id='word_1_150' title='bbox 1295 3069 1444 3132; x_wconf 77' lang='lat' dir='ltr'><strong>Virg.</strong></span> <span class='ocrx_word' id='word_1_151' title='bbox 1466 3068 1753 3133; x_wconf 58' lang='lat' dir='ltr'><strong>Georgdll,</strong></span> <span class='ocrx_word' id='word_1_152' title='bbox 1772 3069 1871 3121; x_wconf 75' lang='lat'><strong>403</strong></span> <span class='ocrx_word' id='word_1_153' title='bbox 1901 3069 2098 3120; x_wconf 75' lang='lat' dir='ltr'><strong>Horatii</strong></span> <span class='ocrx_word' id='word_1_154' title='bbox 2117 3068 2242 3135; x_wconf 79' lang='lat' dir='ltr'><strong>(snt.</strong></span> <span class='ocrx_word' id='word_1_155' title='bbox 2270 3069 2335 3131; x_wconf 83' lang='lat' dir='ltr'><strong>u,</strong></span> <span class='ocrx_word' id='word_1_156' title='bbox 2364 3072 2414 3130; x_wconf 84' lang='lat'><strong>5,</strong></span> <span class='ocrx_word' id='word_1_157' title='bbox 2442 3071 2512 3122; x_wconf 79' lang='lat'><strong>39</strong></span> <span class='ocrx_word' id='word_1_158' title='bbox 2530 3073 2652 3138; x_wconf 85' lang='lat' dir='ltr'><strong>sq.)</strong></span> 
     </span>
     <span class='ocr_line' id='line_1_25' title="bbox 658 3136 2655 3204; baseline 0.001 -15"><span class='ocrx_word' id='word_1_159' title='bbox 658 3138 825 3189; x_wconf 80' lang='lat' dir='ltr'><strong>Persii</strong></span> <span class='ocrx_word' id='word_1_160' title='bbox 875 3141 1094 3188; x_wconf 85' lang='lat' dir='ltr'><strong>nomine.</strong></span> <span class='ocrx_word' id='word_1_161' title='bbox 1154 3138 1315 3204; x_wconf 83' lang='lat' dir='ltr'><strong>Quem</strong></span> <span class='ocrx_word' id='word_1_162' title='bbox 1354 3140 1487 3188; x_wconf 83' lang='lat' dir='ltr'><strong>idem</strong></span> <span class='ocrx_word' id='word_1_163' title='bbox 1536 3140 1610 3204; x_wconf 89' lang='lat' dir='ltr'><strong>(p.</strong></span> <span class='ocrx_word' id='word_1_164' title='bbox 1640 3136 1732 3202; x_wconf 82' lang='lat' dir='ltr'><strong>Vl)</strong></span> <span class='ocrx_word' id='word_1_165' title='bbox 1780 3147 2139 3189; x_wconf 70' lang='lat' dir='ltr'><strong>commemorat</strong></span> <span class='ocrx_word' id='word_1_166' title='bbox 2187 3155 2266 3190; x_wconf 83' lang='lat' dir='ltr'><strong>vs.</strong></span> <span class='ocrx_word' id='word_1_167' title='bbox 2322 3139 2386 3190; x_wconf 76' lang='lat' dir='ltr'><strong>ab</strong></span> <span class='ocrx_word' id='word_1_168' title='bbox 2442 3138 2655 3191; x_wconf 77' lang='lat' dir='ltr'><strong>Isidoro</strong></span> 
     </span>
     <span class='ocr_line' id='line_1_26' title="bbox 657 3205 2655 3274; baseline 0.002 -18"><span class='ocrx_word' id='word_1_169' title='bbox 657 3205 863 3272; x_wconf 83' lang='lat' dir='ltr'><strong>(xvm‚</strong></span> <span class='ocrx_word' id='word_1_170' title='bbox 892 3209 947 3271; x_wconf 73' lang='lat'><strong>4)</strong></span> <span class='ocrx_word' id='word_1_171' title='bbox 998 3224 1026 3257; x_wconf 85' lang='lat' dir='ltr'><strong>e</strong></span> <span class='ocrx_word' id='word_1_172' title='bbox 1063 3207 1238 3258; x_wconf 78' lang='lat' dir='ltr'><strong>Persio</strong></span> <span class='ocrx_word' id='word_1_173' title='bbox 1276 3208 1566 3268; x_wconf 70' lang='lat' dir='ltr'><strong>laudatum,</strong></span> <span class='ocrx_word' id='word_1_174' title='bbox 1622 3206 1876 3271; x_wconf 74' lang='lat' dir='ltr'><strong>Propertii</strong></span> <span class='ocrx_word' id='word_1_175' title='bbox 1914 3223 2029 3258; x_wconf 81' lang='lat' dir='ltr'><strong>esse</strong></span> <span class='ocrx_word' id='word_1_176' title='bbox 2065 3205 2134 3273; x_wconf 89' lang='lat' dir='ltr'><strong>(V</strong></span> <span class='ocrx_word' id='word_1_177' title='bbox 2157 3206 2294 3274; x_wconf 71' lang='lat' dir='ltr'><strong>[IV]‚</strong></span> <span class='ocrx_word' id='word_1_178' title='bbox 2327 3210 2373 3271; x_wconf 83' lang='lat'><strong>1,</strong></span> <span class='ocrx_word' id='word_1_179' title='bbox 2407 3209 2495 3272; x_wconf 82' lang='lat'><strong>13)</strong></span> <span class='ocrx_word' id='word_1_180' title='bbox 2535 3225 2655 3260; x_wconf 86' lang='lat' dir='ltr'><strong>mo-</strong></span> 
     </span>
     <span class='ocr_line' id='line_1_27' title="bbox 659 3275 2654 3344; baseline 0.001 -18"><span class='ocrx_word' id='word_1_181' title='bbox 659 3277 771 3326; x_wconf 86' lang='lat' dir='ltr'><strong>nuit</strong></span> <span class='ocrx_word' id='word_1_182' title='bbox 819 3275 1123 3327; x_wconf 81' lang='lat' dir='ltr'><strong>Wiiltnerus</strong></span> <span class='ocrx_word' id='word_1_183' title='bbox 1157 3277 1241 3340; x_wconf 83' lang='lat' dir='ltr'><strong>(de</strong></span> <span class='ocrx_word' id='word_1_184' title='bbox 1276 3275 1431 3326; x_wconf 76' lang='lat' dir='ltr'><strong>Varr.</strong></span> <span class='ocrx_word' id='word_1_185' title='bbox 1461 3278 1608 3327; x_wconf 79' lang='lat' dir='ltr'><strong>Atnc.</strong></span> <span class='ocrx_word' id='word_1_186' title='bbox 1639 3292 1685 3342; x_wconf 91' lang='lat' dir='ltr'><strong>p.</strong></span> <span class='ocrx_word' id='word_1_187' title='bbox 1717 3276 1837 3337; x_wconf 83' lang='lat'><strong>32),</strong></span> <span class='ocrx_word' id='word_1_188' title='bbox 1891 3282 1944 3326; x_wconf 89' lang='lat' dir='ltr'><strong>et</strong></span> <span class='ocrx_word' id='word_1_189' title='bbox 1980 3276 2329 3342; x_wconf 74' lang='lat' dir='ltr'><strong>adscripscrat</strong></span> <span class='ocrx_word' id='word_1_190' title='bbox 2365 3279 2472 3344; x_wconf 82' lang='lat' dir='ltr'><strong>ipse</strong></span> <span class='ocrx_word' id='word_1_191' title='bbox 2511 3276 2654 3328; x_wconf 70' lang='lat' dir='ltr'><strong>Pas-</strong></span> 
     </span>
     <span class='ocr_line' id='line_1_28' title="bbox 656 3344 2651 3408; baseline 0.002 -13"><span class='ocrx_word' id='word_1_192' title='bbox 656 3347 832 3396; x_wconf 75' lang='lat' dir='ltr'><strong>sovits</strong></span> <span class='ocrx_word' id='word_1_193' title='bbox 881 3347 1098 3408; x_wconf 63' lang='lat' dir='ltr'><strong>margini</strong></span> <span class='ocrx_word' id='word_1_194' title='bbox 1152 3346 1394 3396; x_wconf 75' lang='lat' dir='ltr'><strong>editionis</strong></span> <span class='ocrx_word' id='word_1_195' title='bbox 1440 3360 1585 3395; x_wconf 78' lang='lat' dir='ltr'><strong>sune.</strong></span> <span class='ocrx_word' id='word_1_196' title='bbox 1660 3344 1865 3394; x_wconf 81' lang='lat' dir='ltr'><strong>Similes</strong></span> <span class='ocrx_word' id='word_1_197' title='bbox 1929 3348 2372 3408; x_wconf 67' lang='lat' dir='ltr'><strong>grammaticorum</strong></span> <span class='ocrx_word' id='word_1_198' title='bbox 2427 3361 2651 3398; x_wconf 81' lang='lat' dir='ltr'><strong>errores</strong></span> 
     </span>
     <span class='ocr_line' id='line_1_29' title="bbox 657 3412 2650 3480; baseline 0.001 -15"><span class='ocrx_word' id='word_1_199' title='bbox 657 3415 794 3465; x_wconf 79' lang='lat' dir='ltr'><strong>bnud</strong></span> <span class='ocrx_word' id='word_1_200' title='bbox 843 3429 960 3465; x_wconf 70' lang='lat' dir='ltr'><strong>raro</strong></span> <span class='ocrx_word' id='word_1_201' title='bbox 1008 3415 1229 3465; x_wconf 82' lang='lat' dir='ltr'><strong>inveniri</strong></span> <span class='ocrx_word' id='word_1_202' title='bbox 1281 3421 1456 3464; x_wconf 88' lang='lat' dir='ltr'><strong>notnm</strong></span> <span class='ocrx_word' id='word_1_203' title='bbox 1492 3421 1591 3465; x_wconf 88' lang='lat' dir='ltr'><strong>est.</strong></span> <span class='ocrx_word' id='word_1_204' title='bbox 1655 3412 1731 3463; x_wconf 78' lang='lat' dir='ltr'><strong>itn</strong></span> <span class='ocrx_word' id='word_1_205' title='bbox 1777 3413 2087 3464; x_wconf 88' lang='lat' dir='ltr'><strong>Consentius</strong></span> <span class='ocrx_word' id='word_1_206' title='bbox 2126 3430 2173 3480; x_wconf 90' lang='lat' dir='ltr'><strong>p.</strong></span> <span class='ocrx_word' id='word_1_207' title='bbox 2211 3415 2344 3467; x_wconf 84' lang='lat'><strong>203⁰</strong></span> <span class='ocrx_word' id='word_1_208' title='bbox 2372 3413 2427 3464; x_wconf 92' lang='grc' dir='ltr'><strong>Ρ.</strong></span> <span class='ocrx_word' id='word_1_209' title='bbox 2471 3418 2650 3467; x_wconf 82' lang='lat' dir='ltr'><strong>nostri</strong></span> 
     </span>
     <span class='ocr_line' id='line_1_30' title="bbox 657 3480 2651 3550; baseline 0.003 -19"><span class='ocrx_word' id='word_1_210' title='bbox 657 3499 738 3533; x_wconf 78' lang='lat' dir='ltr'><strong>vs.</strong></span> <span class='ocrx_word' id='word_1_211' title='bbox 778 3483 928 3533; x_wconf 73' lang='lat' dir='ltr'><strong>effert</strong></span> <span class='ocrx_word' id='word_1_212' title='bbox 963 3490 1203 3550; x_wconf 74' lang='lat' dir='ltr'><strong>tanquam</strong></span> <span class='ocrx_word' id='word_1_213' title='bbox 1242 3482 1474 3545; x_wconf 76' lang='lat' dir='ltr'><strong>Horntii3</strong></span> <span class='ocrx_word' id='word_1_214' title='bbox 1513 3482 1682 3532; x_wconf 83' lang='lat' dir='ltr'><strong>schol.</strong></span> <span class='ocrx_word' id='word_1_215' title='bbox 1719 3482 1841 3533; x_wconf 78' lang='lat' dir='ltr'><strong>Hor.</strong></span> <span class='ocrx_word' id='word_1_216' title='bbox 1883 3483 2064 3533; x_wconf 68' lang='lat' dir='ltr'><strong>Carm:</strong></span> <span class='ocrx_word' id='word_1_217' title='bbox 2092 3482 2133 3544; x_wconf 85' lang='grc'><strong>1,</strong></span> <span class='ocrx_word' id='word_1_218' title='bbox 2168 3484 2222 3545; x_wconf 86' lang='lat'><strong>2,</strong></span> <span class='ocrx_word' id='word_1_219' title='bbox 2251 3483 2281 3534; x_wconf 82' lang='lat'>9</span> <span class='ocrx_word' id='word_1_220' title='bbox 2319 3497 2398 3532; x_wconf 82' lang='lat' dir='ltr'><strong>vs.</strong></span> <span class='ocrx_word' id='word_1_221' title='bbox 2424 3480 2651 3547; x_wconf 69' lang='lat' dir='ltr'><strong>virgilii</strong></span> 
     </span>
     <span class='ocr_line' id='line_1_31' title="bbox 656 3549 2607 3618; baseline 0.001 -16"><span class='ocrx_word' id='word_1_222' title='bbox 656 3551 868 3615; x_wconf 69' lang='lat' dir='ltr'><strong>(Georg.</strong></span> <span class='ocrx_word' id='word_1_223' title='bbox 900 3552 940 3613; x_wconf 87' lang='lat'><strong>1,</strong></span> <span class='ocrx_word' id='word_1_224' title='bbox 969 3553 1059 3617; x_wconf 79' lang='lat'><strong>62)</strong></span> <span class='ocrx_word' id='word_1_225' title='bbox 1100 3560 1155 3602; x_wconf 88' lang='lat' dir='ltr'><strong>ut</strong></span> <span class='ocrx_word' id='word_1_226' title='bbox 1193 3551 1470 3602; x_wconf 70' lang='lat' dir='ltr'><strong>luvenalis.</strong></span> <span class='ocrx_word' id='word_1_227' title='bbox 1512 3552 1591 3600; x_wconf 78' lang='lat' dir='ltr'><strong>ef.</strong></span> <span class='ocrx_word' id='word_1_228' title='bbox 1632 3550 1891 3601; x_wconf 79' lang='lat' dir='ltr'><strong>Weberus</strong></span> <span class='ocrx_word' id='word_1_229' title='bbox 1929 3552 1990 3601; x_wconf 78' lang='lat' dir='ltr'><strong>nd</strong></span> <span class='ocrx_word' id='word_1_230' title='bbox 2029 3550 2186 3601; x_wconf 79' lang='lat' dir='ltr'><strong>schol.</strong></span> <span class='ocrx_word' id='word_1_231' title='bbox 2224 3550 2421 3602; x_wconf 75' lang='lat' dir='ltr'><strong>Lucan.</strong></span> <span class='ocrx_word' id='word_1_232' title='bbox 2449 3567 2501 3618; x_wconf 88' lang='lat' dir='ltr'><strong>p.</strong></span> <span class='ocrx_word' id='word_1_233' title='bbox 2529 3549 2607 3603; x_wconf 81' lang='lat' dir='ltr'><strong>X.</strong></span> 
     </span>
    </p>

    <p class='ocr_par' dir='ltr' id='par_1_11' title="bbox 592 3619 2651 4157">
     <span class='ocr_line' id='line_1_32' title="bbox 592 3619 2642 3685; baseline -0 -11"><span class='ocrx_word' id='word_1_234' title='bbox 592 3623 613 3674; x_wconf 84' lang='lat'>1</span> <span class='ocrx_word' id='word_1_235' title='bbox 658 3619 722 3670; x_wconf 86' lang='lat' dir='ltr'><strong>V.</strong></span> <span class='ocrx_word' id='word_1_236' title='bbox 765 3623 793 3670; x_wconf 87' lang='grc'>5</span> <span class='ocrx_word' id='word_1_237' title='bbox 835 3621 869 3670; x_wconf 94' lang='grc'><strong>1.</strong></span> <span class='ocrx_word' id='word_1_238' title='bbox 905 3623 1195 3671; x_wconf 69' lang='lat' dir='ltr'><strong>absinthia.</strong></span> <span class='ocrx_word' id='word_1_239' title='bbox 1250 3636 1301 3671; x_wconf 81' lang='grc' dir='ltr'><strong>ν.</strong></span> <span class='ocrx_word' id='word_1_240' title='bbox 1343 3621 1373 3671; x_wconf 85' lang='grc'><strong>6</strong></span> <span class='ocrx_word' id='word_1_241' title='bbox 1413 3620 1449 3670; x_wconf 86' lang='grc' dir='ltr'><strong>Ι.</strong></span> <span class='ocrx_word' id='word_1_242' title='bbox 1488 3624 1828 3673; x_wconf 69' lang='lat' dir='ltr'><strong>numerosis..</strong></span> <span class='ocrx_word' id='word_1_243' title='bbox 1858 3637 1906 3671; x_wconf 88' lang='lat' dir='ltr'><strong>v.</strong></span> <span class='ocrx_word' id='word_1_244' title='bbox 1949 3622 1977 3672; x_wconf 90' lang='grc'><strong>7</strong></span> <span class='ocrx_word' id='word_1_245' title='bbox 2016 3620 2054 3671; x_wconf 83' lang='grc' dir='ltr'><strong>Ι.</strong></span> <span class='ocrx_word' id='word_1_246' title='bbox 2096 3621 2362 3685; x_wconf 70' lang='grc' dir='ltr'><strong>ριιίρυίε.</strong></span> <span class='ocrx_word' id='word_1_247' title='bbox 2426 3635 2480 3670; x_wconf 81' lang='lat' dir='ltr'><strong>v.</strong></span> <span class='ocrx_word' id='word_1_248' title='bbox 2523 3622 2558 3673; x_wconf 89' lang='grc'>8</span> <span class='ocrx_word' id='word_1_249' title='bbox 2597 3622 2642 3672; x_wconf 89' lang='lat'><strong>1.</strong></span> 
     </span>
     <span class='ocr_line' id='line_1_33' title="bbox 659 3687 2651 3755; baseline 0.001 -18"><span class='ocrx_word' id='word_1_250' title='bbox 659 3687 871 3752; x_wconf 80' lang='lat' dir='ltr'><strong>quando</strong></span> <span class='ocrx_word' id='word_1_251' title='bbox 894 3690 1025 3739; x_wconf 79' lang='lat' dir='ltr'><strong>leaeo</strong></span> <span class='ocrx_word' id='word_1_252' title='bbox 1052 3696 1106 3738; x_wconf 78' lang='lat' dir='ltr'><strong>ee</strong></span> <span class='ocrx_word' id='word_1_253' title='bbox 1130 3708 1176 3740; x_wconf 78' lang='lat' dir='ltr'><strong>c.</strong></span> <span class='ocrx_word' id='word_1_254' title='bbox 1224 3706 1276 3740; x_wconf 78' lang='grc' dir='ltr'><strong>ν.</strong></span> <span class='ocrx_word' id='word_1_255' title='bbox 1311 3690 1363 3741; x_wconf 85' lang='lat' dir='ltr'><strong>tl</strong></span> <span class='ocrx_word' id='word_1_256' title='bbox 1395 3689 1432 3740; x_wconf 85' lang='grc' dir='ltr'><strong>Ι.</strong></span> <span class='ocrx_word' id='word_1_257' title='bbox 1461 3689 1570 3739; x_wconf 84' lang='lat' dir='ltr'><strong>Hoc</strong></span> <span class='ocrx_word' id='word_1_258' title='bbox 1595 3705 1665 3739; x_wconf 81' lang='lat' dir='ltr'><strong>m.</strong></span> <span class='ocrx_word' id='word_1_259' title='bbox 1694 3717 1758 3725; x_wconf 89' lang='lat'><strong>—-</strong></span> <span class='ocrx_word' id='word_1_260' title='bbox 1785 3689 2027 3755; x_wconf 73' lang='lat' dir='ltr'><strong>Iapygis.</strong></span> <span class='ocrx_word' id='word_1_261' title='bbox 2080 3704 2131 3738; x_wconf 87' lang='lat' dir='ltr'><strong>v.</strong></span> <span class='ocrx_word' id='word_1_262' title='bbox 2172 3689 2233 3739; x_wconf 88' lang='grc'><strong>15</strong></span> <span class='ocrx_word' id='word_1_263' title='bbox 2268 3689 2299 3738; x_wconf 94' lang='grc' dir='ltr'><strong>Ι.</strong></span> <span class='ocrx_word' id='word_1_264' title='bbox 2334 3689 2545 3740; x_wconf 81' lang='lat' dir='ltr'><strong>Purior·</strong></span> <span class='ocrx_word' id='word_1_265' title='bbox 2574 3716 2651 3729; x_wconf 90' lang='lat'><strong>-—-</strong></span> 
     </span>
     <span class='ocr_line' id='line_1_34' title="bbox 658 3755 2646 3821; baseline 0.002 -15"><span class='ocrx_word' id='word_1_266' title='bbox 658 3755 884 3806; x_wconf 75' lang='lat' dir='ltr'><strong>renidet.</strong></span> <span class='ocrx_word' id='word_1_267' title='bbox 946 3772 1000 3806; x_wconf 87' lang='lat' dir='ltr'><strong>v.</strong></span> <span class='ocrx_word' id='word_1_268' title='bbox 1044 3759 1105 3808; x_wconf 76' lang='lat'><strong>¹6</strong></span> <span class='ocrx_word' id='word_1_269' title='bbox 1145 3760 1178 3808; x_wconf 92' lang='grc' dir='ltr'><strong>Ι.</strong></span> <span class='ocrx_word' id='word_1_270' title='bbox 1219 3758 1450 3808; x_wconf 75' lang='lat' dir='ltr'><strong>Aridum</strong></span> <span class='ocrx_word' id='word_1_271' title='bbox 1475 3763 1528 3807; x_wconf 77' lang='lat' dir='ltr'><strong>et</strong></span> <span class='ocrx_word' id='word_1_272' title='bbox 1552 3773 1644 3808; x_wconf 86' lang='lat' dir='ltr'><strong>ore</strong></span> <span class='ocrx_word' id='word_1_273' title='bbox 1661 3757 1710 3820; x_wconf 76' lang='lat' dir='ltr'><strong>f.</strong></span> <span class='ocrx_word' id='word_1_274' title='bbox 1785 3773 1838 3806; x_wconf 87' lang='lat' dir='ltr'><strong>v.</strong></span> <span class='ocrx_word' id='word_1_275' title='bbox 1881 3759 1940 3808; x_wconf 81' lang='lat'><strong>17</strong></span> <span class='ocrx_word' id='word_1_276' title='bbox 1983 3757 2017 3807; x_wconf 92' lang='grc' dir='ltr'><strong>Ι.</strong></span> <span class='ocrx_word' id='word_1_277' title='bbox 2059 3755 2376 3821; x_wconf 77' lang='lat' dir='ltr'><strong>Noriciique</strong></span> <span class='ocrx_word' id='word_1_278' title='bbox 2400 3784 2466 3795; x_wconf 90' lang='lat'>—</span> <span class='ocrx_word' id='word_1_279' title='bbox 2490 3758 2646 3809; x_wconf 74' lang='lat' dir='ltr'><strong>Pan·</strong></span> 
     </span>
     <span class='ocr_line' id='line_1_35' title="bbox 658 3825 2648 3894; baseline 0.003 -20"><span class='ocrx_word' id='word_1_280' title='bbox 658 3826 931 3889; x_wconf 75' lang='lat' dir='ltr'><strong>noniique.</strong></span> <span class='ocrx_word' id='word_1_281' title='bbox 986 3841 1035 3875; x_wconf 89' lang='lat' dir='ltr'><strong>v.</strong></span> <span class='ocrx_word' id='word_1_282' title='bbox 1065 3828 1126 3877; x_wconf 84' lang='grc'><strong>18</strong></span> <span class='ocrx_word' id='word_1_283' title='bbox 1162 3827 1198 3877; x_wconf 94' lang='lat' dir='ltr'><strong>l.</strong></span> <span class='ocrx_word' id='word_1_284' title='bbox 1228 3830 1401 3877; x_wconf 73' lang='lat' dir='ltr'><strong>venius</strong></span> <span class='ocrx_word' id='word_1_285' title='bbox 1422 3832 1654 3894; x_wconf 81' lang='lat' dir='ltr'><strong>generat</strong></span> <span class='ocrx_word' id='word_1_286' title='bbox 1677 3841 1831 3893; x_wconf 80' lang='lat' dir='ltr'><strong>quae.</strong></span> <span class='ocrx_word' id='word_1_287' title='bbox 1868 3854 1940 3863; x_wconf 91' lang='lat'><strong>-—</strong></span> <span class='ocrx_word' id='word_1_288' title='bbox 1970 3825 2265 3891; x_wconf 77' lang='lat' dir='ltr'><strong>Adscripsi,</strong></span> <span class='ocrx_word' id='word_1_289' title='bbox 2304 3841 2432 3891; x_wconf 86' lang='lat' dir='ltr'><strong>qnos</strong></span> <span class='ocrx_word' id='word_1_290' title='bbox 2457 3829 2648 3879; x_wconf 70' lang='lat' dir='ltr'><strong>stati-1</strong></span> 
     </span>
     <span class='ocr_line' id='line_1_36' title="bbox 658 3894 2647 3962; baseline 0.003 -19"><span class='ocrx_word' id='word_1_291' title='bbox 658 3894 829 3944; x_wconf 86' lang='lat' dir='ltr'><strong>inveni</strong></span> <span class='ocrx_word' id='word_1_292' title='bbox 880 3899 1155 3954; x_wconf 75' lang='lat' dir='ltr'><strong>auctores,</strong></span> <span class='ocrx_word' id='word_1_293' title='bbox 1216 3897 1266 3944; x_wconf 91' lang='lat' dir='ltr'><strong>in</strong></span> <span class='ocrx_word' id='word_1_294' title='bbox 1328 3896 1520 3960; x_wconf 84' lang='lat' dir='ltr'><strong>quibus</strong></span> <span class='ocrx_word' id='word_1_295' title='bbox 1581 3896 1887 3962; x_wconf 74' lang='lat' dir='ltr'><strong>quaerendis</strong></span> <span class='ocrx_word' id='word_1_296' title='bbox 1940 3895 2076 3944; x_wconf 81' lang='lat' dir='ltr'><strong>nolui</strong></span> <span class='ocrx_word' id='word_1_297' title='bbox 2122 3894 2336 3945; x_wconf 82' lang='lat' dir='ltr'><strong>multum</strong></span> <span class='ocrx_word' id='word_1_298' title='bbox 2388 3896 2647 3962; x_wconf 80' lang='lat' dir='ltr'><strong>temporis</strong></span> 
     </span>
     <span class='ocr_line' id='line_1_37' title="bbox 658 3962 2647 4029; baseline 0.002 -17"><span class='ocrx_word' id='word_1_299' title='bbox 658 3963 890 4029; x_wconf 83' lang='lat' dir='ltr'><strong>perdere.</strong></span> <span class='ocrx_word' id='word_1_300' title='bbox 948 3962 1187 4012; x_wconf 88' lang='lat' dir='ltr'><strong>Ceterum</strong></span> <span class='ocrx_word' id='word_1_301' title='bbox 1224 3964 1443 4013; x_wconf 77' lang='lat' dir='ltr'><strong>Per-sim</strong></span> <span class='ocrx_word' id='word_1_302' title='bbox 1479 3971 1530 4014; x_wconf 80' lang='lat' dir='ltr'><strong>et</strong></span> <span class='ocrx_word' id='word_1_303' title='bbox 1565 3965 1882 4014; x_wconf 73' lang='lat' dir='ltr'><strong>Priscianus</strong></span> <span class='ocrx_word' id='word_1_304' title='bbox 1919 3963 2070 4015; x_wconf 73' lang='lat' dir='ltr'><strong>facile</strong></span> <span class='ocrx_word' id='word_1_305' title='bbox 2106 3970 2385 4028; x_wconf 81' lang='lat' dir='ltr'><strong>potnerunt</strong></span> <span class='ocrx_word' id='word_1_306' title='bbox 2420 3964 2647 4016; x_wconf 73' lang='lat' dir='ltr'><strong>confun-</strong></span> 
     </span>
     <span class='ocr_line' id='line_1_38' title="bbox 655 4029 2641 4102; baseline 0.002 -20"><span class='ocrx_word' id='word_1_307' title='bbox 655 4032 741 4092; x_wconf 84' lang='lat' dir='ltr'><strong>di,</strong></span> <span class='ocrx_word' id='word_1_308' title='bbox 797 4046 909 4082; x_wconf 89' lang='lat' dir='ltr'><strong>cum</strong></span> <span class='ocrx_word' id='word_1_309' title='bbox 947 4039 1216 4098; x_wconf 84' lang='lat' dir='ltr'><strong>utrumque</strong></span> <span class='ocrx_word' id='word_1_310' title='bbox 1254 4048 1430 4082; x_wconf 85' lang='lat' dir='ltr'><strong>nomen</strong></span> <span class='ocrx_word' id='word_1_311' title='bbox 1470 4033 1556 4083; x_wconf 72' lang='lat' dir='ltr'><strong>Ps.</strong></span> <span class='ocrx_word' id='word_1_312' title='bbox 1603 4040 1890 4086; x_wconf 69' lang='lat' dir='ltr'><strong>nottretur.</strong></span> <span class='ocrx_word' id='word_1_313' title='bbox 1974 4034 2026 4084; x_wconf 79' lang='lat' dir='ltr'><strong>ln</strong></span> <span class='ocrx_word' id='word_1_314' title='bbox 2066 4032 2174 4083; x_wconf 89' lang='lat' dir='ltr'><strong>loco</strong></span> <span class='ocrx_word' id='word_1_315' title='bbox 2210 4030 2285 4084; x_wconf 85' lang='lat' dir='ltr'><strong>lo.</strong></span> <span class='ocrx_word' id='word_1_316' title='bbox 2322 4048 2353 4084; x_wconf 75' lang='grc' dir='ltr'>ι</span> <span class='ocrx_word' id='word_1_317' title='bbox 2386 4029 2548 4086; x_wconf 70' lang='lat' dir='ltr'><strong>lanua</strong></span> <span class='ocrx_word' id='word_1_318' title='bbox 2583 4050 2641 4102; x_wconf 80' lang='lat' dir='ltr'><strong>p.</strong></span> 
     </span>
     <span class='ocr_line' id='line_1_39' title="bbox 658 4100 1724 4157; baseline -0.004 -3"><span class='ocrx_word' id='word_1_319' title='bbox 658 4101 757 4154; x_wconf 81' lang='lat'><strong>307</strong></span> <span class='ocrx_word' id='word_1_320' title='bbox 796 4117 846 4152; x_wconf 92' lang='lat' dir='ltr'><strong>n.</strong></span> <span class='ocrx_word' id='word_1_321' title='bbox 884 4102 918 4157; x_wconf 81' lang='grc'><strong>2</strong></span> <span class='ocrx_word' id='word_1_322' title='bbox 954 4100 1115 4153; x_wconf 72' lang='lat' dir='ltr'><strong>allato</strong></span> <span class='ocrx_word' id='word_1_323' title='bbox 1150 4100 1245 4153; x_wconf 77' lang='lat' dir='ltr'><strong>Pe.</strong></span> <span class='ocrx_word' id='word_1_324' title='bbox 1282 4109 1361 4153; x_wconf 80' lang='lat' dir='ltr'><strong>est</strong></span> <span class='ocrx_word' id='word_1_325' title='bbox 1404 4101 1724 4154; x_wconf 73' lang='lat' dir='ltr'><strong>Priscianus.</strong></span> 
     </span>
    </p>
   </div>
   <div class='ocr_carea' id='block_1_5' title="bbox 502 4449 675 4554">
    <p class='ocr_par' dir='ltr' id='par_1_12' title="bbox 502 4449 675 4554">
     <span class='ocr_line' id='line_1_40' title="bbox 502 4449 675 4554; baseline 0 -102"><span class='ocrx_word' id='word_1_326' title='bbox 502 4449 675 4554; x_wconf 28' lang='grc' dir='ltr'><strong>,Ἣ</strong></span> 
     </span>
    </p>
   </div>
  </div>
 </body>
</html>
