2764 4738
730 404 992 469 scum„
1037 404 1143 468 AD
1192 404 1362 469 SAT.
1404 405 1477 482 11,
1528 411 1825 472 11—15.
2166 403 2293 473 281

246 575 430 639 euiem
468 576 660 656 ponit,
703 575 854 658 quod
894 589 992 639 unt
1028 578 1154 659 ipse
1197 580 1273 639 sit
1315 575 1458 640 deus
1501 579 1681 652 lucri,
1726 589 1826 639 unt
1866 574 2017 660 quod
2058 576 2290 642 divitiae

245 683 358 723 non
388 663 515 724 sine
544 663 840 723 virtutibus
870 665 1268 745 acquirantur,
1312 676 1412 725 sut
1440 663 1592 745 qnod
1620 664 1897 725 Hercules
1926 664 2126 726 labore
2156 685 2291 745 pro·

244 750 371 828 prio
416 750 603 809 omnia
640 746 878 828 adeptus
920 760 1013 810 est
1055 749 1224 809 boun.
1426 751 1605 810 Seria
1624 794 1644 822 ‚
1706 748 1914 810 dolium
1966 750 2140 811 fictile
2185 751 2289 812 ob-

247 833 341 893 lon
425 853 498 892 m.

344 854 519 981 suffl-
564 919 930 998 Pupillumve
959 920 1203 978 nubtam.
1260 912 1393 979 Non
1435 920 1629 999 utique
1659 920 1819 980 cuins
1849 931 2004 981 tutor
2030 921 2141 993 sit,
2182 919 2291 982 sed
2349 976 2357 983 .

244 1022 481 1083 puerum
524 1002 708 1064 adhuc
748 1006 899 1064 inter
939 1005 1247 1084 pupillares
1287 1006 1651 1065 constitutum
1692 1025 1903 1078 annos,
1948 1017 2009 1066 et
2046 1004 2291 1067 nondum

244 1091 370 1149 sine
401 1088 580 1149 tutela
617 1095 674 1161 ¹,
718 1091 879 1150 cuius
910 1087 1192 1151 secundus
1222 1090 1397 1151 heres
1429 1090 1763 1150 substitutus
1793 1101 1917 1151 est:
1963 1111 2129 1172 quem
2158 1112 2289 1154 sca-

242 1173 461 1234 biosum
517 1174 887 1255 biliosumqne
943 1186 1003 1235 et
1043 1175 1306 1235 vitiosum
1350 1173 1482 1235 ideo
1528 1174 1698 1249 dicit,
1753 1186 2014 1257 tanquam
2060 1196 2135 1239 ex
2179 1177 2287 1238 hoc

247 1270 448 1340 speret
477 1260 725 1320 celerius
754 1263 1102 1320 moriturum.

420 1363 520 1423 13.
563 1363 922 1442 Emungam
940 1406 959 1435 ‚
1017 1364 1246 1442 proprie
1293 1363 1452 1422 forus
1497 1363 1734 1425 mittam.
1817 1363 2052 1425 *Troe
2070 1373 2213 1424 tum
2252 1384 2290 1424 a

243 1445 638 1519 militibus,
715 1450 836 1528 qni
891 1449 1244 1527 expuncti
1302 1445 1696 1521 dicuntur,
1755 1446 1909 1508 dnm
1971 1450 2192 1510 foras
2250 1468 2289 1511 a

240 1531 512 1592 militie
556 1535 1008 1593 emittuntur
1038 1539 1097 1607 2,
1162 1533 1598 1613 metaphora
1655 1554 1689 1592 a
1731 1533 1972 1607 bello,
2027 1535 2098 1593 in
2147 1554 2288 1616 quo

241 1614 478 1678 eaden
498 1627 605 1690 te,
648 1619 768 1698 qni
812 1620 1095 1697 primus
1139 1629 1291 1691 est,
1341 1621 2043 1692 succenturiatur,⁴‘
2087 1618 2147 1680 id
2175 1630 2290 1695 est,

239 1702 585 1781 subrogatur
612 1701 882 1776 *alins,
911 1703 938 1731 *
981 1704 1073 1763 cni
1114 1713 1338 1763 mortno
1367 1701 1647 1763 sccundus
1674 1703 1944 1764 succedit.
2004 1701 2201 1765 Itidem
2230 1705 2288 1765 in

242 1787 544 1866 stipendiis
576 1791 604 1828 ⁸
645 1807 751 1866 pro
796 1789 1011 1848 meritis
1055 1789 1340 1867 accipiunt
1368 1787 1725 1861 mercedem,
1769 1802 1829 1849 et
1857 1790 2037 1869 primo
2065 1801 2288 1850 mortno

242 1870 529 1932 secundus
560 1871 840 1933 succedit.
976 1875 1224 1952 Impello
1263 1884 1450 1933 nutem
1481 1876 1590 1944 ait,
1620 1871 1677 1932 id
1707 1884 1830 1945 est,
1861 1894 2201 1954 prosequor.

240 1959 512 2036 Namque
541 1968 637 2017 est
658 1959 979 2018 scabiosus.
1038 1958 1247 2019 Merito
1292 1964 1523 2037 sperat,
1570 1978 1696 2018 cnm
1742 1977 1878 2019 esse
1909 1960 2025 2019 cito
2052 1961 2288 2020 moritu-

240 2061 397 2115 rum,
431 2053 491 2101 et
520 2040 662 2102 deos
691 2053 997 2121 precatur,
1046 2045 1140 2124 qui
1185 2044 1337 2104 illum
1386 2040 1619 2103 videant
1647 2055 1707 2104 et
1734 2044 1960 2123 plenum
1991 2044 2184 2105 scabie
2224 2055 2290 2105 et

239 2127 571 2187 vehementi
611 2128 843 2188 cholera
893 2130 1246 2208 frequentius
1290 2131 1552 2190 excitari.
1725 2132 1810 2190 Et
1847 2131 1985 2190 aeri
2023 2131 2137 2192 bile
2150 2175 2176 2204 ,
2230 2127 2289 2191 id

259 2222 350 2272 est
398 2212 793 2272 melancholia.

415 2318 516 2378 14.
575 2315 761 2375 Nerio
804 2316 920 2375 iam
970 2317 1167 2376 tertia.
1232 2313 1456 2377 Nomen
1488 2317 1676 2378 fictum
1722 2326 1832 2378 est.
1903 2315 1932 2344 ¹*
1960 2315 2286 2378 Nerius*

243 2397 465 2481 quidam
494 2399 775 2462 *morte
806 2402 1198 2480 coniugum
1242 2402 1803 2483 locupletatus,
1834 2402 2288 2465 foenerator

241 2488 501 2547 factus
547 2495 664 2547 est
705 2488 1191 2560 notissimus,
1239 2484 1324 2547 de
1370 2509 1506 2569 quo
1555 2489 1908 2549 Horatius
1941 2490 2141 2551 ⁴nit=

661 2573 941 2632 Scribe
984 2575 1240 2632 decem
1282 2574 1603 2636 Neruo*

244 2653 381 2729 1110,
426 2656 636 2737 inquit,
679 2657 1005 2717 nobilitatus
1062 2660 1335 2736 coniuges
1395 2657 1752 2731 tumulando,
1818 2677 1947 2719 men
1989 2678 2136 2718 uxor
2178 2679 2287 2721 nec

242 2752 551 2820 aegrotare
595 2744 823 2821 patitur.
893 2743 1098 2804 *Dos
1143 2746 1335 2804 enim
1401 2765 1436 2805 a
1487 2745 1652 2805 cive
1709 2743 2030 2804 Romano
2074 2742 2288 2820 datu,

244 2847 373 2886 non
420 2846 505 2887 ex
547 2830 799 2907 patrio
856 2828 1520 2901 dicta⁸nomine⁶‚
1580 2831 1645 2889 si
1703 2828 2091 2909 repudium
2143 2851 2285 2891 non

242 2912 794 2987 intervenerit,
866 2926 1040 2996 post
1109 2926 1417 2976 mortem
1488 2917 1747 2976 uxoris
1817 2913 1904 2975 nd
1960 2918 2286 2977 meritum

243 3000 584 3079 pertinet
624 3004 664 3059 ⁷.
696 3004 724 3037 ⁴¹

417 3105 520 3163 15.
566 3104 728 3161 Haec
755 3113 960 3162 sancte
1005 3113 1074 3162 ut
1105 3123 1340 3181 poscas·
1405 3102 1722 3182 Tempore,
1766 3123 1876 3183 quo
1919 3102 2063 3162 haee
2092 3112 2286 3181 postu·

243 3186 361 3259 iss,
406 3188 546 3260 ω’,
591 3189 841 3267 quisquis
883 3208 950 3248 es
996 3208 1236 3262 avarus,
1279 3200 1445 3269 putas
1490 3200 1548 3249 te
1581 3200 1741 3249 caste
1773 3199 2007 3268 petere,
2057 3188 2106 3247 si
2137 3187 2285 3249 lotus

240 3273 511 3352 petieris,
543 3272 690 3332 lotus
720 3286 1029 3355 propterea
1060 3272 1207 3354 quod
1237 3286 1515 3335 nocturno
1546 3276 1699 3335 coitu
1729 3276 1808 3335 sis
1840 3274 2179 3353 inquinatus.

245 3470 270 3524 1
309 3485 441 3521 snae
478 3469 684 3522 tutelae
717 3471 800 3523 ed.
841 3488 922 3540 pr.
960 3473 1074 3525 cod.
1114 3471 1236 3526 Per.

241 3540 277 3594 2
312 3555 434 3591 cum
456 3542 607 3591 eran·
626 3540 852 3592 militiae
876 3545 1018 3592 ceris
1042 3545 1346 3594 mittuntur
1371 3542 1432 3594 C.
1460 3543 1643 3595 Barth.
1670 3543 1707 3595 1.
1736 3543 1774 3594 1.

242 3609 275 3662 3
310 3607 670 3674 suscipt‘endis
693 3610 774 3660 ed.
806 3625 884 3676 pr.
922 3611 1196 3678 sopiendis
1220 3611 1302 3663 ed.
1329 3610 1450 3663 Per.

241 3679 276 3730 ⁴
312 3676 438 3728 Hor.
477 3685 579 3728 snt.
617 3677 683 3742 11,
723 3679 776 3742 3,
816 3678 902 3731 69.

244 3747 275 3799 ⁵
311 3745 522 3796 dictata
546 3745 667 3797 Vin.
703 3751 891 3812 putris
913 3747 1108 3799 dotata
1133 3747 1217 3799 ed.
1244 3763 1324 3815 pr.

242 3815 275 3867 ὅ
311 3813 372 3867 C.
409 3814 607 3866 Barthii
644 3816 937 3867 membrana
976 3816 1154 3868 additz
1192 3823 1293 3869 aut
1320 3822 1486 3885 patre
1507 3818 1742 3883 hausta,
1780 3818 1915 3870 uude
1951 3819 2142 3871 efficitz
2182 3826 2287 3873 aut

312 3886 519 3934 matris.
539 3884 738 3935 hausta
766 3885 937 3936 bont‘s.
2332 3915 2339 3920 ·

242 3951 276 4005 7
312 3951 393 4003 Cf.
437 3950 638 4018 Ulpien.
678 3952 833 4018 srssm.
871 3954 960 4018 vl,
999 3956 1033 4007 4
1064 3970 1141 4021 sq.

240 4021 276 4074 8
316 4019 428 4089 Τρο
451 4022 582 4089 hoe,
619 4037 726 4089 quo
750 4027 815 4076 tu
830 4022 1086 4091 postulas
1110 4023 1196 4076 ed.
1223 4040 1301 4092 pr.
1339 4023 1468 4090 Les.
1501 4023 1682 4092 Turpe
1704 4025 1834 4091 laoc,
1861 4024 2007 4093 quod
2027 4030 2093 4078 tu
2109 4031 2283 4094 poet„

310 4093 487 4160 quisq.
