<?xml version="1.0" encoding="UTF-8"?>
<!DOCTYPE html PUBLIC "-//W3C//DTD XHTML 1.0 Transitional//EN"
    "http://www.w3.org/TR/xhtml1/DTD/xhtml1-transitional.dtd">
<html xmlns="http://www.w3.org/1999/xhtml" xml:lang="en" lang="en">
 <head>
  <title>
</title>
<meta http-equiv="Content-Type" content="text/html;charset=utf-8" />
  <meta name='ocr-system' content='tesseract 3.04.00' />
  <meta name='ocr-capabilities' content='ocr_page ocr_carea ocr_par ocr_line ocrx_word'/>
</head>
<body>
  <div class='ocr_page' id='page_1' title='image "./satirarumliberc01jahngoog_0550.png"; bbox 0 0 2764 4738; ppageno 0'>
   <div class='ocr_carea' id='block_1_1' title="bbox 715 394 2268 473">
    <p class='ocr_par' dir='ltr' id='par_1_1' title="bbox 715 394 2268 473">
     <span class='ocr_line' id='line_1_1' title="bbox 715 394 2268 473; baseline 0.001 -12"><span class='ocrx_word' id='word_1_1' title='bbox 715 398 977 463; x_wconf 75' lang='lat' dir='ltr'><strong>scum..</strong></span> <span class='ocrx_word' id='word_1_2' title='bbox 1006 398 1113 463; x_wconf 82' lang='lat' dir='ltr'><strong>An</strong></span> <span class='ocrx_word' id='word_1_3' title='bbox 1148 399 1316 462; x_wconf 81' lang='lat' dir='ltr'><strong>sAT.</strong></span> <span class='ocrx_word' id='word_1_4' title='bbox 1348 397 1427 473; x_wconf 87' lang='lat' dir='ltr'><strong>V,</strong></span> <span class='ocrx_word' id='word_1_5' title='bbox 1474 402 1775 462; x_wconf 75' lang='lat'><strong>12—14.</strong></span> <span class='ocrx_word' id='word_1_6' title='bbox 2145 394 2268 465; x_wconf 79' lang='grc'><strong>321</strong></span> 
     </span>
    </p>
   </div>
   <div class='ocr_carea' id='block_1_2' title="bbox 230 566 2277 1314">
    <p class='ocr_par' dir='ltr' id='par_1_2' title="bbox 230 566 2273 821">
     <span class='ocr_line' id='line_1_2' title="bbox 231 566 2273 653; baseline -0 -21"><span class='ocrx_word' id='word_1_7' title='bbox 231 592 462 632; x_wconf 81' lang='lat' dir='ltr'><strong>raucum</strong></span> <span class='ocrx_word' id='word_1_8' title='bbox 503 568 760 653; x_wconf 85' lang='lat' dir='ltr'><strong>quiddam</strong></span> <span class='ocrx_word' id='word_1_9' title='bbox 803 592 999 633; x_wconf 85' lang='lat' dir='ltr'><strong>secum</strong></span> <span class='ocrx_word' id='word_1_10' title='bbox 1041 580 1367 632; x_wconf 85' lang='lat' dir='ltr'><strong>murmurat.</strong></span> <span class='ocrx_word' id='word_1_11' title='bbox 1423 567 1569 630; x_wconf 89' lang='lat' dir='ltr'><strong>Nam</strong></span> <span class='ocrx_word' id='word_1_12' title='bbox 1613 566 1686 630; x_wconf 86' lang='lat' dir='ltr'><strong>de</strong></span> <span class='ocrx_word' id='word_1_13' title='bbox 1729 571 1957 630; x_wconf 83' lang='lat' dir='ltr'><strong>incessu</strong></span> <span class='ocrx_word' id='word_1_14' title='bbox 1985 570 2109 631; x_wconf 86' lang='lat' dir='ltr'><strong>eius</strong></span> <span class='ocrx_word' id='word_1_15' title='bbox 2137 569 2273 632; x_wconf 86' lang='lat' dir='ltr'><strong>Vir-</strong></span> 
     </span>
     <span class='ocr_line' id='line_1_3' title="bbox 230 658 598 739; baseline -0.003 -22"><span class='ocrx_word' id='word_1_16' title='bbox 230 658 399 739; x_wconf 83' lang='lat' dir='ltr'><strong>gilius</strong></span> <span class='ocrx_word' id='word_1_17' title='bbox 433 663 457 699; x_wconf 85' lang='lat'>¹</span> <span class='ocrx_word' id='word_1_18' title='bbox 486 660 598 717; x_wconf 85' lang='lat' dir='ltr'><strong>ait:</strong></span> 
     </span>
     <span class='ocr_line' id='line_1_4' title="bbox 487 741 1827 821; baseline -0.002 -18"><span class='ocrx_word' id='word_1_19' title='bbox 487 745 544 803; x_wconf 87' lang='lat' dir='ltr'><em>E</em></span> <span class='ocrx_word' id='word_1_20' title='bbox 547 753 575 802; x_wconf 83' lang='lat' dir='ltr'><strong>t</strong></span> <span class='ocrx_word' id='word_1_21' title='bbox 598 743 730 802; x_wconf 82' lang='lat' dir='ltr'><strong>sola</strong></span> <span class='ocrx_word' id='word_1_22' title='bbox 772 743 833 801; x_wconf 80' lang='lat' dir='ltr'><strong>in</strong></span> <span class='ocrx_word' id='word_1_23' title='bbox 859 744 1022 802; x_wconf 78' lang='lat' dir='ltr'><strong>sicca</strong></span> <span class='ocrx_word' id='word_1_24' title='bbox 1056 761 1249 802; x_wconf 80' lang='lat' dir='ltr'><strong>secum</strong></span> <span class='ocrx_word' id='word_1_25' title='bbox 1282 741 1594 821; x_wconf 77' lang='lat' dir='ltr'><strong>spatiatur</strong></span> <span class='ocrx_word' id='word_1_26' title='bbox 1620 759 1827 800; x_wconf 84' lang='lat' dir='ltr'><strong>arena.</strong></span> 
     </span>
    </p>

    <p class='ocr_par' dir='ltr' id='par_1_3' title="bbox 232 823 2277 1314">
     <span class='ocr_line' id='line_1_5' title="bbox 241 823 2275 906; baseline -0.001 -19"><span class='ocrx_word' id='word_1_27' title='bbox 241 829 620 900; x_wconf 78' lang='lat' dir='ltr'><strong>Corne’caris,</strong></span> <span class='ocrx_word' id='word_1_28' title='bbox 670 848 870 887; x_wconf 85' lang='lat' dir='ltr'><strong>novum</strong></span> <span class='ocrx_word' id='word_1_29' title='bbox 917 848 952 887; x_wconf 84' lang='lat' dir='ltr'><strong>a</strong></span> <span class='ocrx_word' id='word_1_30' title='bbox 991 837 1162 906; x_wconf 84' lang='lat' dir='ltr'><strong>poeta</strong></span> <span class='ocrx_word' id='word_1_31' title='bbox 1195 827 1428 886; x_wconf 87' lang='lat' dir='ltr'><strong>verbum</strong></span> <span class='ocrx_word' id='word_1_32' title='bbox 1460 827 1861 904; x_wconf 84' lang='lat' dir='ltr'><strong>compositum3</strong></span> <span class='ocrx_word' id='word_1_33' title='bbox 1926 823 2275 885; x_wconf 79' lang='lat' dir='ltr'><strong>submurmu-</strong></span> 
     </span>
     <span class='ocr_line' id='line_1_6' title="bbox 233 908 2272 993; baseline -0.001 -21"><span class='ocrx_word' id='word_1_34' title='bbox 233 932 365 983; x_wconf 82' lang='lat' dir='ltr'><strong>ras,</strong></span> <span class='ocrx_word' id='word_1_35' title='bbox 412 925 472 973; x_wconf 86' lang='lat' dir='ltr'><strong>et</strong></span> <span class='ocrx_word' id='word_1_36' title='bbox 517 915 675 993; x_wconf 88' lang='lat' dir='ltr'><strong>quasi</strong></span> <span class='ocrx_word' id='word_1_37' title='bbox 718 932 876 972; x_wconf 87' lang='lat' dir='ltr'><strong>more</strong></span> <span class='ocrx_word' id='word_1_38' title='bbox 917 914 1160 972; x_wconf 89' lang='lat' dir='ltr'><strong>cornicis</strong></span> <span class='ocrx_word' id='word_1_39' title='bbox 1190 931 1365 972; x_wconf 87' lang='lat' dir='ltr'><strong>voces</strong></span> <span class='ocrx_word' id='word_1_40' title='bbox 1411 911 1673 991; x_wconf 76' lang='lat' dir='ltr'><strong>profers,</strong></span> <span class='ocrx_word' id='word_1_41' title='bbox 1717 908 1773 968; x_wconf 92' lang='lat' dir='ltr'><strong>id</strong></span> <span class='ocrx_word' id='word_1_42' title='bbox 1804 920 1927 983; x_wconf 86' lang='lat' dir='ltr'><strong>est,</strong></span> <span class='ocrx_word' id='word_1_43' title='bbox 1971 921 2033 970; x_wconf 89' lang='lat' dir='ltr'><strong>et</strong></span> <span class='ocrx_word' id='word_1_44' title='bbox 2060 929 2272 970; x_wconf 86' lang='lat' dir='ltr'><strong>summe</strong></span> 
     </span>
     <span class='ocr_line' id='line_1_7' title="bbox 233 994 2276 1078; baseline -0.002 -19"><span class='ocrx_word' id='word_1_45' title='bbox 233 999 472 1071; x_wconf 85' lang='lat' dir='ltr'><strong>scribis,</strong></span> <span class='ocrx_word' id='word_1_46' title='bbox 517 1009 576 1058; x_wconf 87' lang='lat' dir='ltr'><strong>et</strong></span> <span class='ocrx_word' id='word_1_47' title='bbox 620 1018 832 1057; x_wconf 85' lang='lat' dir='ltr'><strong>summe</strong></span> <span class='ocrx_word' id='word_1_48' title='bbox 879 999 1257 1078; x_wconf 84' lang='lat' dir='ltr'><strong>pronuncias,</strong></span> <span class='ocrx_word' id='word_1_49' title='bbox 1303 994 1453 1077; x_wconf 90' lang='lat' dir='ltr'><strong>quod</strong></span> <span class='ocrx_word' id='word_1_50' title='bbox 1496 1008 1681 1056; x_wconf 85' lang='lat' dir='ltr'><strong>tecum</strong></span> <span class='ocrx_word' id='word_1_51' title='bbox 1723 1016 1847 1056; x_wconf 91' lang='lat' dir='ltr'><strong>cum</strong></span> <span class='ocrx_word' id='word_1_52' title='bbox 1877 1014 2159 1056; x_wconf 87' lang='lat' dir='ltr'><strong>murmure</strong></span> <span class='ocrx_word' id='word_1_53' title='bbox 2190 996 2276 1054; x_wconf 90' lang='lat' dir='ltr'><strong>lo-</strong></span> 
     </span>
     <span class='ocr_line' id='line_1_8' title="bbox 236 1081 2277 1164; baseline -0.001 -22"><span class='ocrx_word' id='word_1_54' title='bbox 236 1085 462 1164; x_wconf 87' lang='lat' dir='ltr'><strong>queris,</strong></span> <span class='ocrx_word' id='word_1_55' title='bbox 521 1085 576 1143; x_wconf 90' lang='lat' dir='ltr'><strong>iu</strong></span> <span class='ocrx_word' id='word_1_56' title='bbox 621 1081 841 1142; x_wconf 89' lang='lat' dir='ltr'><strong>modum</strong></span> <span class='ocrx_word' id='word_1_57' title='bbox 886 1084 1131 1142; x_wconf 87' lang='lat' dir='ltr'><strong>cornicis</strong></span> <span class='ocrx_word' id='word_1_58' title='bbox 1173 1101 1522 1154; x_wconf 77' lang='lat' dir='ltr'><strong>murmuras3</strong></span> <span class='ocrx_word' id='word_1_59' title='bbox 1582 1081 1673 1142; x_wconf 83' lang='lat' dir='ltr'><strong>vel</strong></span> <span class='ocrx_word' id='word_1_60' title='bbox 1726 1091 1885 1142; x_wconf 82' lang='lat' dir='ltr'><strong>certe</strong></span> <span class='ocrx_word' id='word_1_61' title='bbox 1940 1083 2155 1154; x_wconf 82' lang='lat' dir='ltr'><strong>iratus,</strong></span> <span class='ocrx_word' id='word_1_62' title='bbox 2213 1090 2277 1140; x_wconf 83' lang='lat' dir='ltr'><strong>ut</strong></span> 
     </span>
     <span class='ocr_line' id='line_1_9' title="bbox 232 1163 2275 1249; baseline -0.001 -22"><span class='ocrx_word' id='word_1_63' title='bbox 232 1169 527 1242; x_wconf 85' lang='lat' dir='ltr'><strong>cornices,</strong></span> <span class='ocrx_word' id='word_1_64' title='bbox 572 1168 782 1229; x_wconf 88' lang='lat' dir='ltr'><strong>clamas</strong></span> <span class='ocrx_word' id='word_1_65' title='bbox 831 1169 1150 1249; x_wconf 80' lang='lat' dir='ltr'><strong>superflue,</strong></span> <span class='ocrx_word' id='word_1_66' title='bbox 1194 1167 1405 1228; x_wconf 87' lang='lat' dir='ltr'><strong>tumido</strong></span> <span class='ocrx_word' id='word_1_67' title='bbox 1449 1178 1718 1247; x_wconf 79' lang='lat' dir='ltr'><strong>gutture,</strong></span> <span class='ocrx_word' id='word_1_68' title='bbox 1758 1166 1854 1226; x_wconf 84' lang='lat' dir='ltr'><strong>vel</strong></span> <span class='ocrx_word' id='word_1_69' title='bbox 1893 1167 2139 1227; x_wconf 77' lang='lat' dir='ltr'>succinis</span> <span class='ocrx_word' id='word_1_70' title='bbox 2170 1163 2275 1225; x_wconf 84' lang='lat' dir='ltr'><strong>ho-</strong></span> 
     </span>
     <span class='ocr_line' id='line_1_10' title="bbox 233 1274 467 1314; baseline -0.004 0"><span class='ocrx_word' id='word_1_71' title='bbox 233 1274 467 1314; x_wconf 81' lang='lat' dir='ltr'><strong>mence.</strong></span> 
     </span>
    </p>
   </div>
   <div class='ocr_carea' id='block_1_3' title="bbox 234 1350 2278 1755">
    <p class='ocr_par' dir='ltr' id='par_1_4' title="bbox 234 1350 2278 1755">
     <span class='ocr_line' id='line_1_11' title="bbox 408 1350 2276 1435; baseline -0.004 -18"><span class='ocrx_word' id='word_1_72' title='bbox 408 1359 506 1418; x_wconf 82' lang='lat'><strong>13.</strong></span> <span class='ocrx_word' id='word_1_73' title='bbox 550 1355 678 1414; x_wconf 81' lang='lat' dir='ltr'><strong>Nec</strong></span> <span class='ocrx_word' id='word_1_74' title='bbox 720 1354 922 1435; x_wconf 79' lang='lat' dir='ltr'><strong>sclopo</strong></span> <span class='ocrx_word' id='word_1_75' title='bbox 973 1355 1246 1414; x_wconf 79' lang='lat' dir='ltr'><strong>tumidas.</strong></span> <span class='ocrx_word' id='word_1_76' title='bbox 1289 1351 1496 1433; x_wconf 83' lang='lat' dir='ltr'><strong>Neque</strong></span> <span class='ocrx_word' id='word_1_77' title='bbox 1524 1352 1662 1412; x_wconf 83' lang='lat' dir='ltr'><strong>talia</strong></span> <span class='ocrx_word' id='word_1_78' title='bbox 1691 1350 1928 1426; x_wconf 81' lang='lat' dir='ltr'><strong>scribis,</strong></span> <span class='ocrx_word' id='word_1_79' title='bbox 1958 1371 2104 1432; x_wconf 82' lang='lat' dir='ltr'><strong>quae</strong></span> <span class='ocrx_word' id='word_1_80' title='bbox 2132 1370 2276 1412; x_wconf 84' lang='lat' dir='ltr'><strong>ven·</strong></span> 
     </span>
     <span class='ocr_line' id='line_1_12' title="bbox 234 1436 2278 1519; baseline -0.002 -20"><span class='ocrx_word' id='word_1_81' title='bbox 234 1441 380 1499; x_wconf 86' lang='lat' dir='ltr'><strong>tosis</strong></span> <span class='ocrx_word' id='word_1_82' title='bbox 427 1450 488 1499; x_wconf 87' lang='lat' dir='ltr'><strong>et</strong></span> <span class='ocrx_word' id='word_1_83' title='bbox 529 1439 786 1498; x_wconf 81' lang='lat' dir='ltr'><strong>inanibus</strong></span> <span class='ocrx_word' id='word_1_84' title='bbox 827 1440 1017 1500; x_wconf 81' lang='lat' dir='ltr'><strong>verbis</strong></span> <span class='ocrx_word' id='word_1_85' title='bbox 1063 1441 1252 1498; x_wconf 82' lang='lat' dir='ltr'><strong>inflata</strong></span> <span class='ocrx_word' id='word_1_86' title='bbox 1294 1439 1442 1511; x_wconf 82' lang='lat' dir='ltr'><strong>sint,</strong></span> <span class='ocrx_word' id='word_1_87' title='bbox 1486 1436 1589 1498; x_wconf 83' lang='lat' dir='ltr'><strong>scd</strong></span> <span class='ocrx_word' id='word_1_88' title='bbox 1621 1456 1766 1518; x_wconf 82' lang='lat' dir='ltr'><strong>quae</strong></span> <span class='ocrx_word' id='word_1_89' title='bbox 1797 1439 2140 1519; x_wconf 73' lang='lat' dir='ltr'><strong>aequalitate</strong></span> <span class='ocrx_word' id='word_1_90' title='bbox 2172 1455 2278 1496; x_wconf 86' lang='lat' dir='ltr'><strong>sua</strong></span> 
     </span>
     <span class='ocr_line' id='line_1_13' title="bbox 236 1521 2276 1606; baseline -0.001 -23"><span class='ocrx_word' id='word_1_91' title='bbox 236 1526 351 1583; x_wconf 88' lang='lat' dir='ltr'><strong>sint</strong></span> <span class='ocrx_word' id='word_1_92' title='bbox 394 1524 623 1584; x_wconf 82' lang='lat' dir='ltr'><strong>robusta</strong></span> <span class='ocrx_word' id='word_1_93' title='bbox 669 1536 728 1584; x_wconf 85' lang='lat' dir='ltr'><strong>ct</strong></span> <span class='ocrx_word' id='word_1_94' title='bbox 765 1526 1013 1605; x_wconf 78' lang='lat' dir='ltr'><strong>pinguia.</strong></span> <span class='ocrx_word' id='word_1_95' title='bbox 1184 1524 1402 1602; x_wconf 81' lang='lat' dir='ltr'><strong>Sclopo</strong></span> <span class='ocrx_word' id='word_1_96' title='bbox 1433 1521 1574 1583; x_wconf 80' lang='lat' dir='ltr'><strong>dixit</strong></span> <span class='ocrx_word' id='word_1_97' title='bbox 1601 1523 2062 1606; x_wconf 74' lang='grc' dir='ltr'><strong><em>μεταφορικῶς,</em></strong></span> <span class='ocrx_word' id='word_1_98' title='bbox 2106 1542 2143 1582; x_wconf 86' lang='lat' dir='ltr'><strong>a</strong></span> <span class='ocrx_word' id='word_1_99' title='bbox 2186 1523 2276 1581; x_wconf 91' lang='lat' dir='ltr'><strong>lu-</strong></span> 
     </span>
     <span class='ocr_line' id='line_1_14' title="bbox 235 1606 2275 1691; baseline -0.001 -22"><span class='ocrx_word' id='word_1_100' title='bbox 235 1606 495 1669; x_wconf 71' lang='lat' dir='ltr'><strong>dentibus</strong></span> <span class='ocrx_word' id='word_1_101' title='bbox 537 1612 763 1689; x_wconf 83' lang='lat' dir='ltr'><strong>pueris,</strong></span> <span class='ocrx_word' id='word_1_102' title='bbox 810 1611 905 1691; x_wconf 82' lang='lat' dir='ltr'><strong>qui</strong></span> <span class='ocrx_word' id='word_1_103' title='bbox 949 1610 1161 1683; x_wconf 83' lang='lat' dir='ltr'><strong>buccas</strong></span> <span class='ocrx_word' id='word_1_104' title='bbox 1201 1610 1421 1668; x_wconf 78' lang='lat' dir='ltr'><strong>inflatas</strong></span> <span class='ocrx_word' id='word_1_105' title='bbox 1451 1608 1638 1669; x_wconf 86' lang='lat' dir='ltr'><strong>subito</strong></span> <span class='ocrx_word' id='word_1_106' title='bbox 1669 1610 1966 1689; x_wconf 83' lang='lat' dir='ltr'><strong>aperiunt,</strong></span> <span class='ocrx_word' id='word_1_107' title='bbox 2007 1609 2071 1669; x_wconf 78' lang='lat' dir='ltr'><strong>et&#39;</strong></span> <span class='ocrx_word' id='word_1_108' title='bbox 2097 1618 2275 1667; x_wconf 85' lang='lat' dir='ltr'><strong>totum</strong></span> 
     </span>
     <span class='ocr_line' id='line_1_15' title="bbox 234 1691 1336 1755; baseline -0.001 -1"><span class='ocrx_word' id='word_1_109' title='bbox 234 1695 397 1755; x_wconf 83' lang='lat' dir='ltr'><strong>simul</strong></span> <span class='ocrx_word' id='word_1_110' title='bbox 427 1696 615 1755; x_wconf 85' lang='lat' dir='ltr'><strong>flatum</strong></span> <span class='ocrx_word' id='word_1_111' title='bbox 647 1714 771 1755; x_wconf 89' lang='lat' dir='ltr'><strong>cum</strong></span> <span class='ocrx_word' id='word_1_112' title='bbox 802 1697 990 1755; x_wconf 86' lang='lat' dir='ltr'><strong>sonitu</strong></span> <span class='ocrx_word' id='word_1_113' title='bbox 1020 1691 1257 1754; x_wconf 75' lang='lat' dir='ltr'><strong>fundunt</strong></span> <span class='ocrx_word' id='word_1_114' title='bbox 1291 1699 1336 1753; x_wconf 81' lang='lat'><strong>².</strong></span> 
     </span>
    </p>
   </div>
   <div class='ocr_carea' id='block_1_4' title="bbox 235 1792 2284 3155">
    <p class='ocr_par' dir='ltr' id='par_1_5' title="bbox 235 1792 2284 3155">
     <span class='ocr_line' id='line_1_16' title="bbox 410 1792 2278 1876; baseline -0.003 -16"><span class='ocrx_word' id='word_1_115' title='bbox 410 1802 508 1860; x_wconf 74' lang='lat'><strong>14.</strong></span> <span class='ocrx_word' id='word_1_116' title='bbox 558 1797 757 1857; x_wconf 80' lang='lat' dir='ltr'><strong>Verba</strong></span> <span class='ocrx_word' id='word_1_117' title='bbox 789 1807 964 1876; x_wconf 79' lang='lat' dir='ltr'><strong>togae</strong></span> <span class='ocrx_word' id='word_1_118' title='bbox 994 1798 1264 1874; x_wconf 62' lang='lat' dir='ltr'><strong>sequeris</strong></span> <span class='ocrx_word' id='word_1_119' title='bbox 1280 1838 1304 1867; x_wconf 92' lang='lat'><em>,</em></span> <span class='ocrx_word' id='word_1_120' title='bbox 1356 1792 1415 1854; x_wconf 90' lang='lat' dir='ltr'><strong>id</strong></span> <span class='ocrx_word' id='word_1_121' title='bbox 1443 1806 1565 1868; x_wconf 84' lang='lat' dir='ltr'><strong>est,</strong></span> <span class='ocrx_word' id='word_1_122' title='bbox 1609 1805 1743 1875; x_wconf 84' lang='lat' dir='ltr'><strong>apta</strong></span> <span class='ocrx_word' id='word_1_123' title='bbox 1771 1794 1932 1875; x_wconf 87' lang='lat' dir='ltr'><strong>paci,</strong></span> <span class='ocrx_word' id='word_1_124' title='bbox 1962 1793 2053 1854; x_wconf 83' lang='lat' dir='ltr'><strong>vel</strong></span> <span class='ocrx_word' id='word_1_125' title='bbox 2082 1794 2278 1855; x_wconf 76' lang='lat' dir='ltr'><strong>foren-</strong></span> 
     </span>
     <span class='ocr_line' id='line_1_17' title="bbox 237 1880 2279 1963; baseline -0.002 -20"><span class='ocrx_word' id='word_1_126' title='bbox 237 1883 353 1956; x_wconf 85' lang='lat' dir='ltr'><strong>sia‚</strong></span> <span class='ocrx_word' id='word_1_127' title='bbox 385 1883 583 1963; x_wconf 83' lang='lat' dir='ltr'><strong>quihus</strong></span> <span class='ocrx_word' id='word_1_128' title='bbox 615 1881 886 1942; x_wconf 78' lang='lat' dir='ltr'><strong>causidici</strong></span> <span class='ocrx_word' id='word_1_129' title='bbox 918 1883 973 1940; x_wconf 87' lang='lat' dir='ltr'><strong>in</strong></span> <span class='ocrx_word' id='word_1_130' title='bbox 1003 1900 1263 1940; x_wconf 83' lang='lat' dir='ltr'><strong>sermone</strong></span> <span class='ocrx_word' id='word_1_131' title='bbox 1293 1880 1616 1960; x_wconf 87' lang='lat' dir='ltr'><strong>quotidiano</strong></span> <span class='ocrx_word' id='word_1_132' title='bbox 1652 1889 1898 1941; x_wconf 83' lang='lat' dir='ltr'><strong>utuntur.</strong></span> <span class='ocrx_word' id='word_1_133' title='bbox 2064 1880 2227 1958; x_wconf 82' lang='lat' dir='ltr'><strong>Toga</strong></span> <span class='ocrx_word' id='word_1_134' title='bbox 2249 1882 2279 1920; x_wconf 80' lang='lat'>³</span> 
     </span>
     <span class='ocr_line' id='line_1_18' title="bbox 236 1965 2279 2048; baseline -0.002 -18"><span class='ocrx_word' id='word_1_135' title='bbox 236 1979 329 2030; x_wconf 79' lang='lat' dir='ltr'><strong>cst</strong></span> <span class='ocrx_word' id='word_1_136' title='bbox 357 1966 544 2039; x_wconf 83' lang='lat' dir='ltr'><strong>dicta,</strong></span> <span class='ocrx_word' id='word_1_137' title='bbox 586 1966 734 2048; x_wconf 90' lang='lat' dir='ltr'><strong>quod</strong></span> <span class='ocrx_word' id='word_1_138' title='bbox 762 1967 1081 2028; x_wconf 84' lang='lat' dir='ltr'><strong>velamento</strong></span> <span class='ocrx_word' id='word_1_139' title='bbox 1112 1987 1216 2026; x_wconf 89' lang='lat' dir='ltr'><strong>suo</strong></span> <span class='ocrx_word' id='word_1_140' title='bbox 1246 1986 1452 2045; x_wconf 88' lang='lat' dir='ltr'><strong>corpus</strong></span> <span class='ocrx_word' id='word_1_141' title='bbox 1484 1976 1644 2046; x_wconf 78' lang='lat' dir='ltr'><strong>tegat</strong></span> <span class='ocrx_word' id='word_1_142' title='bbox 1672 1976 1841 2046; x_wconf 84' lang='lat' dir='ltr'><strong>atque</strong></span> <span class='ocrx_word' id='word_1_143' title='bbox 1871 1965 2114 2044; x_wconf 87' lang='lat' dir='ltr'><strong>operiat.</strong></span> <span class='ocrx_word' id='word_1_144' title='bbox 2170 1965 2279 2025; x_wconf 83' lang='lat' dir='ltr'><strong>Est</strong></span> 
     </span>
     <span class='ocr_line' id='line_1_19' title="bbox 235 2050 2276 2132; baseline -0.001 -19"><span class='ocrx_word' id='word_1_145' title='bbox 235 2065 422 2114; x_wconf 83' lang='lat' dir='ltr'><strong>autem</strong></span> <span class='ocrx_word' id='word_1_146' title='bbox 467 2059 757 2131; x_wconf 81' lang='lat' dir='ltr'><strong>*purum</strong></span> <span class='ocrx_word' id='word_1_147' title='bbox 815 2052 1149 2132; x_wconf 80' lang='lat' dir='ltr'><strong>pallium,</strong></span> <span class='ocrx_word' id='word_1_148' title='bbox 1202 2052 1430 2111; x_wconf 75' lang='lat' dir='ltr'><strong>forma</strong></span> <span class='ocrx_word' id='word_1_149' title='bbox 1474 2050 1820 2123; x_wconf 83' lang='lat' dir='ltr'><strong>rotunda,</strong></span> <span class='ocrx_word' id='word_1_150' title='bbox 1879 2061 1952 2111; x_wconf 84' lang='lat' dir='ltr'><strong>et</strong></span> <span class='ocrx_word' id='word_1_151' title='bbox 1981 2050 2276 2110; x_wconf 77' lang='lat' dir='ltr'><strong>fusiore</strong></span> 
     </span>
     <span class='ocr_line' id='line_1_20' title="bbox 237 2131 2279 2220; baseline -0.002 -22"><span class='ocrx_word' id='word_1_152' title='bbox 237 2149 463 2220; x_wconf 84' lang='lat' dir='ltr'><strong>atque</strong></span> <span class='ocrx_word' id='word_1_153' title='bbox 523 2136 940 2202; x_wconf 84' lang='lat' dir='ltr'><strong>inundante</strong></span> <span class='ocrx_word' id='word_1_154' title='bbox 997 2139 1204 2207; x_wconf 83' lang='lat' dir='ltr'><strong>sinu,</strong></span> <span class='ocrx_word' id='word_1_155' title='bbox 1262 2147 1338 2196; x_wconf 89' lang='lat' dir='ltr'><strong>et</strong></span> <span class='ocrx_word' id='word_1_156' title='bbox 1396 2136 1531 2196; x_wconf 75' lang='lat' dir='ltr'><strong>sul)</strong></span> <span class='ocrx_word' id='word_1_157' title='bbox 1590 2135 1863 2197; x_wconf 85' lang='lat' dir='ltr'><strong>dextro</strong></span> <span class='ocrx_word' id='word_1_158' title='bbox 1918 2131 2279 2207; x_wconf 80' lang='lat' dir='ltr'><strong>veniens,</strong></span> 
     </span>
     <span class='ocr_line' id='line_1_21' title="bbox 238 2221 2279 2303; baseline -0.002 -20"><span class='ocrx_word' id='word_1_159' title='bbox 238 2243 465 2303; x_wconf 89' lang='lat' dir='ltr'><strong>super</strong></span> <span class='ocrx_word' id='word_1_160' title='bbox 521 2222 901 2283; x_wconf 83' lang='lat' dir='ltr'><strong>humerum</strong></span> <span class='ocrx_word' id='word_1_161' title='bbox 960 2224 1349 2282; x_wconf 89' lang='lat' dir='ltr'><strong>sinistrum</strong></span> <span class='ocrx_word' id='word_1_162' title='bbox 1394 2223 1741 2302; x_wconf 80' lang='lat' dir='ltr'><strong>ponitur3</strong></span> <span class='ocrx_word' id='word_1_163' title='bbox 1800 2222 2018 2281; x_wconf 87' lang='lat' dir='ltr'><strong>cuius</strong></span> <span class='ocrx_word' id='word_1_164' title='bbox 2081 2221 2279 2279; x_wconf 87' lang='lat' dir='ltr'><strong>simi-</strong></span> 
     </span>
     <span class='ocr_line' id='line_1_22' title="bbox 239 2305 2280 2390; baseline -0.002 -22"><span class='ocrx_word' id='word_1_165' title='bbox 239 2308 632 2369; x_wconf 86' lang='lat' dir='ltr'><strong>litudinem</strong></span> <span class='ocrx_word' id='word_1_166' title='bbox 675 2310 745 2368; x_wconf 91' lang='lat' dir='ltr'><strong>in</strong></span> <span class='ocrx_word' id='word_1_167' title='bbox 790 2308 1282 2390; x_wconf 81' lang='lat' dir='ltr'><strong>operimentis</strong></span> <span class='ocrx_word' id='word_1_168' title='bbox 1311 2308 1874 2368; x_wconf 85' lang='lat' dir='ltr'><strong>simulacrorum</strong></span> <span class='ocrx_word' id='word_1_169' title='bbox 1904 2305 2018 2366; x_wconf 83' lang='lat' dir='ltr'><strong>vel</strong></span> <span class='ocrx_word' id='word_1_170' title='bbox 2048 2307 2280 2385; x_wconf 87' lang='lat' dir='ltr'><strong>pictu-</strong></span> 
     </span>
     <span class='ocr_line' id='line_1_23' title="bbox 237 2397 2280 2474; baseline -0.003 -17"><span class='ocrx_word' id='word_1_171' title='bbox 237 2414 493 2458; x_wconf 85' lang='lat' dir='ltr'><strong>rarum</strong></span> <span class='ocrx_word' id='word_1_172' title='bbox 534 2397 976 2474; x_wconf 86' lang='lat' dir='ltr'><strong>aspicimus,</strong></span> <span class='ocrx_word' id='word_1_173' title='bbox 1020 2413 1296 2474; x_wconf 84' lang='lat' dir='ltr'><strong>easque</strong></span> <span class='ocrx_word' id='word_1_174' title='bbox 1340 2403 1644 2454; x_wconf 80' lang='lat' dir='ltr'><strong>statuas</strong></span> <span class='ocrx_word' id='word_1_175' title='bbox 1691 2402 2003 2473; x_wconf 78' lang='lat' dir='ltr'><strong>togatas</strong></span> <span class='ocrx_word' id='word_1_176' title='bbox 2060 2411 2280 2452; x_wconf 84' lang='lat' dir='ltr'><strong>voca-</strong></span> 
     </span>
     <span class='ocr_line' id='line_1_24' title="bbox 237 2477 2280 2559; baseline -0.003 -18"><span class='ocrx_word' id='word_1_177' title='bbox 237 2500 407 2541; x_wconf 87' lang='lat' dir='ltr'><strong>mus.</strong></span> <span class='ocrx_word' id='word_1_178' title='bbox 465 2480 669 2559; x_wconf 80' lang='lat' dir='ltr'><strong>Toga</strong></span> <span class='ocrx_word' id='word_1_179' title='bbox 711 2500 885 2540; x_wconf 89' lang='lat' dir='ltr'><strong>vero</strong></span> <span class='ocrx_word' id='word_1_180' title='bbox 930 2479 1225 2539; x_wconf 83' lang='lat' dir='ltr'><strong>Romani</strong></span> <span class='ocrx_word' id='word_1_181' title='bbox 1271 2480 1341 2537; x_wconf 88' lang='lat' dir='ltr'><strong>in</strong></span> <span class='ocrx_word' id='word_1_182' title='bbox 1387 2498 1563 2558; x_wconf 80' lang='lat' dir='ltr'><strong>pace</strong></span> <span class='ocrx_word' id='word_1_183' title='bbox 1607 2478 2053 2550; x_wconf 81' lang='lat' dir='ltr'><strong>utebantur,</strong></span> <span class='ocrx_word' id='word_1_184' title='bbox 2096 2477 2280 2538; x_wconf 80' lang='lat' dir='ltr'><strong>belli</strong></span> 
     </span>
     <span class='ocr_line' id='line_1_25' title="bbox 238 2563 2280 2645; baseline -0.002 -20"><span class='ocrx_word' id='word_1_185' title='bbox 238 2576 490 2626; x_wconf 83' lang='lat' dir='ltr'><strong>autem</strong></span> <span class='ocrx_word' id='word_1_186' title='bbox 562 2576 901 2645; x_wconf 81' lang='lat' dir='ltr'><strong>temporo</strong></span> <span class='ocrx_word' id='word_1_187' title='bbox 973 2563 1560 2645; x_wconf 71' lang='lat' dir='ltr'><strong>paludamentis.</strong></span> <span class='ocrx_word' id='word_1_188' title='bbox 1646 2563 1999 2623; x_wconf 78' lang='lat' dir='ltr'><strong>Mensura</strong></span> <span class='ocrx_word' id='word_1_189' title='bbox 2051 2574 2280 2640; x_wconf 79' lang='lat' dir='ltr'><strong>togae</strong></span> 
     </span>
     <span class='ocr_line' id='line_1_26' title="bbox 239 2645 2280 2727; baseline -0.002 -17"><span class='ocrx_word' id='word_1_190' title='bbox 239 2651 492 2710; x_wconf 87' lang='lat' dir='ltr'><strong>iustae</strong></span> <span class='ocrx_word' id='word_1_191' title='bbox 548 2667 772 2710; x_wconf 82' lang='lat' dir='ltr'><strong>senas</strong></span> <span class='ocrx_word' id='word_1_192' title='bbox 829 2649 1047 2709; x_wconf 88' lang='lat' dir='ltr'><strong>ulnas</strong></span> <span class='ocrx_word' id='word_1_193' title='bbox 1104 2648 1533 2708; x_wconf 80' lang='lat' dir='ltr'><strong>habebat.⁴*</strong></span> <span class='ocrx_word' id='word_1_194' title='bbox 1606 2650 1767 2725; x_wconf 81' lang='lat' dir='ltr'><strong>Toga</strong></span> <span class='ocrx_word' id='word_1_195' title='bbox 1800 2649 2071 2727; x_wconf 80' lang='lat' dir='ltr'><strong>palmata</strong></span> <span class='ocrx_word' id='word_1_196' title='bbox 2110 2645 2280 2706; x_wconf 79' lang='lat' dir='ltr'><strong>dice-</strong></span> 
     </span>
     <span class='ocr_line' id='line_1_27' title="bbox 239 2731 2281 2814; baseline -0.002 -19"><span class='ocrx_word' id='word_1_197' title='bbox 239 2735 441 2807; x_wconf 81' lang='lat' dir='ltr'><strong>batur,</strong></span> <span class='ocrx_word' id='word_1_198' title='bbox 489 2753 652 2814; x_wconf 90' lang='lat' dir='ltr'><strong>quam</strong></span> <span class='ocrx_word' id='word_1_199' title='bbox 694 2734 1059 2796; x_wconf 81' lang='lat' dir='ltr'><strong>merebantur</strong></span> <span class='ocrx_word' id='word_1_200' title='bbox 1096 2735 1170 2806; x_wconf 90' lang='lat' dir='ltr'><strong>ii,</strong></span> <span class='ocrx_word' id='word_1_201' title='bbox 1240 2734 1335 2812; x_wconf 82' lang='lat' dir='ltr'><strong>qui</strong></span> <span class='ocrx_word' id='word_1_202' title='bbox 1373 2732 1744 2813; x_wconf 80' lang='lat' dir='ltr'><strong>reportabant</strong></span> <span class='ocrx_word' id='word_1_203' title='bbox 1772 2731 1845 2792; x_wconf 87' lang='lat' dir='ltr'><strong>de</strong></span> <span class='ocrx_word' id='word_1_204' title='bbox 1876 2733 2129 2792; x_wconf 80' lang='lat' dir='ltr'><strong>hostibus</strong></span> <span class='ocrx_word' id='word_1_205' title='bbox 2159 2732 2281 2809; x_wconf 89' lang='lat' dir='ltr'><strong>pal-</strong></span> 
     </span>
     <span class='ocr_line' id='line_1_28' title="bbox 239 2818 2281 2898; baseline -0.002 -18"><span class='ocrx_word' id='word_1_206' title='bbox 239 2841 362 2880; x_wconf 79' lang='lat' dir='ltr'><strong>mas</strong></span> <span class='ocrx_word' id='word_1_207' title='bbox 399 2824 444 2878; x_wconf 64' lang='grc' dir='ltr'><strong>ὅ.</strong></span> <span class='ocrx_word' id='word_1_208' title='bbox 580 2819 678 2879; x_wconf 83' lang='lat' dir='ltr'><strong>Sic</strong></span> <span class='ocrx_word' id='word_1_209' title='bbox 708 2839 850 2898; x_wconf 85' lang='lat' dir='ltr'><strong>ergo</strong></span> <span class='ocrx_word' id='word_1_210' title='bbox 880 2820 1118 2889; x_wconf 83' lang='lat' dir='ltr'><strong>scribis,</strong></span> <span class='ocrx_word' id='word_1_211' title='bbox 1163 2828 1225 2877; x_wconf 88' lang='lat' dir='ltr'><strong>ut</strong></span> <span class='ocrx_word' id='word_1_212' title='bbox 1253 2837 1443 2878; x_wconf 88' lang='lat' dir='ltr'><strong>sermo</strong></span> <span class='ocrx_word' id='word_1_213' title='bbox 1473 2830 1599 2877; x_wconf 88' lang='lat' dir='ltr'><strong>tuus</strong></span> <span class='ocrx_word' id='word_1_214' title='bbox 1628 2818 1839 2877; x_wconf 82' lang='lat' dir='ltr'><strong>urbane</strong></span> <span class='ocrx_word' id='word_1_215' title='bbox 1868 2827 2037 2897; x_wconf 82' lang='lat' dir='ltr'><strong>atque</strong></span> <span class='ocrx_word' id='word_1_216' title='bbox 2079 2827 2281 2895; x_wconf 84' lang='lat' dir='ltr'><strong>aperte</strong></span> 
     </span>
     <span class='ocr_line' id='line_1_29' title="bbox 238 2902 2284 2984; baseline -0.002 -18"><span class='ocrx_word' id='word_1_217' title='bbox 238 2907 523 2984; x_wconf 79' lang='lat' dir='ltr'><strong>iungatur.</strong></span> <span class='ocrx_word' id='word_1_218' title='bbox 703 2907 994 2965; x_wconf 76' lang='lat' dir='ltr'><strong>Iunctum</strong></span> <span class='ocrx_word' id='word_1_219' title='bbox 1051 2904 1303 2963; x_wconf 75' lang='lat' dir='ltr'><strong>callidus</strong></span> <span class='ocrx_word' id='word_1_220' title='bbox 1350 2904 1500 2964; x_wconf 80' lang='lat' dir='ltr'><strong>acri.</strong></span> <span class='ocrx_word' id='word_1_221' title='bbox 1570 2902 1693 2962; x_wconf 83' lang='lat' dir='ltr'><strong>Hoc</strong></span> <span class='ocrx_word' id='word_1_222' title='bbox 1739 2902 1904 2962; x_wconf 83' lang='lat' dir='ltr'><strong>dicit:</strong></span> <span class='ocrx_word' id='word_1_223' title='bbox 1966 2903 2284 2981; x_wconf 84' lang='lat' dir='ltr'><strong>Praecepta</strong></span> 
     </span>
     <span class='ocr_line' id='line_1_30' title="bbox 239 2987 2281 3071; baseline -0.002 -21"><span class='ocrx_word' id='word_1_224' title='bbox 239 2990 631 3071; x_wconf 80' lang='lat' dir='ltr'><strong>philosophica</strong></span> <span class='ocrx_word' id='word_1_225' title='bbox 674 2991 842 3070; x_wconf 82' lang='lat' dir='ltr'><strong>plane</strong></span> <span class='ocrx_word' id='word_1_226' title='bbox 889 3001 948 3049; x_wconf 89' lang='lat' dir='ltr'><strong>et</strong></span> <span class='ocrx_word' id='word_1_227' title='bbox 983 2988 1133 3049; x_wconf 81' lang='lat' dir='ltr'><strong>hene</strong></span> <span class='ocrx_word' id='word_1_228' title='bbox 1177 2989 1384 3066; x_wconf 81' lang='lat' dir='ltr'><strong>aptatis</strong></span> <span class='ocrx_word' id='word_1_229' title='bbox 1415 2992 1442 3029; x_wconf 82' lang='lat'><strong>⁶</strong></span> <span class='ocrx_word' id='word_1_230' title='bbox 1467 2988 1659 3049; x_wconf 79' lang='lat' dir='ltr'><strong>verbis</strong></span> <span class='ocrx_word' id='word_1_231' title='bbox 1700 2989 2037 3068; x_wconf 81' lang='lat' dir='ltr'><strong>exequeris,</strong></span> <span class='ocrx_word' id='word_1_232' title='bbox 2080 2987 2281 3047; x_wconf 87' lang='lat' dir='ltr'><strong>doctus</strong></span> 
     </span>
     <span class='ocr_line' id='line_1_31' title="bbox 238 3073 2283 3155; baseline -0.003 -17"><span class='ocrx_word' id='word_1_233' title='bbox 238 3096 431 3138; x_wconf 84' lang='lat' dir='ltr'><strong>mores</strong></span> <span class='ocrx_word' id='word_1_234' title='bbox 461 3076 740 3155; x_wconf 83' lang='lat' dir='ltr'><strong>pallentes</strong></span> <span class='ocrx_word' id='word_1_235' title='bbox 769 3074 1044 3147; x_wconf 82' lang='lat' dir='ltr'><strong>eradere,</strong></span> <span class='ocrx_word' id='word_1_236' title='bbox 1074 3084 1137 3135; x_wconf 87' lang='lat' dir='ltr'><strong>et</strong></span> <span class='ocrx_word' id='word_1_237' title='bbox 1161 3074 1284 3134; x_wconf 82' lang='lat' dir='ltr'><strong>salo</strong></span> <span class='ocrx_word' id='word_1_238' title='bbox 1315 3073 1550 3134; x_wconf 87' lang='lat' dir='ltr'><strong>satirico</strong></span> <span class='ocrx_word' id='word_1_239' title='bbox 1579 3074 1839 3134; x_wconf 82' lang='lat' dir='ltr'><strong>vitiorum</strong></span> <span class='ocrx_word' id='word_1_240' title='bbox 1868 3074 2064 3154; x_wconf 79' lang='lat' dir='ltr'><strong>cuipas</strong></span> <span class='ocrx_word' id='word_1_241' title='bbox 2093 3073 2283 3151; x_wconf 83' lang='lat' dir='ltr'><strong>signa-</strong></span> 
     </span>
    </p>
   </div>
   <div class='ocr_carea' id='block_1_5' title="bbox 240 3258 2284 4151">
    <p class='ocr_par' dir='ltr' id='par_1_6' title="bbox 242 3258 925 3327">
     <span class='ocr_line' id='line_1_32' title="bbox 242 3258 925 3327; baseline -0.003 -13"><span class='ocrx_word' id='word_1_242' title='bbox 242 3261 269 3314; x_wconf 85' lang='lat'>1</span> <span class='ocrx_word' id='word_1_243' title='bbox 307 3259 456 3326; x_wconf 74' lang='lat' dir='ltr'><strong>Virg.</strong></span> <span class='ocrx_word' id='word_1_244' title='bbox 496 3258 684 3327; x_wconf 66' lang='lat' dir='ltr'><strong>Georg.</strong></span> <span class='ocrx_word' id='word_1_245' title='bbox 724 3259 765 3324; x_wconf 83' lang='lat'><strong>1,</strong></span> <span class='ocrx_word' id='word_1_246' title='bbox 804 3261 925 3314; x_wconf 80' lang='grc'><strong>389.</strong></span> 
     </span>
    </p>

    <p class='ocr_par' dir='ltr' id='par_1_7' title="bbox 240 3328 1485 3398">
     <span class='ocr_line' id='line_1_33' title="bbox 240 3328 1485 3398; baseline -0.005 -13"><span class='ocrx_word' id='word_1_247' title='bbox 240 3331 277 3385; x_wconf 79' lang='grc'>2</span> <span class='ocrx_word' id='word_1_248' title='bbox 311 3329 392 3382; x_wconf 84' lang='lat' dir='ltr'><strong>Cl&#39;.</strong></span> <span class='ocrx_word' id='word_1_249' title='bbox 431 3329 645 3398; x_wconf 79' lang='lat' dir='ltr'><strong>Papias:</strong></span> <span class='ocrx_word' id='word_1_250' title='bbox 686 3330 1009 3397; x_wconf 80' lang='lat' dir='ltr'><strong>,‚Stoplum,</strong></span> <span class='ocrx_word' id='word_1_251' title='bbox 1048 3328 1224 3396; x_wconf 71' lang='lat' dir='ltr'><strong>gravis</strong></span> <span class='ocrx_word' id='word_1_252' title='bbox 1263 3329 1485 3380; x_wconf 83' lang='lat' dir='ltr'><strong>sonus.“</strong></span> 
     </span>
    </p>

    <p class='ocr_par' dir='ltr' id='par_1_8' title="bbox 240 3396 2284 3931">
     <span class='ocr_line' id='line_1_34' title="bbox 240 3396 2284 3466; baseline -0.002 -15"><span class='ocrx_word' id='word_1_253' title='bbox 240 3397 273 3451; x_wconf 77' lang='lat'><strong>3</strong></span> <span class='ocrx_word' id='word_1_254' title='bbox 310 3398 528 3465; x_wconf 79' lang='lat' dir='ltr'><strong>Papias:</strong></span> <span class='ocrx_word' id='word_1_255' title='bbox 584 3398 784 3466; x_wconf 75' lang='lat' dir='ltr'><strong>„Toga</strong></span> <span class='ocrx_word' id='word_1_256' title='bbox 831 3400 1000 3464; x_wconf 81' lang='lat' dir='ltr'><strong>dicta,</strong></span> <span class='ocrx_word' id='word_1_257' title='bbox 1052 3398 1185 3466; x_wconf 81' lang='lat' dir='ltr'><strong>quod</strong></span> <span class='ocrx_word' id='word_1_258' title='bbox 1235 3398 1526 3449; x_wconf 75' lang='lat' dir='ltr'><strong>velamento</strong></span> <span class='ocrx_word' id='word_1_259' title='bbox 1575 3396 1659 3448; x_wconf 83' lang='lat' dir='ltr'><strong>sui</strong></span> <span class='ocrx_word' id='word_1_260' title='bbox 1705 3412 1895 3465; x_wconf 82' lang='lat' dir='ltr'><strong>corpus</strong></span> <span class='ocrx_word' id='word_1_261' title='bbox 1945 3402 2121 3461; x_wconf 66' lang='lat' dir='ltr'><strong>tegat,</strong></span> <span class='ocrx_word' id='word_1_262' title='bbox 2182 3409 2284 3462; x_wconf 81' lang='lat' dir='ltr'><strong>qna</strong></span> 
     </span>
     <span class='ocr_line' id='line_1_35' title="bbox 309 3465 2279 3534; baseline -0.002 -17"><span class='ocrx_word' id='word_1_263' title='bbox 309 3466 520 3517; x_wconf 82' lang='lat' dir='ltr'><strong>Romani</strong></span> <span class='ocrx_word' id='word_1_264' title='bbox 573 3469 640 3527; x_wconf 45' lang='lat' dir='ltr'><strong>in,</strong></span> <span class='ocrx_word' id='word_1_265' title='bbox 679 3484 803 3534; x_wconf 83' lang='lat' dir='ltr'><strong>pace</strong></span> <span class='ocrx_word' id='word_1_266' title='bbox 849 3469 1160 3531; x_wconf 82' lang='lat' dir='ltr'><strong>utebantur,</strong></span> <span class='ocrx_word' id='word_1_267' title='bbox 1229 3465 1354 3519; x_wconf 83' lang='lat' dir='ltr'><strong>belli</strong></span> <span class='ocrx_word' id='word_1_268' title='bbox 1409 3482 1532 3518; x_wconf 81' lang='lat' dir='ltr'><strong>vero</strong></span> <span class='ocrx_word' id='word_1_269' title='bbox 1596 3473 1825 3533; x_wconf 82' lang='lat' dir='ltr'><strong>tempore</strong></span> <span class='ocrx_word' id='word_1_270' title='bbox 1882 3466 2279 3534; x_wconf 72' lang='lat' dir='ltr'><strong>paludamentis.</strong></span> 
     </span>
     <span class='ocr_line' id='line_1_36' title="bbox 309 3532 2283 3602; baseline -0.002 -14"><span class='ocrx_word' id='word_1_271' title='bbox 309 3535 551 3588; x_wconf 78' lang='lat' dir='ltr'><strong>Mensura</strong></span> <span class='ocrx_word' id='word_1_272' title='bbox 590 3537 760 3588; x_wconf 78' lang='lat' dir='ltr'><strong>iustae</strong></span> <span class='ocrx_word' id='word_1_273' title='bbox 795 3544 943 3602; x_wconf 66' lang='lat' dir='ltr'><strong>togae</strong></span> <span class='ocrx_word' id='word_1_274' title='bbox 981 3536 1049 3590; x_wconf 84' lang='lat' dir='ltr'><strong>VI</strong></span> <span class='ocrx_word' id='word_1_275' title='bbox 1086 3537 1238 3587; x_wconf 83' lang='lat' dir='ltr'><strong>ulnas</strong></span> <span class='ocrx_word' id='word_1_276' title='bbox 1274 3535 1497 3586; x_wconf 55' lang='grc' dir='ltr'><strong>δύου(</strong></span> <span class='ocrx_word' id='word_1_277' title='bbox 1547 3533 1618 3585; x_wconf 81' lang='lat' dir='ltr'><strong>Bt</strong></span> <span class='ocrx_word' id='word_1_278' title='bbox 1652 3536 1841 3586; x_wconf 87' lang='lat' dir='ltr'><strong>iterum</strong></span> <span class='ocrx_word' id='word_1_279' title='bbox 1876 3535 2043 3586; x_wconf 81' lang='lat' dir='ltr'><strong>idem:</strong></span> <span class='ocrx_word' id='word_1_280' title='bbox 2082 3532 2283 3599; x_wconf 76' lang='lat' dir='ltr'><strong>„Toga</strong></span> 
     </span>
     <span class='ocr_line' id='line_1_37' title="bbox 307 3602 2282 3688; baseline -0.002 -34"><span class='ocrx_word' id='word_1_281' title='bbox 307 3606 474 3688; x_wconf 65' lang='lat' dir='ltr'><strong>yestis</strong></span> <span class='ocrx_word' id='word_1_282' title='bbox 508 3604 734 3656; x_wconf 81' lang='lat' dir='ltr'><strong>Romana</strong></span> <span class='ocrx_word' id='word_1_283' title='bbox 769 3606 1128 3688; x_wconf 76' lang='lat' dir='ltr'><strong>antiquissima</strong></span> <span class='ocrx_word' id='word_1_284' title='bbox 1165 3619 1195 3656; x_wconf 82' lang='lat' dir='ltr'><strong>a</strong></span> <span class='ocrx_word' id='word_1_285' title='bbox 1231 3603 1507 3669; x_wconf 61' lang='lat' dir='ltr'><strong>Pelasgw</strong></span> <span class='ocrx_word' id='word_1_286' title='bbox 1546 3602 1717 3667; x_wconf 82' lang='lat' dir='ltr'><strong>(Tert.</strong></span> <span class='ocrx_word' id='word_1_287' title='bbox 1755 3605 1819 3656; x_wconf 86' lang='lat' dir='ltr'><strong>de</strong></span> <span class='ocrx_word' id='word_1_288' title='bbox 1844 3602 1969 3686; x_wconf 67' lang='lat' dir='ltr'><strong>pall.</strong></span> <span class='ocrx_word' id='word_1_289' title='bbox 2009 3602 2063 3669; x_wconf 80' lang='lat'><strong>¹)</strong></span> <span class='ocrx_word' id='word_1_290' title='bbox 2091 3602 2282 3682; x_wconf 69' lang='lat' dir='ltr'><strong>„prins</strong></span> 
     </span>
     <span class='ocr_line' id='line_1_38' title="bbox 309 3671 2282 3809; baseline -0.002 -16"><span class='ocrx_word' id='word_1_291' title='bbox 309 3679 540 3793; x_wconf 60' lang='lat'><strong>222050‘5.</strong></span> <span class='ocrx_word' id='word_1_292' title='bbox 558 3671 2282 3809; x_wconf 54' lang='lat' dir='ltr'><strong>⁶3223⁸¹2¹32¹J¹1¹12²3s÷‘3323.222¹;“2:;.:‘.{:3225:;.5‘„2¹:21</strong></span> 
     </span>
     <span class='ocr_line' id='line_1_39' title="bbox 309 3810 2283 3878; baseline -0.002 -15"><span class='ocrx_word' id='word_1_293' title='bbox 309 3826 423 3863; x_wconf 89' lang='lat' dir='ltr'><strong>rum</strong></span> <span class='ocrx_word' id='word_1_294' title='bbox 457 3812 737 3878; x_wconf 83' lang='lat' dir='ltr'><strong>tenebant,</strong></span> <span class='ocrx_word' id='word_1_295' title='bbox 786 3813 939 3863; x_wconf 84' lang='lat' dir='ltr'><strong>cuius</strong></span> <span class='ocrx_word' id='word_1_296' title='bbox 987 3811 1378 3863; x_wconf 81' lang='lat' dir='ltr'><strong>similitudinem</strong></span> <span class='ocrx_word' id='word_1_297' title='bbox 1428 3812 1483 3863; x_wconf 82' lang='lat' dir='ltr'><strong>in</strong></span> <span class='ocrx_word' id='word_1_298' title='bbox 1519 3810 1855 3878; x_wconf 77' lang='lat' dir='ltr'><strong>operimentis</strong></span> <span class='ocrx_word' id='word_1_299' title='bbox 1888 3811 2283 3862; x_wconf 74' lang='lat' dir='ltr'><strong>simulacrorum</strong></span> 
     </span>
     <span class='ocr_line' id='line_1_40' title="bbox 313 3879 655 3931; baseline 0 -1"><span class='ocrx_word' id='word_1_300' title='bbox 313 3894 371 3930; x_wconf 82' lang='lat' dir='ltr'><strong>as</strong></span> <span class='ocrx_word' id='word_1_301' title='bbox 408 3879 655 3931; x_wconf 84' lang='lat' dir='ltr'><strong>icimus.“</strong></span> 
     </span>
    </p>

    <p class='ocr_par' dir='ltr' id='par_1_9' title="bbox 243 3896 1296 4015">
     <span class='ocr_line' id='line_1_41' title="bbox 243 3896 1296 4015; baseline 0.001 -15"><span class='ocrx_word' id='word_1_302' title='bbox 243 3949 277 4000; x_wconf 72' lang='lat'>4</span> <span class='ocrx_word' id='word_1_303' title='bbox 311 3896 438 3999; x_wconf 72' lang='lat' dir='ltr'><strong>Hopr.</strong></span> <span class='ocrx_word' id='word_1_304' title='bbox 477 3949 625 4015; x_wconf 84' lang='lat' dir='ltr'><strong>epod.</strong></span> <span class='ocrx_word' id='word_1_305' title='bbox 666 3952 718 4012; x_wconf 78' lang='lat'><strong>4,</strong></span> <span class='ocrx_word' id='word_1_306' title='bbox 757 3949 791 4002; x_wconf 87' lang='grc'><strong>8</strong></span> <span class='ocrx_word' id='word_1_307' title='bbox 827 3948 899 3999; x_wconf 83' lang='lat' dir='ltr'><strong>ib.</strong></span> <span class='ocrx_word' id='word_1_308' title='bbox 938 3948 1101 3999; x_wconf 80' lang='lat' dir='ltr'><strong>schol.</strong></span> <span class='ocrx_word' id='word_1_309' title='bbox 1287 3994 1296 4001; x_wconf 94' lang='lat'><strong>.</strong></span> 
     </span>
    </p>

    <p class='ocr_par' dir='ltr' id='par_1_10' title="bbox 242 4012 2281 4151">
     <span class='ocr_line' id='line_1_42' title="bbox 242 4012 2281 4139; baseline -0.001 -73"><span class='ocrx_word' id='word_1_310' title='bbox 242 4012 275 4136; x_wconf 63' lang='grc' dir='ltr'>ἓ</span> <span class='ocrx_word' id='word_1_311' title='bbox 313 4015 670 4139; x_wconf 50' lang='grc' dir='ltr'><strong>Ηαοὲαἰομιιίιι</strong></span> <span class='ocrx_word' id='word_1_312' title='bbox 693 4018 757 4069; x_wconf 83' lang='lat' dir='ltr'><strong>dc</strong></span> <span class='ocrx_word' id='word_1_313' title='bbox 793 4024 916 4084; x_wconf 66' lang='lat' dir='ltr'><strong>toga</strong></span> <span class='ocrx_word' id='word_1_314' title='bbox 939 4017 1122 4069; x_wconf 81' lang='lat' dir='ltr'><strong>iisdem</strong></span> <span class='ocrx_word' id='word_1_315' title='bbox 1145 4032 1234 4069; x_wconf 83' lang='lat' dir='ltr'><strong>vv.</strong></span> <span class='ocrx_word' id='word_1_316' title='bbox 1262 4017 1509 4084; x_wconf 68' lang='lat' dir='ltr'><strong>leguntur</strong></span> <span class='ocrx_word' id='word_1_317' title='bbox 1537 4015 1670 4084; x_wconf 82' lang='lat' dir='ltr'><strong>apud</strong></span> <span class='ocrx_word' id='word_1_318' title='bbox 1695 4014 1820 4069; x_wconf 72' lang='lat' dir='ltr'><strong>laid.</strong></span> <span class='ocrx_word' id='word_1_319' title='bbox 1845 4017 2009 4083; x_wconf 66' lang='lat' dir='ltr'><strong>origg.</strong></span> <span class='ocrx_word' id='word_1_320' title='bbox 2025 4013 2175 4079; x_wconf 81' lang='lat' dir='ltr'><strong>xlx,</strong></span> <span class='ocrx_word' id='word_1_321' title='bbox 2192 4015 2281 4070; x_wconf 75' lang='lat'><strong>2⁴.</strong></span> 
     </span>
     <span class='ocr_line' id='line_1_43' title="bbox 310 4100 724 4151; baseline 0.01 -16"><span class='ocrx_word' id='word_1_322' title='bbox 310 4100 409 4150; x_wconf 78' lang='lat' dir='ltr'><strong>cap</strong></span> <span class='ocrx_word' id='word_1_323' title='bbox 499 4102 548 4136; x_wconf 77' lang='lat' dir='ltr'><em>u</em></span> <span class='ocrx_word' id='word_1_324' title='bbox 585 4102 650 4138; x_wconf 82' lang='lat' dir='ltr'><strong>vn</strong></span> <span class='ocrx_word' id='word_1_325' title='bbox 675 4102 724 4151; x_wconf 68' lang='grc' dir='ltr'><strong>ς.</strong></span> 
     </span>
    </p>
   </div>
   <div class='ocr_carea' id='block_1_6' title="bbox 325 4160 1861 4218">
    <p class='ocr_par' dir='ltr' id='par_1_11' title="bbox 325 4160 1861 4218">
     <span class='ocr_line' id='line_1_44' title="bbox 325 4160 1861 4218; baseline 0.002 -3"><span class='ocrx_word' id='word_1_326' title='bbox 325 4175 561 4215; x_wconf 68' lang='lat' dir='ltr'><strong>nasius.</strong></span> <span class='ocrx_word' id='word_1_327' title='bbox 1784 4160 1861 4218; x_wconf 80' lang='lat'><strong>21</strong></span> 
     </span>
    </p>
   </div>
   <div class='ocr_carea' id='block_1_7' title="bbox 1722 4328 1760 4364">
    <p class='ocr_par' dir='ltr' id='par_1_12' title="bbox 1722 4328 1760 4364">
     <span class='ocr_line' id='line_1_45' title="bbox 1722 4328 1760 4364; baseline 0 -31"><span class='ocrx_word' id='word_1_328' title='bbox 1722 4328 1760 4364; x_wconf 54' lang='lat'><strong>9-</strong></span> 
     </span>
    </p>
   </div>
  </div>
 </body>
</html>
