2764 4738
860 435 1029 499 sAT.
1061 438 1136 513 V,
1170 442 1377 502 167-
1414 440 1558 502 176.
2103 434 2232 503 207

183 607 343 667 tibus
356 650 383 679 ‚
429 609 762 667 averruncis
808 607 1019 682 (Varro
1049 607 1120 667 L.
1150 607 1224 667 L.
1258 608 1388 681 VH,
1422 612 1604 681 102),
1664 602 2096 686 ἀποτροπαίοις
2135 609 2227 670 vel

178 688 604 762 ἇπωσικάκοις
634 691 718 765 (ἰιι
747 695 1132 774 inscriptione,
1162 715 1217 752 v.
1250 713 1408 771 spec.
1442 696 1622 772 epigr.
1655 714 1709 772 p.
1736 698 1914 766 133),
1956 697 2228 773 Iuppiter

179 780 470 856 depulsor
512 789 605 836 est
644 781 698 837 in
740 779 916 839 titulis
960 778 1149 848 (Grnt.
1199 783 1303 850 20,
1350 782 1411 841 3.
1453 779 1663 839 Murat.
1712 783 1772 850 9,
1818 781 1908 857 8).
1985 784 2226 856 Agnam

173 873 464 941 percute,
496 884 551 922 v.
582 865 820 923 solemni
851 863 920 923 de
950 884 1098 944 popa
1119 908 1135 935 ,
1167 866 1259 944 qui
1291 866 1528 923 hostiam
1562 866 1695 924 ferit
1728 863 1914 939 (Ovid.
1938 864 2078 923 Met.
2095 864 2226 936 XV,

184 951 331 1010 126.
369 948 532 1007 Fast.
568 948 612 1022 1,
645 954 790 1012 347.
821 950 995 1009 Trist.
1028 949 1129 1019 lV,
1160 954 1222 1022 2,
1256 954 1345 1029 5).
1409 950 1505 1010 Me
1536 962 1721 1010 autem
1753 950 2040 1029 zelotypia
2071 970 2227 1009 com-

177 1044 404 1092 motus:
465 1035 591 1092 Sed
634 1036 859 1093 censen’
892 1036 1195 1115 plorabit,
1245 1036 1452 1106 Dave,
1501 1037 1764 1094 relicta?
1819 1035 1979 1093 Tunc
2025 1054 2224 1095 servus

178 1119 542 1196 intelligens,
605 1121 865 1181 iuvenem
909 1141 1128 1181 amore,
1159 1119 1341 1179 adhuc
1389 1132 1610 1199 captum
1658 1139 1826 1192 esse,
1881 1119 2224 1198 respondet:

174 1204 495 1280 Nugaris,
542 1207 788 1284 ineptis;
853 1206 1000 1265 ultro
1048 1216 1105 1265 te
1147 1207 1350 1265 iniuria
1392 1204 1748 1266 efficiendum
1780 1208 2063 1265 meretrici
2095 1225 2228 1264 mox

178 1289 511 1368 praebebis,
542 1293 701 1349 solea
731 1291 1159 1370 obiurgabere,
1194 1311 1319 1350 nam
1351 1292 1459 1350 iam
1491 1290 1638 1370 apud
1669 1292 1927 1370 antiquos
1959 1291 2226 1350 mulieres

179 1376 344 1434 solea
375 1374 681 1434 utebantur
708 1387 768 1434 ut
796 1379 1016 1456 imperii
1048 1378 1449 1448 instrumento,
1480 1397 1590 1456 qno
1622 1377 1753 1435 olim
1784 1376 2085 1435 Herculem
2116 1378 2226 1435 iam

178 1462 549 1538 mitigaverat
606 1461 877 1540 Omphale
922 1462 1087 1542 (Ter.
1136 1461 1283 1520 Eun.
1313 1461 1387 1533 V,
1420 1467 1480 1533 7,
1511 1467 1571 1523 4.
1638 1462 1888 1521 Brunck.
1935 1460 2127 1520 Anall.
2176 1461 2226 1520 11

178 1564 243 1628 p.
280 1548 435 1608 409.
488 1544 634 1606 Luc.
685 1568 871 1627 quom.
917 1567 1029 1607 scr.
1077 1548 1205 1606 hist.
1258 1551 1356 1608 10.
1404 1546 1535 1608 dial.
1561 1545 1626 1626 d.
1667 1552 1766 1618 13,
1796 1550 1866 1626 2)
1909 1545 2055 1606 unde
2088 1546 2225 1604 nihil

178 1633 420 1700 mirum,
462 1633 731 1692 mortales
763 1653 796 1690 a
828 1633 1050 1692 feminis
1082 1632 1282 1710 puerili
1329 1632 1501 1708 (Luc.
1533 1632 1663 1691 dial.
1697 1631 1852 1691 deor.
1885 1631 1956 1702 11,
1993 1637 2048 1694 1.
2096 1631 2226 1690 Phi-

178 1717 333 1793 lops.
368 1718 481 1794 28)
514 1720 890 1796 castigatione
922 1719 1073 1776 affici
1108 1717 1418 1796 (Turpilius
1451 1738 1540 1796 ap.
1561 1717 1711 1776 Non.
1743 1737 1790 1777 s.
1815 1737 1870 1775 v.
1903 1719 2074 1776 mitis.
2108 1718 2226 1776 Iuv.

178 1801 284 1872 vl,
318 1804 463 1863 612.
495 1802 732 1862 Anthol.
767 1803 835 1862 L.
868 1803 967 1875 111,
1005 1808 1142 1864 175.
1177 1806 1368 1865 n.952
1384 1803 1465 1862 M.
1502 1804 1577 1862 cl.
1612 1804 1796 1862 Arist.
1831 1801 1978 1881 Lys.
2001 1805 2124 1864 657
2140 1822 2225 1880 sq.
2307 1871 2316 1900 a

180 1885 440 1965 Hesych.
473 1906 522 1944 s.
552 1907 611 1946 v.
644 1889 991 1966 βλαυτοῦν).
1047 1889 1386 1966 obiurgare
1424 1890 1609 1959 solea,
1643 1900 1704 1947 ut
1734 1888 2036 1966 obiurgare
2071 1889 2228 1946 feru-

179 1973 290 2042 lis,
321 1973 518 2049 flagris
550 1971 740 2049 (Suet.
776 1973 955 2051 Calig.
988 1977 1090 2035 20.
1127 1974 1258 2033 oth.
1294 1975 1385 2049 2).
1430 1975 1524 2032 Ne
1568 1976 1873 2052 trepidare
1921 1974 2068 2031 velis
2090 2018 2110 2044 ,
2169 1984 2229 2031 ut

181 2055 334 2200 33:2¹
349 2056 931 2215 εἷ’ἕξίἱῗῗέἕὲἱζὲξ
946 2060 1537 2222 ιῗέὥῐὲῗοῖἕιῗᾟέζί
1565 2080 1609 2202 1¹2¹
1605 2080 1641 2201 ζ
1642 2078 1714 2203 ἕὲ
1720 2078 2020 2224 ἒέζζῗὲἲ
2043 2069 2229 2223 iffi.

184 2229 401 2286 serunt.
459 2231 680 2288 Arctos
721 2232 932 2287 rodere
976 2248 1170 2288 casses
1188 2273 1210 2299 ,
1255 2240 1316 2287 ut
1346 2249 1379 2288 e
1414 2231 1626 2308 plagiS‚
1659 2230 1856 2309 quibus
1887 2231 2228 2304 con-strictus

183 2332 289 2384 es,
333 2324 393 2372 te
440 2313 672 2376 liberes.
745 2315 866 2374 Huc
908 2319 1193 2394 pertinent
1236 2314 1533 2374 Menandri
1576 2317 1750 2375 verba
1798 2316 1899 2393 (fr.
1943 2316 2046 2393 3):
2108 2308 2227 2388 ,Μὴ

180 2391 522 2497 θεομᾶζει,
568 2399 720 2476 μηδὲ
762 2397 1075 2483 προσάγοι)
1116 2400 1204 2477 τῷ
1256 2397 1563 2481 πράγματι
1601 2403 1940 2478 ’.Χειμαῖνας
1995 2396 2233 2481 ἑτέρους

182 2485 329 2553 τοῦς
358 2482 397 2540 δ
457 2480 822 2563 ἀναγκαίους
868 2484 1038 2567 φέρε.
1082 2487 1371 2561 Quidnam
1404 2488 1595 2564 igitur
1608 2485 1888 2565 faciam?
1917 2482 2233 2544 Menander

100 2587 109 2594 ’
186 2570 388 2647 (srgm.
428 2572 524 2647 1):
571 2564 733 2628 Εἶτα
759 2569 819 2627 τί
861 2562 1096 2643 ποιήσω
1107 2594 1129 2641 ,·
1192 2571 1531 2630 Terentius:
1565 2570 1752 2643 „Quid
1784 2572 1954 2648 igitur
1985 2571 2233 2628 faciam?

186 2675 298 2711 non
332 2674 460 2714 eam
492 2674 563 2713 ne
596 2675 741 2714 nunc
773 2654 1015 2734 quidem,
1048 2676 1169 2714 cum
1193 2674 1469 2715 accersor
1487 2658 1632 2715 ultro
1647 2661 1716 2715 ‘P‘
1763 2656 2063 2714 Horatius:
2097 2654 2229 2725 „Ne

184 2760 358 2810 nunc,
392 2760 515 2797 cum
548 2760 636 2799 me
667 2751 836 2802 vocet
866 2741 1031 2812 ultro,
1064 2739 1412 2800 accedam?“
1457 2744 1549 2799 Ne
1568 2762 1674 2800 non
1696 2743 1934 2820 positum
1965 2759 2094 2799 esse
2128 2759 2230 2818 pro

186 2844 260 2883 ne
283 2860 373 2869 —-
404 2826 633 2901 quidem
650 2869 673 2896 ,
708 2845 777 2884 ne
810 2825 955 2904 apud
987 2838 1189 2905 poetas
1221 2825 1441 2905 quidem
1461 2870 1478 2898 ,
1510 2826 1698 2886 docuit
1726 2825 1974 2903 Madvig.
2007 2824 2076 2882 ad
2111 2825 2230 2884 Cic.

186 2909 258 2969 de
285 2911 424 2968 finn.
472 2910 515 2980 1,
553 2915 651 2981 11,
684 2915 800 2981 39,
860 2914 1179 2990 monuitque
1229 2913 1389 2970 huius
1435 2932 1570 2970 usus
1613 2923 1862 2971 nostrum
1910 2923 1969 2970 et
2018 2910 2232 2968 Horatii

186 2995 372 3054 locum
403 3004 612 3054 tantum
644 3006 799 3055 stare
831 3000 1166 3056 testimonia.
1216 2997 1427 3057 Verum
1459 3017 1582 3056 cum
1614 2996 1760 3077 apud
1792 2996 2112 3056 Petronium
2146 2994 2231 3053 bis

186 3082 266 3138 ita
296 3080 538 3159 positum
573 3082 796 3159 legatur
825 3082 916 3161 (9.
951 3084 1099 3160 47),
1140 3081 1269 3141 vide
1301 3102 1371 3141 an
1420 3086 1668 3142 sermoni
1708 3083 1965 3162 populari
1996 3081 2101 3139 hoc
2133 3081 2233 3138 tri-

185 3165 471 3225 buendum
517 3168 625 3238 sit,
670 3165 910 3247 indeque
956 3169 1310 3228 translatum.
1382 3170 1559 3227 Totus
1607 3179 1665 3228 el
1708 3171 1978 3246 integer,
2026 3185 2234 3226 revera

188 3251 357 3311 liber.

359 3357 415 3395 v.
452 3342 811 3399 174—-188,
860 3339 1010 3409 Hic,
1059 3340 1193 3409 laic,
1242 3358 1409 3416 quem
1438 3340 1815 3416 quaerimus,
1864 3338 1958 3396 hio
1986 3348 2111 3409 cst,
2155 3337 2232 3395 cf.

189 3419 326 3479 llor.
362 3442 495 3500 epp.
533 3422 576 3494 Ι,
602 3427 699 3493 17,
716 3427 836 3486 39:
885 3423 1033 3495 „Hic
1065 3435 1175 3493 est,
1207 3434 1304 3481 aut
1332 3443 1624 3503 nusquam,
1657 3423 1803 3502 quod
1835 3425 2153 3503 quaerimus
2174 3430 2236 3492 3⁴⁶

189 3527 302 3565 non
338 3508 398 3566 in
414 3506 663 3585 festuca
694 3507 994 3583 (vindicta,
1023 3510 1101 3567 cf.
1135 3508 1319 3566 Plaut.
1354 3510 1471 3567 mil.
1507 3510 1587 3586 gl.
1627 3508 1667 3579 l,
1700 3514 1760 3578 4,
1799 3514 1899 3569 15.
1936 3509 2007 3567 cl.
2034 3527 2088 3565 v.
2107 3512 2236 3580 88),

191 3611 366 3669 quam
414 3595 605 3651 iaceat
642 3594 817 3651 lictor
861 3596 1093 3672 &neptus
1110 3638 1132 3666 ,
1196 3595 1354 3676 quasi
1410 3613 1549 3653 vere
1610 3594 1845 3653 liberum
1906 3613 2234 3673 quemquam

190 3678 390 3736 facere
420 3681 625 3756 possit.
675 3681 779 3736 Ius
808 3679 990 3737 habet
1010 3681 1106 3737 ille
1129 3682 1260 3750 sui,
1296 3680 1441 3738 liber
1471 3690 1559 3738 est
1591 3679 1684 3738 ille
1710 3679 1890 3757 palpo
1922 3677 2019 3755 (ad
2040 3677 2085 3750 1,
2109 3679 2237 3756 12),

193 3765 283 3841 qui
316 3762 601 3821 blanditiis
632 3765 870 3841 gratiam
902 3775 1111 3842 captat.
1173 3764 1313 3823 Hinc
1362 3765 1559 3822 sumsit
1587 3783 1804 3823 ‚nomen
1850 3765 1933 3823 Io.
1973 3762 2236 3822 Sarisbe-

194 3849 401 3907 riensis
448 3849 677 3928 (policr.
708 3848 805 3920 Ill,
836 3850 941 3927 4),
974 3850 1065 3929 qui
1098 3851 1175 3907 ita
1208 3849 1486 3928 explicat:
1545 3849 1851 3922 „Ceterum
1875 3851 2102 3928 palpo,
2145 3849 2239 3928 qui

195 3944 381 3992 tamen
427 3936 803 3994 assentatoris
848 3935 940 3993 vel
987 3932 1295 3992 adulatoris
1343 3945 1615 3993 censetur
1657 3936 1916 4006 nomine,
1946 3968 2031 3979 -
2061 3934 2239 3993 homi-

193 4038 322 4077 num
354 4030 576 4078 mentes
607 4020 887 4097 explorat,
919 4030 1242 4098 praetentat
1264 4021 1630 4092 voluntatem,
1662 4030 1724 4078 ut
1753 4020 1846 4079 cui
1877 4021 1961 4079 rei
1993 4019 2239 4078 volueris

198 4123 404 4165 sensns
448 4101 874 4179 accommodet,
922 4115 982 4164 ut
1009 4106 1250 4183 gratiam
1281 4106 1468 4178 illius,
1515 4125 1639 4165 cum
1672 4126 1781 4185 quo
1812 4103 1966 4185 agit,
2011 4102 2241 4164 fraudu-
