2764 4738
832 412 1001 475 SA'r.
1038 414 1113 485 V,
1188 415 1518 478 185-191
1532 455 1547 471 .
2082 406 2214 477 2⁰9

158 582 360 656 (Mart.
390 584 465 655 V,
482 588 588 657 30,
607 590 691 655 5).
745 587 885 645 Tum
915 588 1089 664 nigri
1108 588 1384 656 lemures,
1417 594 1761 643 mortuorum
1790 581 2021 643 umbrae
2042 593 2212 643 noctu

154 680 473 747 vagantes,
505 672 582 731 cf.
613 671 750 729 Hor.
783 691 918 749 epp.
953 672 1023 742 11,
1055 676 1116 742 2,
1142 675 1267 734 209
1296 671 1373 728 ib.
1402 670 1582 730 schol.
1614 668 1782 749 Apul.
1815 667 1887 728 de
1914 665 2024 728 deo
2046 667 2211 728 Soer.

152 775 211 834 p.
248 759 332 817 50
359 754 511 815 Elm.
547 756 696 835 apol.
727 777 782 835 p.
812 762 961 818 315.
996 756 1151 816 Non.
1187 776 1234 816 s.
1261 776 1317 814 v.
1349 757 1619 814 lemures.
1678 756 1913 831 ovoque
1932 756 2210 834 pericula

153 851 337 918 rupto
365 839 442 899 ad
467 835 853 914 ὠοσκοπικῆν
867 839 1046 902 refert
1063 840 1244 900 schol.
1270 841 1347 899 cf.
1364 840 1622 899 Lobeck.
1641 838 2210 918 Aglaopb.1p.410.

158 926 305 983 Tum
328 927 597 1002 grandes
639 928 835 998 Galli,
869 937 931 986 ut
958 928 1159 1005 ingens
1192 927 1424 985 semivir
1452 923 1600 1004 apud
1630 926 1823 984 luven.
1855 924 1952 995 VI,
1974 928 2098 986 512
2123 943 2209 1004 sq.

147 1008 242 1068 De
267 1012 482 1082 Gallis,
519 1011 766 1090 Cybeles
784 1010 1198 1082 sacerdotibus,
1214 1014 1400 1070 omnia
1428 1022 1583 1083 nota,
1614 1012 1763 1070 sicut
1785 1008 1855 1069 de
1868 1010 2211 1068 Isz'dzseultu

149 1094 372 1155 Romae
406 1096 689 1175 frequenti
719 1097 1022 1175 (Buttiger,
1049 1095 1185 1156 Sab.
1216 1096 1240 1156 1
1269 1115 1329 1174 p.
1361 1100 1487 1159 232
1502 1115 1625 1176 sqq.
1653 1096 1730 1154 kl.
1763 1093 2204 1173 Schr.11p.211
2257 1155 2260 1160 .

149 1200 277 1260 sqq.
312 1180 389 1240 111
406 1202 466 1259 p.
486 1185 613 1244 244
631 1188 807 1261 sqq.).
843 1184 1105 1242 Sis-trum
1135 1180 1270 1240 Isidi
1302 1183 1588 1260 proprium
1622 1182 1723 1255 (cf.
1750 1177 2113 1240 Hildebrand.
2138 1177 2212 1238 ad

147 1264 323 1345 Apul.
352 1277 393 1325 t.
424 1266 473 1326 11
499 1287 555 1345 p.
588 1272 713 1330 644
744 1271 916 1346 sqq.).
970 1269 1165 1327 Lusca
1196 1268 1478 1326 sacerdos
1508 1287 1583 1326 ex
1612 1267 1898 1326 sententia
1927 1265 2212 1325 viscontii

151 1351 329 1423 (Mus.
376 1351 476 1410 Pio
509 1352 593 1411 Cl.
625 1352 699 1411 111
729 1374 788 1432 p.
826 1357 908 1415 60
946 1360 1057 1433 sq.)
1091 1351 1243 1411 dicta
1271 1363 1397 1424 est,
1440 1353 1569 1431 quia
1600 1350 1791 1410 luscos
1831 1347 1903 1411 ad
1935 1348 2209 1431 quaedam

149 1435 482 1496 sacerdotia
529 1437 748 1516 eligere
790 1440 964 1496 moris
1011 1438 1221 1508 fuerit,
1268 1435 1417 1517 quod
1462 1437 1707 1516 probare
1754 1434 1945 1496 studet
1988 1433 2208 1495 duobus

149 1523 401 1602 antiquis
433 1521 656 1600 sigillis,
687 1542 833 1602 quae
851 1521 1184 1583 sacerdotes
1198 1521 1523 1602 Aegyptios
1543 1522 2209 1602 repraesentantluscos,

148 1605 405 1666 adhibito
437 1609 844 1686 epigrammate
879 1608 1048 1682 (Plut.
1091 1606 1162 1668 de
1209 1608 1375 1667 exsil.
1414 1612 1475 1670 2.
1507 1607 1690 1668 Antb.
1730 1606 1850 1665 Pal.
1874 1606 2001 1679 VII,
2033 1610 2208 1679 709),

148 1690 303 1753 unde
343 1691 497 1752 idem
540 1693 778 1753 efficere
824 1694 1001 1752 voluit
1043 1692 1286 1752 Salmas.
1327 1693 1576 1753 Exercc.
1621 1691 1764 1751 Plin.
1796 1713 1853 1771 p.
1885 1696 2036 1754 825.
2098 1692 2205 1752 Isis

149 1791 342 1838 autem
374 1798 478 1838 eos
497 1820 517 1851 ,
564 1779 765 1857 quibus
796 1779 1185 1850 irascebatur,
1217 1798 1427 1837 caecos
1458 1779 1796 1858 praesertim
1828 1775 2076 1837 reddere
2103 1798 2208 1856 pu-

151 1864 382 1923 tabatur
428 1863 616 1937 (Ovid.
648 1884 777 1943 epp.
814 1864 857 1936 I,
893 1869 948 1935 1,
982 1869 1054 1926 51
1094 1885 1216 1944 sqq.
1264 1865 1455 1923 Iuveu.
1490 1864 1642 1933 XIII,
1673 1867 1775 1926 93.
1822 1861 2053 1922 Antbol.
2084 1862 2205 1921 Pal.

148 1947 251 2020 xl,
291 1953 473 2021 115):
521 1968 698 2028 quare
745 1950 902 2008 lusca
935 1950 1209 2009 sacerdos
1242 1960 1360 2021 est,
1393 1968 1537 2028 quae
1569 1951 1623 2007 in
1657 1968 1721 2008 se
1752 1950 1861 2007 iam
1890 1950 2032 2007 iram
2063 1946 2206 2009 deae

148 2044 321 2114 atque
362 2037 671 2113 potentiam
720 2046 959 2113 experta
1003 2044 1110 2096 est.
1183 2037 1497 2094 Incussere
1539 2036 1713 2104 deos,
1761 2035 1799 2092 i.
1844 2053 1898 2093 e.
1949 2035 2208 2093 timorem

150 2117 410 2191 deorum,
440 2121 718 2201 inflantes
748 2141 999 2199 corpora.
1021 2164 1039 2191 ‚
1074 2120 1317 2191 morbis,
1348 2121 1426 2178 cf.
1457 2118 1628 2179 Mart.
1660 2118 1759 2190 IV,
1789 2123 1980 2190 4:3‚72
2033 2119 2206 2192 „Iuro

151 2224 256 2284 per
280 2204 488 2284 Syrios
521 2206 620 2264 tibi
654 2215 968 2265 tumores.“
1000 2205 1142 2264 Plut.
1175 2203 1247 2264 de
1281 2214 1530 2285 superst.
1548 2209 1608 2267 9.
1661 2204 1768 2264 Isis
1801 2224 2019 2285 quoque
2053 2225 2204 2263 mor-

148 2290 254 2349 bos
308 2290 604 2362 mittebat,
649 2291 730 2351 cf.
776 2290 1026 2350 Meinek.
1073 2289 1145 2349 ad
1190 2290 1425 2352 Philem.
1470 2311 1529 2369 p.
1564 2294 1711 2351 430.
1769 2292 1847 2350 Si
1883 2310 1998 2350 non
2021 2309 2205 2368 proe-

150 2378 411 2448 dictum,
445 2378 547 2437 tibi
578 2397 784 2437 severe
817 2379 1149 2456 imperatum
1182 2376 1368 2455 (Virg.
1404 2376 1549 2436 Aen.
1583 2375 1677 2447 111,
1707 2380 1833 2439 435
1852 2384 1988 2455 sq.),
2022 2387 2203 2454 caput

149 2463 271 2522 alli
307 2472 406 2521 ter
446 2482 617 2521 mane
662 2462 752 2536 (11,
788 2467 889 2535 16)
934 2465 1321 2541 gustaveris,
1370 2460 1444 2522 de
1476 2481 1586 2542 qua
1615 2463 2016 2540 superstitione
2047 2461 2205 2534 nibil,

153 2558 421 2627 quantum
454 2549 586 2605 novi
605 2591 622 2619 ,
654 2547 916 2606 traditum
947 2559 1061 2608 est.

320 2653 378 2690 v.
416 2636 767 2696 189—191.
828 2636 1080 2693 Dtkcerz's
1132 2633 1279 2692 haee
1325 2633 1486 2691 inter
1525 2633 1899 2691 centuriones
1946 2631 2062 2705 (III,
2095 2636 2202 2703 77)

153 2719 498 2790 varicosos,
561 2720 654 2797 qui
699 2720 925 2779 varices
970 2720 1210 2789 habent,
1258 2718 1514 2797 qualibus
1562 2717 1824 2776 laborare
1871 2717 2059 2776 solent
2110 2718 2206 2795 qui

148 2800 241 2862 diu
276 2803 617 2881 multumque
651 2814 800 2862 stant
828 2804 919 2863 vel
953 2803 1188 2883 pedibus
1230 2813 1365 2862 eunt
1414 2802 1554 2876 (Iuv.
1583 2801 1682 2872 VI,
1717 2806 1843 2864 397
1874 2803 1947 2862 ib.
1975 2800 2203 2879 intpp.)‚

150 2908 417 2947 crassum
461 2890 624 2947 ridet
652 2888 767 2963 (111,
805 2895 949 2961 110)
982 2888 1337 2968 ΕαζῘεηηίιιε
1373 2890 1582 2965 ingens
1616 2895 1692 2961 (v.
1724 2890 1831 2963 95)
1874 2898 1938 2946 et
1975 2897 2204 2945 centum

156 2976 415 3032 Graecos
466 2984 636 3032 curto
686 2985 951 3033 centusse
984 2975 1233 3045 licetur,
1270 2973 1547 3032 Graecam
1580 2971 1951 3032 eruditionem
1973 3014 1991 3043 ,
2039 2991 2202 3052 quam

152 3058 444 3136 vilipendit
474 3070 536 3119 et
564 3061 873 3120 contemnit
906 3060 975 3133 (1,
1010 3065 1130 3122 127
1149 3079 1270 3139 sqq.
1306 3057 1407 3129 VI,
1429 3062 1511 3121 37
1529 3064 1640 3137 sq.)
1659 3100 1678 3131 ,
1709 3058 1846 3118 nihil
1876 3058 2070 3118 valere
2104 3059 2200 3117 ait.

661 3410 707 3477 S
794 3416 856 3478 A
944 3412 1004 3477 Τ
1087 3412 1116 3478 1
1209 3412 1272 3477 R
1358 3415 1421 3477 A
1565 3410 1680 3478 Vl.

830 3569 1517 3631 ARGUMENTUM.

316 3740 378 3800 In
424 3740 534 3800 bac
567 3742 746 3800 satira
777 3741 1063 3799 stultitiam
1096 3759 1293 3800 eorum
1324 3751 1654 3813 notaturus,
1701 3741 1794 3820 qui
1824 3742 1907 3800 rei
1941 3740 2199 3801 familiari

151 3823 445 3902 augendae
477 3828 680 3885 intenti
711 3827 896 3885 omnia
925 3824 1136 3903 gaudia
1165 3826 1271 3884 sibi
1303 3825 1621 3905 denegant,
1664 3846 1847 3905 neque
1879 3838 2065 3887 tamen
2097 3847 2201 3886 un-

152 3928 311 3987 quam
345 3911 451 3970 sibi
483 3913 865 3982 satisfaciunt,
914 3911 1179 3970 Caesium
1209 3911 1484 3982 Bassum,
1544 3923 1768 3991 poetam
1821 3913 1928 3970 sibi
1972 3909 2201 3972 amicis-

155 3995 368 4065 simum,
382 3996 708 4075 alloquitur,
722 4016 962 4075 eumque
978 4007 1366 4075 percontatur,
1385 4018 1512 4056 num
1530 3999 1638 4056 iam
1657 3998 1710 4055 in
1727 3997 1915 4057 villam
1934 3995 2198 4057 Sabinam

154 4083 501 4154 recesserit,
545 4082 735 4163 ibique
768 4082 1107 4143 carminibus
1137 4082 1450 4162 pangendis
1481 4103 1712 4163 operam
1744 4080 1843 4143 det
1874 4089 1950 4160 (v.
1989 4087 2197 4156 1—6).

237 4186 473 4226 mustus.
1704 4172 1780 4230 14
