<?xml version="1.0" encoding="UTF-8"?>
<!DOCTYPE html PUBLIC "-//W3C//DTD XHTML 1.0 Transitional//EN"
    "http://www.w3.org/TR/xhtml1/DTD/xhtml1-transitional.dtd">
<html xmlns="http://www.w3.org/1999/xhtml" xml:lang="en" lang="en">
 <head>
  <title>
</title>
<meta http-equiv="Content-Type" content="text/html;charset=utf-8" />
  <meta name='ocr-system' content='tesseract 3.04.00' />
  <meta name='ocr-capabilities' content='ocr_page ocr_carea ocr_par ocr_line ocrx_word'/>
</head>
<body>
  <div class='ocr_page' id='page_1' title='image "./satirarumliberc01jahngoog_0374.png"; bbox 0 0 2764 4738; ppageno 0'>
   <div class='ocr_carea' id='block_1_1' title="bbox 793 341 2371 494">
    <p class='ocr_par' dir='ltr' id='par_1_1' title="bbox 793 341 2371 494">
     <span class='ocr_line' id='line_1_1' title="bbox 793 341 2371 494; baseline -0.001 -29"><span class='ocrx_word' id='word_1_1' title='bbox 793 402 963 466; x_wconf 68' lang='lat' dir='ltr'>sxr.</span> <span class='ocrx_word' id='word_1_2' title='bbox 997 389 1103 494; x_wconf 61' lang='lat' dir='ltr'>m,</span> <span class='ocrx_word' id='word_1_3' title='bbox 1150 402 1706 468; x_wconf 76' lang='lat' dir='ltr'>ARGUMENTUM.</span> <span class='ocrx_word' id='word_1_4' title='bbox 2128 398 2252 466; x_wconf 80' lang='lat'>143</span> <span class='ocrx_word' id='word_1_5' title='bbox 2340 341 2371 362; x_wconf 53' lang='grc'><em>”</em></span> 
     </span>
    </p>
   </div>
   <div class='ocr_carea' id='block_1_2' title="bbox 205 572 2249 741">
    <p class='ocr_par' dir='ltr' id='par_1_2' title="bbox 205 572 2249 741">
     <span class='ocr_line' id='line_1_2' title="bbox 210 572 2249 658; baseline 0 -25"><span class='ocrx_word' id='word_1_6' title='bbox 210 572 367 654; x_wconf 86' lang='lat' dir='ltr'>quod</span> <span class='ocrx_word' id='word_1_7' title='bbox 393 585 584 653; x_wconf 81' lang='lat' dir='ltr'>postea</span> <span class='ocrx_word' id='word_1_8' title='bbox 612 574 686 636; x_wconf 90' lang='lat' dir='ltr'>ad</span> <span class='ocrx_word' id='word_1_9' title='bbox 715 596 864 650; x_wconf 89' lang='lat' dir='ltr'>eum,</span> <span class='ocrx_word' id='word_1_10' title='bbox 895 579 987 658; x_wconf 88' lang='lat' dir='ltr'>qui</span> <span class='ocrx_word' id='word_1_11' title='bbox 1030 575 1424 657; x_wconf 78' lang='lat' dir='ltr'>philosophiae</span> <span class='ocrx_word' id='word_1_12' title='bbox 1454 584 1766 656; x_wconf 83' lang='lat' dir='ltr'>praecepta</span> <span class='ocrx_word' id='word_1_13' title='bbox 1805 573 1953 635; x_wconf 84' lang='lat' dir='ltr'>bene</span> <span class='ocrx_word' id='word_1_14' title='bbox 1998 573 2106 635; x_wconf 82' lang='lat' dir='ltr'>sibi</span> <span class='ocrx_word' id='word_1_15' title='bbox 2149 593 2249 634; x_wconf 89' lang='lat' dir='ltr'>co-</span> 
     </span>
     <span class='ocr_line' id='line_1_3' title="bbox 205 659 2249 741; baseline -0 -21"><span class='ocrx_word' id='word_1_16' title='bbox 205 663 375 739; x_wconf 85' lang='lat' dir='ltr'>gnita</span> <span class='ocrx_word' id='word_1_17' title='bbox 403 662 649 740; x_wconf 77' lang='lat' dir='ltr'>negligit,</span> <span class='ocrx_word' id='word_1_18' title='bbox 681 664 762 721; x_wconf 89' lang='lat' dir='ltr'>ita</span> <span class='ocrx_word' id='word_1_19' title='bbox 804 664 1169 733; x_wconf 78' lang='lat' dir='ltr'><strong>transfertur,</strong></span> <span class='ocrx_word' id='word_1_20' title='bbox 1212 672 1274 721; x_wconf 86' lang='lat' dir='ltr'>ut</span> <span class='ocrx_word' id='word_1_21' title='bbox 1302 659 1454 721; x_wconf 87' lang='lat' dir='ltr'>idem</span> <span class='ocrx_word' id='word_1_22' title='bbox 1481 661 1660 721; x_wconf 87' lang='lat' dir='ltr'>videri</span> <span class='ocrx_word' id='word_1_23' title='bbox 1691 661 1904 741; x_wconf 86' lang='lat' dir='ltr'>possit,</span> <span class='ocrx_word' id='word_1_24' title='bbox 1936 670 1997 720; x_wconf 90' lang='lat' dir='ltr'>et</span> <span class='ocrx_word' id='word_1_25' title='bbox 2025 662 2249 739; x_wconf 77' lang='lat' dir='ltr'>aegroti</span> 
     </span>
    </p>
   </div>
   <div class='ocr_carea' id='block_1_3' title="bbox 107 747 2292 828">
    <p class='ocr_par' dir='ltr' id='par_1_3' title="bbox 107 747 2292 828">
     <span class='ocr_line' id='line_1_4' title="bbox 107 747 2292 828; baseline 0.001 -27"><span class='ocrx_word' id='word_1_26' title='bbox 107 796 115 800; x_wconf 86' lang='lat'>.</span> <span class='ocrx_word' id='word_1_27' title='bbox 204 749 648 825; x_wconf 83' lang='lat' dir='ltr'>repraesentari,</span> <span class='ocrx_word' id='word_1_28' title='bbox 690 749 784 828; x_wconf 91' lang='lat' dir='ltr'>qui</span> <span class='ocrx_word' id='word_1_29' title='bbox 831 768 956 807; x_wconf 86' lang='lat' dir='ltr'>eum</span> <span class='ocrx_word' id='word_1_30' title='bbox 1001 747 1254 806; x_wconf 91' lang='lat' dir='ltr'>morbum</span> <span class='ocrx_word' id='word_1_31' title='bbox 1298 749 1689 826; x_wconf 79' lang='lat' dir='ltr'>perspexerit,</span> <span class='ocrx_word' id='word_1_32' title='bbox 1729 758 1915 805; x_wconf 87' lang='lat' dir='ltr'>tamen</span> <span class='ocrx_word' id='word_1_33' title='bbox 1959 754 2021 803; x_wconf 88' lang='lat' dir='ltr'>ut</span> <span class='ocrx_word' id='word_1_34' title='bbox 2060 747 2292 804; x_wconf 88' lang='lat' dir='ltr'>animo</span> 
     </span>
    </p>
   </div>
   <div class='ocr_carea' id='block_1_4' title="bbox 194 829 2251 3906">
    <p class='ocr_par' dir='ltr' id='par_1_4' title="bbox 194 829 2251 3304">
     <span class='ocr_line' id='line_1_5' title="bbox 201 829 2245 913; baseline -0.001 -22"><span class='ocrx_word' id='word_1_35' title='bbox 201 829 515 909; x_wconf 73' lang='lat' dir='ltr'>indulgeat,</span> <span class='ocrx_word' id='word_1_36' title='bbox 545 831 855 893; x_wconf 87' lang='lat' dir='ltr'>dissimulat</span> <span class='ocrx_word' id='word_1_37' title='bbox 882 844 943 893; x_wconf 89' lang='lat' dir='ltr'>et</span> <span class='ocrx_word' id='word_1_38' title='bbox 967 853 1038 893; x_wconf 91' lang='lat' dir='ltr'>ne</span> <span class='ocrx_word' id='word_1_39' title='bbox 1057 834 1294 892; x_wconf 88' lang='lat' dir='ltr'>monitus</span> <span class='ocrx_word' id='word_1_40' title='bbox 1311 831 1534 913; x_wconf 88' lang='lat' dir='ltr'>quidem</span> <span class='ocrx_word' id='word_1_41' title='bbox 1564 850 1882 911; x_wconf 73' lang='lat' dir='ltr'>agnoscere</span> <span class='ocrx_word' id='word_1_42' title='bbox 1912 830 2048 902; x_wconf 86' lang='lat' dir='ltr'>vult,</span> <span class='ocrx_word' id='word_1_43' title='bbox 2064 829 2245 889; x_wconf 88' lang='lat' dir='ltr'>donec</span> 
     </span>
     <span class='ocr_line' id='line_1_6' title="bbox 201 915 2245 999; baseline 0 -24"><span class='ocrx_word' id='word_1_44' title='bbox 201 937 368 976; x_wconf 76' lang='lat' dir='ltr'>mors</span> <span class='ocrx_word' id='word_1_45' title='bbox 394 937 515 977; x_wconf 91' lang='lat' dir='ltr'>eum</span> <span class='ocrx_word' id='word_1_46' title='bbox 547 920 842 998; x_wconf 88' lang='lat' dir='ltr'>opprimit,</span> <span class='ocrx_word' id='word_1_47' title='bbox 887 916 1037 999; x_wconf 90' lang='lat' dir='ltr'>quod</span> <span class='ocrx_word' id='word_1_48' title='bbox 1077 915 1271 977; x_wconf 89' lang='lat' dir='ltr'>eadem</span> <span class='ocrx_word' id='word_1_49' title='bbox 1314 919 1538 977; x_wconf 86' lang='lat' dir='ltr'>ratione</span> <span class='ocrx_word' id='word_1_50' title='bbox 1568 916 1640 977; x_wconf 88' lang='lat' dir='ltr'>de</span> <span class='ocrx_word' id='word_1_51' title='bbox 1686 919 1853 997; x_wconf 81' lang='lat' dir='ltr'>animi</span> <span class='ocrx_word' id='word_1_52' title='bbox 1894 917 2044 975; x_wconf 87' lang='lat' dir='ltr'>vitiis</span> <span class='ocrx_word' id='word_1_53' title='bbox 2073 916 2245 976; x_wconf 80' lang='lat' dir='ltr'>valet.</span> 
     </span>
     <span class='ocr_line' id='line_1_7' title="bbox 200 1002 2246 1082; baseline -0.001 -21"><span class='ocrx_word' id='word_1_54' title='bbox 200 1002 297 1061; x_wconf 82' lang='lat' dir='ltr'>Ab</span> <span class='ocrx_word' id='word_1_55' title='bbox 330 1003 508 1062; x_wconf 86' lang='lat' dir='ltr'>altera</span> <span class='ocrx_word' id='word_1_56' title='bbox 552 1015 717 1082; x_wconf 86' lang='lat' dir='ltr'>parte</span> <span class='ocrx_word' id='word_1_57' title='bbox 763 1003 971 1063; x_wconf 89' lang='lat' dir='ltr'>Nattae</span> <span class='ocrx_word' id='word_1_58' title='bbox 1019 1002 1181 1063; x_wconf 40' lang='lat' dir='ltr'>*vitiis</span> <span class='ocrx_word' id='word_1_59' title='bbox 1225 1002 1433 1082; x_wconf 89' lang='lat' dir='ltr'>perditi</span> <span class='ocrx_word' id='word_1_60' title='bbox 1467 1003 1752 1074; x_wconf 83' lang='lat' dir='ltr'>bominis,</span> <span class='ocrx_word' id='word_1_61' title='bbox 1781 1021 2119 1081; x_wconf 87' lang='lat' dir='ltr'>puerorum,</span> <span class='ocrx_word' id='word_1_62' title='bbox 2150 1003 2246 1080; x_wconf 90' lang='lat' dir='ltr'>qui</span> 
     </span>
     <span class='ocr_line' id='line_1_8' title="bbox 201 1086 2244 1161; baseline 0 -16"><span class='ocrx_word' id='word_1_63' title='bbox 201 1086 423 1147; x_wconf 76' lang='lat' dir='ltr'>ludicra</span> <span class='ocrx_word' id='word_1_64' title='bbox 468 1101 700 1161; x_wconf 83' lang='lat' dir='ltr'>curant,</span> <span class='ocrx_word' id='word_1_65' title='bbox 747 1091 1139 1149; x_wconf 73' lang='lat' dir='ltr'>centurionum</span> <span class='ocrx_word' id='word_1_66' title='bbox 1184 1091 1332 1148; x_wconf 88' lang='lat' dir='ltr'>omni</span> <span class='ocrx_word' id='word_1_67' title='bbox 1375 1090 1546 1148; x_wconf 77' lang='lat' dir='ltr'>animi</span> <span class='ocrx_word' id='word_1_68' title='bbox 1590 1089 1810 1148; x_wconf 77' lang='lat' dir='ltr'>cultura</span> <span class='ocrx_word' id='word_1_69' title='bbox 1851 1086 2244 1146; x_wconf 89' lang='lat' dir='ltr'>destitutorum</span> 
     </span>
     <span class='ocr_line' id='line_1_9' title="bbox 200 1171 2245 1255; baseline -0.001 -23"><span class='ocrx_word' id='word_1_70' title='bbox 200 1174 464 1253; x_wconf 85' lang='lat' dir='ltr'>exempla</span> <span class='ocrx_word' id='word_1_71' title='bbox 495 1186 884 1254; x_wconf 87' lang='lat' dir='ltr'>proponuntur</span> <span class='ocrx_word' id='word_1_72' title='bbox 929 1195 1124 1235; x_wconf 90' lang='lat' dir='ltr'>eorum</span> <span class='ocrx_word' id='word_1_73' title='bbox 1156 1174 1473 1246; x_wconf 87' lang='lat' dir='ltr'>hominum,</span> <span class='ocrx_word' id='word_1_74' title='bbox 1507 1176 1600 1255; x_wconf 91' lang='lat' dir='ltr'>qui</span> <span class='ocrx_word' id='word_1_75' title='bbox 1629 1174 1780 1234; x_wconf 86' lang='lat' dir='ltr'>inter</span> <span class='ocrx_word' id='word_1_76' title='bbox 1807 1171 2011 1232; x_wconf 81' lang='lat' dir='ltr'>bonnm</span> <span class='ocrx_word' id='word_1_77' title='bbox 2042 1182 2103 1231; x_wconf 87' lang='lat' dir='ltr'>et</span> <span class='ocrx_word' id='word_1_78' title='bbox 2129 1191 2245 1231; x_wconf 90' lang='lat' dir='ltr'>ma-</span> 
     </span>
     <span class='ocr_line' id='line_1_10' title="bbox 198 1255 2246 1341; baseline 0 -25"><span class='ocrx_word' id='word_1_79' title='bbox 198 1260 342 1331; x_wconf 90' lang='lat' dir='ltr'>lnm,</span> <span class='ocrx_word' id='word_1_80' title='bbox 374 1271 592 1319; x_wconf 90' lang='lat' dir='ltr'>rectum</span> <span class='ocrx_word' id='word_1_81' title='bbox 624 1270 685 1318; x_wconf 88' lang='lat' dir='ltr'>et</span> <span class='ocrx_word' id='word_1_82' title='bbox 713 1280 943 1339; x_wconf 84' lang='lat' dir='ltr'>pravum</span> <span class='ocrx_word' id='word_1_83' title='bbox 974 1259 1305 1319; x_wconf 86' lang='lat' dir='ltr'>discernere</span> <span class='ocrx_word' id='word_1_84' title='bbox 1336 1261 1560 1319; x_wconf 89' lang='lat' dir='ltr'>omnino</span> <span class='ocrx_word' id='word_1_85' title='bbox 1593 1268 1897 1341; x_wconf 87' lang='lat' dir='ltr'>nequeunt.</span> <span class='ocrx_word' id='word_1_86' title='bbox 1969 1255 2246 1317; x_wconf 83' lang='lat' dir='ltr'>Videmus</span> 
     </span>
     <span class='ocr_line' id='line_1_11' title="bbox 200 1340 2246 1425; baseline -0 -23"><span class='ocrx_word' id='word_1_87' title='bbox 200 1343 297 1403; x_wconf 87' lang='lat' dir='ltr'>hie</span> <span class='ocrx_word' id='word_1_88' title='bbox 324 1365 547 1424; x_wconf 89' lang='lat' dir='ltr'>quoque</span> <span class='ocrx_word' id='word_1_89' title='bbox 578 1344 789 1404; x_wconf 86' lang='lat' dir='ltr'>Persii</span> <span class='ocrx_word' id='word_1_90' title='bbox 792 1365 1038 1417; x_wconf 89' lang='lat' dir='ltr'>morem,</span> <span class='ocrx_word' id='word_1_91' title='bbox 1081 1365 1190 1425; x_wconf 87' lang='lat' dir='ltr'>quo</span> <span class='ocrx_word' id='word_1_92' title='bbox 1221 1366 1386 1403; x_wconf 88' lang='lat' dir='ltr'>unam</span> <span class='ocrx_word' id='word_1_93' title='bbox 1416 1344 1639 1425; x_wconf 90' lang='lat' dir='ltr'>quidem</span> <span class='ocrx_word' id='word_1_94' title='bbox 1669 1364 1819 1416; x_wconf 88' lang='lat' dir='ltr'>rem,</span> <span class='ocrx_word' id='word_1_95' title='bbox 1859 1340 1965 1404; x_wconf 81' lang='lat' dir='ltr'>sed</span> <span class='ocrx_word' id='word_1_96' title='bbox 1993 1363 2105 1402; x_wconf 90' lang='lat' dir='ltr'>nou</span> <span class='ocrx_word' id='word_1_97' title='bbox 2133 1362 2246 1402; x_wconf 90' lang='lat' dir='ltr'>uno</span> 
     </span>
     <span class='ocr_line' id='line_1_12' title="bbox 198 1427 2245 1510; baseline -0.001 -22"><span class='ocrx_word' id='word_1_98' title='bbox 198 1427 364 1488; x_wconf 84' lang='lat' dir='ltr'>modo</span> <span class='ocrx_word' id='word_1_99' title='bbox 394 1441 637 1503; x_wconf 80' lang='lat' dir='ltr'>tractat,</span> <span class='ocrx_word' id='word_1_100' title='bbox 682 1428 923 1490; x_wconf 85' lang='lat' dir='ltr'>diversis</span> <span class='ocrx_word' id='word_1_101' title='bbox 954 1432 1139 1510; x_wconf 83' lang='lat' dir='ltr'>potius</span> <span class='ocrx_word' id='word_1_102' title='bbox 1184 1430 1457 1509; x_wconf 80' lang='lat' dir='ltr'>exemplis</span> <span class='ocrx_word' id='word_1_103' title='bbox 1486 1450 1519 1490; x_wconf 91' lang='lat' dir='ltr'>e</span> <span class='ocrx_word' id='word_1_104' title='bbox 1549 1432 1666 1491; x_wconf 84' lang='lat' dir='ltr'>vita</span> <span class='ocrx_word' id='word_1_105' title='bbox 1697 1427 2056 1510; x_wconf 86' lang='lat' dir='ltr'>quotidiana,</span> <span class='ocrx_word' id='word_1_106' title='bbox 2087 1429 2245 1487; x_wconf 86' lang='lat' dir='ltr'>cuius</span> 
     </span>
     <span class='ocr_line' id='line_1_13' title="bbox 199 1513 2245 1595; baseline 0 -22"><span class='ocrx_word' id='word_1_107' title='bbox 199 1513 444 1593; x_wconf 80' lang='lat' dir='ltr'>diligens</span> <span class='ocrx_word' id='word_1_108' title='bbox 491 1516 832 1576; x_wconf 80' lang='lat' dir='ltr'>observator</span> <span class='ocrx_word' id='word_1_109' title='bbox 880 1517 1020 1588; x_wconf 84' lang='lat' dir='ltr'>fuit,</span> <span class='ocrx_word' id='word_1_110' title='bbox 1062 1517 1254 1594; x_wconf 86' lang='lat' dir='ltr'>petitis</span> <span class='ocrx_word' id='word_1_111' title='bbox 1296 1517 1561 1590; x_wconf 78' lang='lat' dir='ltr'>illustrat.</span> <span class='ocrx_word' id='word_1_112' title='bbox 1652 1516 1846 1595; x_wconf 90' lang='lat' dir='ltr'>ltaque</span> <span class='ocrx_word' id='word_1_113' title='bbox 1888 1534 1996 1574; x_wconf 88' lang='lat' dir='ltr'>nee</span> <span class='ocrx_word' id='word_1_114' title='bbox 2036 1515 2096 1573; x_wconf 88' lang='lat' dir='ltr'>iu</span> <span class='ocrx_word' id='word_1_115' title='bbox 2136 1513 2245 1573; x_wconf 87' lang='lat' dir='ltr'>hac</span> 
     </span>
     <span class='ocr_line' id='line_1_14' title="bbox 200 1598 2244 1682; baseline -0.001 -23"><span class='ocrx_word' id='word_1_116' title='bbox 200 1602 375 1659; x_wconf 81' lang='lat' dir='ltr'>satira</span> <span class='ocrx_word' id='word_1_117' title='bbox 419 1598 679 1679; x_wconf 77' lang='lat' dir='ltr'>dialogus</span> <span class='ocrx_word' id='word_1_118' title='bbox 723 1622 848 1660; x_wconf 87' lang='lat' dir='ltr'>cnm</span> <span class='ocrx_word' id='word_1_119' title='bbox 893 1621 1003 1660; x_wconf 89' lang='lat' dir='ltr'>una</span> <span class='ocrx_word' id='word_1_120' title='bbox 1044 1599 1356 1682; x_wconf 87' lang='lat' dir='ltr'>eademque</span> <span class='ocrx_word' id='word_1_121' title='bbox 1400 1620 1641 1680; x_wconf 82' lang='lat' dir='ltr'>persona</span> <span class='ocrx_word' id='word_1_122' title='bbox 1687 1620 1723 1660; x_wconf 88' lang='lat' dir='ltr'>a</span> <span class='ocrx_word' id='word_1_123' title='bbox 1751 1601 2024 1679; x_wconf 87' lang='lat' dir='ltr'>principio</span> <span class='ocrx_word' id='word_1_124' title='bbox 2065 1617 2244 1677; x_wconf 86' lang='lat' dir='ltr'>usque</span> 
     </span>
     <span class='ocr_line' id='line_1_15' title="bbox 200 1685 2245 1764; baseline -0.001 -19"><span class='ocrx_word' id='word_1_125' title='bbox 200 1685 274 1745; x_wconf 87' lang='lat' dir='ltr'>ad</span> <span class='ocrx_word' id='word_1_126' title='bbox 298 1687 468 1745; x_wconf 80' lang='lat' dir='ltr'>linem</span> <span class='ocrx_word' id='word_1_127' title='bbox 513 1686 777 1759; x_wconf 85' lang='lat' dir='ltr'>habetur,</span> <span class='ocrx_word' id='word_1_128' title='bbox 836 1685 940 1747; x_wconf 87' lang='lat' dir='ltr'>sed</span> <span class='ocrx_word' id='word_1_129' title='bbox 985 1688 1169 1746; x_wconf 87' lang='lat' dir='ltr'>oratio</span> <span class='ocrx_word' id='word_1_130' title='bbox 1227 1685 1445 1759; x_wconf 85' lang='lat' dir='ltr'>vivida,</span> <span class='ocrx_word' id='word_1_131' title='bbox 1505 1688 1653 1747; x_wconf 85' lang='lat' dir='ltr'>sicut</span> <span class='ocrx_word' id='word_1_132' title='bbox 1694 1697 1929 1745; x_wconf 85' lang='lat' dir='ltr'>naturae</span> <span class='ocrx_word' id='word_1_133' title='bbox 1974 1687 2245 1764; x_wconf 80' lang='lat' dir='ltr'>cuiusque</span> 
     </span>
     <span class='ocr_line' id='line_1_16' title="bbox 201 1768 2245 1851; baseline -0.002 -20"><span class='ocrx_word' id='word_1_134' title='bbox 201 1772 449 1850; x_wconf 80' lang='lat' dir='ltr'>exempli</span> <span class='ocrx_word' id='word_1_135' title='bbox 493 1775 793 1844; x_wconf 80' lang='lat' dir='ltr'>convenit,</span> <span class='ocrx_word' id='word_1_136' title='bbox 837 1792 971 1831; x_wconf 86' lang='lat' dir='ltr'>mox</span> <span class='ocrx_word' id='word_1_137' title='bbox 1009 1770 1221 1851; x_wconf 82' lang='lat' dir='ltr'>dialogi</span> <span class='ocrx_word' id='word_1_138' title='bbox 1264 1773 1503 1832; x_wconf 78' lang='lat' dir='ltr'>formam</span> <span class='ocrx_word' id='word_1_139' title='bbox 1547 1769 1744 1831; x_wconf 90' lang='lat' dir='ltr'>induit.</span> <span class='ocrx_word' id='word_1_140' title='bbox 1831 1770 2037 1850; x_wconf 86' lang='lat' dir='ltr'>Neque</span> <span class='ocrx_word' id='word_1_141' title='bbox 2084 1768 2245 1840; x_wconf 85' lang='lat' dir='ltr'>ordo,</span> 
     </span>
     <span class='ocr_line' id='line_1_17' title="bbox 199 1854 2247 1937; baseline -0.001 -21"><span class='ocrx_word' id='word_1_142' title='bbox 199 1877 307 1937; x_wconf 85' lang='lat' dir='ltr'>quo</span> <span class='ocrx_word' id='word_1_143' title='bbox 335 1877 440 1916; x_wconf 85' lang='lat' dir='ltr'>res</span> <span class='ocrx_word' id='word_1_144' title='bbox 469 1867 700 1930; x_wconf 80' lang='lat' dir='ltr'>tractat,</span> <span class='ocrx_word' id='word_1_145' title='bbox 731 1868 855 1918; x_wconf 87' lang='lat' dir='ltr'>arte</span> <span class='ocrx_word' id='word_1_146' title='bbox 886 1868 1066 1918; x_wconf 90' lang='lat' dir='ltr'>caret.</span> <span class='ocrx_word' id='word_1_147' title='bbox 1124 1857 1269 1917; x_wconf 87' lang='lat' dir='ltr'>Nam</span> <span class='ocrx_word' id='word_1_148' title='bbox 1301 1877 1431 1918; x_wconf 88' lang='lat' dir='ltr'>cum</span> <span class='ocrx_word' id='word_1_149' title='bbox 1461 1859 1694 1937; x_wconf 89' lang='lat' dir='ltr'>primum</span> <span class='ocrx_word' id='word_1_150' title='bbox 1725 1858 1943 1916; x_wconf 80' lang='lat' dir='ltr'>invenis</span> <span class='ocrx_word' id='word_1_151' title='bbox 1973 1854 2247 1916; x_wconf 84' lang='lat' dir='ltr'>desidiam</span> 
     </span>
     <span class='ocr_line' id='line_1_18' title="bbox 200 1940 2249 2022; baseline -0.001 -21"><span class='ocrx_word' id='word_1_152' title='bbox 200 1953 260 2001; x_wconf 89' lang='lat' dir='ltr'>et</span> <span class='ocrx_word' id='word_1_153' title='bbox 295 1942 760 2022; x_wconf 76' lang='lat' dir='ltr'>inaequalitatem</span> <span class='ocrx_word' id='word_1_154' title='bbox 806 1940 880 2002; x_wconf 85' lang='lat' dir='ltr'>ad</span> <span class='ocrx_word' id='word_1_155' title='bbox 916 1945 1103 2004; x_wconf 86' lang='lat' dir='ltr'>vivum</span> <span class='ocrx_word' id='word_1_156' title='bbox 1148 1944 1426 2022; x_wconf 85' lang='lat' dir='ltr'>pinxerit,</span> <span class='ocrx_word' id='word_1_157' title='bbox 1487 1942 1746 2022; x_wconf 83' lang='lat' dir='ltr'>exemplo</span> <span class='ocrx_word' id='word_1_158' title='bbox 1786 1942 2038 2014; x_wconf 78' lang='lat' dir='ltr'>Nattae,</span> <span class='ocrx_word' id='word_1_159' title='bbox 2099 1940 2249 2020; x_wconf 87' lang='lat' dir='ltr'>quod</span> 
     </span>
     <span class='ocr_line' id='line_1_19' title="bbox 199 2026 2248 2109; baseline -0.001 -21"><span class='ocrx_word' id='word_1_160' title='bbox 199 2027 495 2088; x_wconf 83' lang='lat' dir='ltr'>commode</span> <span class='ocrx_word' id='word_1_161' title='bbox 538 2029 757 2102; x_wconf 85' lang='lat' dir='ltr'>attulit,</span> <span class='ocrx_word' id='word_1_162' title='bbox 802 2028 1033 2107; x_wconf 86' lang='lat' dir='ltr'>digitum</span> <span class='ocrx_word' id='word_1_163' title='bbox 1075 2030 1131 2089; x_wconf 92' lang='lat' dir='ltr'>in</span> <span class='ocrx_word' id='word_1_164' title='bbox 1173 2027 1229 2088; x_wconf 90' lang='lat' dir='ltr'>id</span> <span class='ocrx_word' id='word_1_165' title='bbox 1272 2027 1545 2101; x_wconf 88' lang='lat' dir='ltr'>intendit,</span> <span class='ocrx_word' id='word_1_166' title='bbox 1579 2026 1727 2109; x_wconf 90' lang='lat' dir='ltr'>quod</span> <span class='ocrx_word' id='word_1_167' title='bbox 1756 2047 2025 2087; x_wconf 88' lang='lat' dir='ltr'>summum</span> <span class='ocrx_word' id='word_1_168' title='bbox 2056 2028 2110 2086; x_wconf 91' lang='lat' dir='ltr'>in</span> <span class='ocrx_word' id='word_1_169' title='bbox 2141 2026 2248 2086; x_wconf 87' lang='lat' dir='ltr'>hac</span> 
     </span>
     <span class='ocr_line' id='line_1_20' title="bbox 201 2112 2248 2194; baseline -0 -23"><span class='ocrx_word' id='word_1_170' title='bbox 201 2116 382 2172; x_wconf 78' lang='lat' dir='ltr'>satira</span> <span class='ocrx_word' id='word_1_171' title='bbox 413 2124 541 2185; x_wconf 85' lang='lat' dir='ltr'>est,</span> <span class='ocrx_word' id='word_1_172' title='bbox 584 2112 754 2194; x_wconf 85' lang='lat' dir='ltr'>idque</span> <span class='ocrx_word' id='word_1_173' title='bbox 796 2112 1051 2174; x_wconf 84' lang='lat' dir='ltr'>breviter</span> <span class='ocrx_word' id='word_1_174' title='bbox 1098 2113 1318 2194; x_wconf 88' lang='lat' dir='ltr'>quidem</span> <span class='ocrx_word' id='word_1_175' title='bbox 1348 2113 1453 2173; x_wconf 89' lang='lat' dir='ltr'>sed</span> <span class='ocrx_word' id='word_1_176' title='bbox 1495 2114 1733 2193; x_wconf 84' lang='lat' dir='ltr'>egregie</span> <span class='ocrx_word' id='word_1_177' title='bbox 1765 2124 1825 2173; x_wconf 92' lang='lat' dir='ltr'>et</span> <span class='ocrx_word' id='word_1_178' title='bbox 1867 2115 2006 2172; x_wconf 90' lang='lat' dir='ltr'>mira</span> <span class='ocrx_word' id='word_1_179' title='bbox 2036 2132 2162 2172; x_wconf 89' lang='lat' dir='ltr'>eum</span> <span class='ocrx_word' id='word_1_180' title='bbox 2191 2113 2248 2171; x_wconf 84' lang='lat' dir='ltr'>vi</span> 
     </span>
     <span class='ocr_line' id='line_1_21' title="bbox 202 2198 2248 2280; baseline -0.001 -22"><span class='ocrx_word' id='word_1_181' title='bbox 202 2199 489 2279; x_wconf 85' lang='lat' dir='ltr'>exprimit.</span> <span class='ocrx_word' id='word_1_182' title='bbox 577 2199 669 2258; x_wconf 86' lang='lat' dir='ltr'>Ab</span> <span class='ocrx_word' id='word_1_183' title='bbox 712 2200 818 2259; x_wconf 86' lang='lat' dir='ltr'>bac</span> <span class='ocrx_word' id='word_1_184' title='bbox 863 2202 1183 2272; x_wconf 84' lang='lat' dir='ltr'>sententia,</span> <span class='ocrx_word' id='word_1_185' title='bbox 1235 2220 1402 2280; x_wconf 85' lang='lat' dir='ltr'>quam</span> <span class='ocrx_word' id='word_1_186' title='bbox 1448 2201 1506 2258; x_wconf 90' lang='lat' dir='ltr'>iu</span> <span class='ocrx_word' id='word_1_187' title='bbox 1550 2201 1871 2258; x_wconf 85' lang='lat' dir='ltr'>uuiversum</span> <span class='ocrx_word' id='word_1_188' title='bbox 1916 2198 2248 2266; x_wconf 81' lang='lat' dir='ltr'>enuntiavit,</span> 
     </span>
     <span class='ocr_line' id='line_1_22' title="bbox 199 2283 2250 2362; baseline -0.001 -20"><span class='ocrx_word' id='word_1_189' title='bbox 199 2283 270 2342; x_wconf 85' lang='lat' dir='ltr'>ad</span> <span class='ocrx_word' id='word_1_190' title='bbox 300 2284 526 2362; x_wconf 86' lang='lat' dir='ltr'>singula</span> <span class='ocrx_word' id='word_1_191' title='bbox 556 2304 753 2345; x_wconf 84' lang='lat' dir='ltr'>rursus</span> <span class='ocrx_word' id='word_1_192' title='bbox 784 2283 1162 2357; x_wconf 84' lang='lat' dir='ltr'>descendens,</span> <span class='ocrx_word' id='word_1_193' title='bbox 1210 2286 1549 2345; x_wconf 89' lang='lat' dir='ltr'>contrariam</span> <span class='ocrx_word' id='word_1_194' title='bbox 1579 2285 1724 2344; x_wconf 80' lang='lat' dir='ltr'>viam</span> <span class='ocrx_word' id='word_1_195' title='bbox 1753 2285 1889 2355; x_wconf 91' lang='lat' dir='ltr'>init,</span> <span class='ocrx_word' id='word_1_196' title='bbox 1921 2294 1982 2344; x_wconf 90' lang='lat' dir='ltr'>et</span> <span class='ocrx_word' id='word_1_197' title='bbox 2009 2283 2079 2342; x_wconf 93' lang='lat' dir='ltr'>ab</span> <span class='ocrx_word' id='word_1_198' title='bbox 2109 2284 2250 2342; x_wconf 90' lang='lat' dir='ltr'>ima-</span> 
     </span>
     <span class='ocr_line' id='line_1_23' title="bbox 197 2371 2247 2452; baseline -0 -23"><span class='ocrx_word' id='word_1_199' title='bbox 197 2373 332 2449; x_wconf 82' lang='lat' dir='ltr'>gine</span> <span class='ocrx_word' id='word_1_200' title='bbox 362 2372 529 2449; x_wconf 89' lang='lat' dir='ltr'>pueri</span> <span class='ocrx_word' id='word_1_201' title='bbox 567 2372 881 2451; x_wconf 82' lang='lat' dir='ltr'>incipiens,</span> <span class='ocrx_word' id='word_1_202' title='bbox 925 2391 1089 2452; x_wconf 86' lang='lat' dir='ltr'>quem</span> <span class='ocrx_word' id='word_1_203' title='bbox 1135 2382 1295 2432; x_wconf 85' lang='lat' dir='ltr'>aetas</span> <span class='ocrx_word' id='word_1_204' title='bbox 1339 2381 1400 2431; x_wconf 90' lang='lat' dir='ltr'>et</span> <span class='ocrx_word' id='word_1_205' title='bbox 1427 2373 1641 2431; x_wconf 80' lang='lat' dir='ltr'>animus</span> <span class='ocrx_word' id='word_1_206' title='bbox 1671 2371 1905 2450; x_wconf 91' lang='lat' dir='ltr'>puerilis</span> <span class='ocrx_word' id='word_1_207' title='bbox 1949 2377 2247 2440; x_wconf 83' lang='lat' dir='ltr'>excusant,</span> 
     </span>
     <span class='ocr_line' id='line_1_24' title="bbox 199 2455 2246 2538; baseline -0.001 -23"><span class='ocrx_word' id='word_1_208' title='bbox 199 2455 274 2515; x_wconf 85' lang='lat' dir='ltr'>ad</span> <span class='ocrx_word' id='word_1_209' title='bbox 305 2476 435 2516; x_wconf 90' lang='lat' dir='ltr'>eum</span> <span class='ocrx_word' id='word_1_210' title='bbox 474 2458 679 2516; x_wconf 87' lang='lat' dir='ltr'>iterum</span> <span class='ocrx_word' id='word_1_211' title='bbox 719 2458 955 2529; x_wconf 77' lang='lat' dir='ltr'>transit,</span> <span class='ocrx_word' id='word_1_212' title='bbox 1003 2458 1100 2537; x_wconf 91' lang='lat' dir='ltr'>qui</span> <span class='ocrx_word' id='word_1_213' title='bbox 1142 2460 1466 2538; x_wconf 83' lang='lat' dir='ltr'>praeceptis</span> <span class='ocrx_word' id='word_1_214' title='bbox 1511 2456 1901 2536; x_wconf 81' lang='lat' dir='ltr'>philosophiae</span> <span class='ocrx_word' id='word_1_215' title='bbox 1944 2455 2246 2534; x_wconf 85' lang='lat' dir='ltr'>neglectis,</span> 
     </span>
     <span class='ocr_line' id='line_1_25' title="bbox 201 2539 2246 2623; baseline -0.001 -22"><span class='ocrx_word' id='word_1_216' title='bbox 201 2544 328 2602; x_wconf 77' lang='lat' dir='ltr'>sine</span> <span class='ocrx_word' id='word_1_217' title='bbox 383 2553 546 2601; x_wconf 87' lang='lat' dir='ltr'>certo</span> <span class='ocrx_word' id='word_1_218' title='bbox 589 2543 825 2603; x_wconf 82' lang='lat' dir='ltr'>consilio</span> <span class='ocrx_word' id='word_1_219' title='bbox 867 2548 924 2601; x_wconf 89' lang='lat' dir='ltr'>in</span> <span class='ocrx_word' id='word_1_220' title='bbox 967 2540 1116 2602; x_wconf 91' lang='lat' dir='ltr'>diem</span> <span class='ocrx_word' id='word_1_221' title='bbox 1161 2544 1333 2614; x_wconf 84' lang='lat' dir='ltr'>vivit,</span> <span class='ocrx_word' id='word_1_222' title='bbox 1378 2562 1576 2623; x_wconf 89' lang='lat' dir='ltr'>quem,</span> <span class='ocrx_word' id='word_1_223' title='bbox 1622 2540 1751 2622; x_wconf 89' lang='lat' dir='ltr'>quid</span> <span class='ocrx_word' id='word_1_224' title='bbox 1793 2539 2115 2601; x_wconf 80' lang='lat' dir='ltr'>faciendum</span> <span class='ocrx_word' id='word_1_225' title='bbox 2153 2540 2246 2610; x_wconf 83' lang='lat' dir='ltr'>sit,</span> 
     </span>
     <span class='ocr_line' id='line_1_26' title="bbox 194 2625 2247 2708; baseline -0 -23"><span class='ocrx_word' id='word_1_226' title='bbox 194 2629 458 2706; x_wconf 84' lang='lat' dir='ltr'>graviter</span> <span class='ocrx_word' id='word_1_227' title='bbox 486 2625 775 2688; x_wconf 85' lang='lat' dir='ltr'>admonet.</span> <span class='ocrx_word' id='word_1_228' title='bbox 865 2627 970 2686; x_wconf 92' lang='lat' dir='ltr'>Cui</span> <span class='ocrx_word' id='word_1_229' title='bbox 1013 2627 1375 2688; x_wconf 87' lang='lat' dir='ltr'>admonitioni</span> <span class='ocrx_word' id='word_1_230' title='bbox 1405 2630 1611 2708; x_wconf 88' lang='lat' dir='ltr'>optime</span> <span class='ocrx_word' id='word_1_231' title='bbox 1657 2628 1881 2686; x_wconf 88' lang='lat' dir='ltr'>tertium</span> <span class='ocrx_word' id='word_1_232' title='bbox 1926 2625 2247 2705; x_wconf 82' lang='lat' dir='ltr'>exemplum</span> 
     </span>
     <span class='ocr_line' id='line_1_27' title="bbox 196 2710 2249 2794; baseline -0.002 -22"><span class='ocrx_word' id='word_1_233' title='bbox 196 2712 457 2790; x_wconf 80' lang='lat' dir='ltr'>adiungit</span> <span class='ocrx_word' id='word_1_234' title='bbox 485 2732 700 2786; x_wconf 88' lang='lat' dir='ltr'>eorum,</span> <span class='ocrx_word' id='word_1_235' title='bbox 733 2713 826 2794; x_wconf 90' lang='lat' dir='ltr'>qui</span> <span class='ocrx_word' id='word_1_236' title='bbox 855 2712 1081 2773; x_wconf 83' lang='lat' dir='ltr'>inscitia</span> <span class='ocrx_word' id='word_1_237' title='bbox 1111 2724 1172 2773; x_wconf 87' lang='lat' dir='ltr'>et</span> <span class='ocrx_word' id='word_1_238' title='bbox 1200 2724 1432 2793; x_wconf 88' lang='lat' dir='ltr'>torpore</span> <span class='ocrx_word' id='word_1_239' title='bbox 1465 2712 1778 2785; x_wconf 80' lang='lat' dir='ltr'>submersi,</span> <span class='ocrx_word' id='word_1_240' title='bbox 1828 2710 1956 2771; x_wconf 91' lang='lat' dir='ltr'>dnm</span> <span class='ocrx_word' id='word_1_241' title='bbox 1988 2711 2096 2770; x_wconf 86' lang='lat' dir='ltr'>sibi</span> <span class='ocrx_word' id='word_1_242' title='bbox 2127 2711 2249 2790; x_wconf 88' lang='lat' dir='ltr'>pla-</span> 
     </span>
     <span class='ocr_line' id='line_1_28' title="bbox 199 2796 2249 2899; baseline -0.001 -42"><span class='ocrx_word' id='word_1_243' title='bbox 199 2808 357 2867; x_wconf 84' lang='lat' dir='ltr'>cent,</span> <span class='ocrx_word' id='word_1_244' title='bbox 405 2798 539 2856; x_wconf 87' lang='lat' dir='ltr'>talia</span> <span class='ocrx_word' id='word_1_245' title='bbox 582 2808 942 2859; x_wconf 76' lang='lat' dir='ltr'>contemnunt</span> <span class='ocrx_word' id='word_1_246' title='bbox 988 2810 1049 2858; x_wconf 89' lang='lat' dir='ltr'>et</span> <span class='ocrx_word' id='word_1_247' title='bbox 1089 2797 1299 2857; x_wconf 89' lang='lat' dir='ltr'>rident.</span> <span class='ocrx_word' id='word_1_248' title='bbox 1407 2799 1595 2871; x_wconf 83' lang='lat' dir='ltr'>Quare</span> <span class='ocrx_word' id='word_1_249' title='bbox 1638 2798 1850 2857; x_wconf 84' lang='lat' dir='ltr'>omissa</span> <span class='ocrx_word' id='word_1_250' title='bbox 1892 2796 2249 2899; x_wconf 81' lang='lat' dir='ltr'>philosophia</span> 
     </span>
     <span class='ocr_line' id='line_1_29' title="bbox 200 2881 2246 2985; baseline -0.001 -42"><span class='ocrx_word' id='word_1_251' title='bbox 200 2881 433 2943; x_wconf 85' lang='lat' dir='ltr'>aliunde</span> <span class='ocrx_word' id='word_1_252' title='bbox 477 2885 711 2985; x_wconf 81' lang='lat' dir='ltr'>petitum</span> <span class='ocrx_word' id='word_1_253' title='bbox 759 2884 1115 2966; x_wconf 86' lang='lat' dir='ltr'>exemplum</span> <span class='ocrx_word' id='word_1_254' title='bbox 1120 2885 1316 2956; x_wconf 77' lang='lat' dir='ltr'>affert,</span> <span class='ocrx_word' id='word_1_255' title='bbox 1376 2882 1449 2943; x_wconf 90' lang='lat' dir='ltr'>de</span> <span class='ocrx_word' id='word_1_256' title='bbox 1494 2893 1766 2963; x_wconf 85' lang='lat' dir='ltr'>aegroto,</span> <span class='ocrx_word' id='word_1_257' title='bbox 1826 2884 1920 2963; x_wconf 85' lang='lat' dir='ltr'>qui</span> <span class='ocrx_word' id='word_1_258' title='bbox 1972 2882 2246 2952; x_wconf 82' lang='lat' dir='ltr'>morbum,</span> 
     </span>
     <span class='ocr_line' id='line_1_30' title="bbox 201 2963 2250 3049; baseline -0.001 -21"><span class='ocrx_word' id='word_1_259' title='bbox 201 2988 371 3048; x_wconf 83' lang='lat' dir='ltr'>quem</span> <span class='ocrx_word' id='word_1_260' title='bbox 402 2971 651 3047; x_wconf 81' lang='lat' dir='ltr'>agnovit,</span> <span class='ocrx_word' id='word_1_261' title='bbox 683 2972 806 3049; x_wconf 87' lang='lat' dir='ltr'>ipse</span> <span class='ocrx_word' id='word_1_262' title='bbox 836 2969 1105 3047; x_wconf 89' lang='lat' dir='ltr'>negligit,</span> <span class='ocrx_word' id='word_1_263' title='bbox 1150 2968 1333 3029; x_wconf 90' lang='lat' dir='ltr'>donee</span> <span class='ocrx_word' id='word_1_264' title='bbox 1362 2981 1543 3029; x_wconf 83' lang='lat' dir='ltr'>morte</span> <span class='ocrx_word' id='word_1_265' title='bbox 1591 2970 1940 3047; x_wconf 87' lang='lat' dir='ltr'>opprimitur,</span> <span class='ocrx_word' id='word_1_266' title='bbox 1971 2965 2118 3048; x_wconf 90' lang='lat' dir='ltr'>quod</span> <span class='ocrx_word' id='word_1_267' title='bbox 2148 2963 2250 3026; x_wconf 89' lang='lat' dir='ltr'>de-</span> 
     </span>
     <span class='ocr_line' id='line_1_31' title="bbox 201 3053 2251 3134; baseline -0.002 -21"><span class='ocrx_word' id='word_1_268' title='bbox 201 3055 375 3134; x_wconf 84' lang='lat' dir='ltr'>nique</span> <span class='ocrx_word' id='word_1_269' title='bbox 407 3053 479 3112; x_wconf 87' lang='lat' dir='ltr'>ad</span> <span class='ocrx_word' id='word_1_270' title='bbox 514 3056 682 3114; x_wconf 89' lang='lat' dir='ltr'>animi</span> <span class='ocrx_word' id='word_1_271' title='bbox 722 3056 859 3115; x_wconf 86' lang='lat' dir='ltr'>vitia</span> <span class='ocrx_word' id='word_1_272' title='bbox 901 3053 1290 3133; x_wconf 85' lang='lat' dir='ltr'>applicandum</span> <span class='ocrx_word' id='word_1_273' title='bbox 1333 3073 1467 3114; x_wconf 84' lang='lat' dir='ltr'>esse</span> <span class='ocrx_word' id='word_1_274' title='bbox 1509 3057 1709 3133; x_wconf 89' lang='lat' dir='ltr'>raptim</span> <span class='ocrx_word' id='word_1_275' title='bbox 1740 3063 1929 3113; x_wconf 86' lang='lat' dir='ltr'>monet</span> <span class='ocrx_word' id='word_1_276' title='bbox 1957 3063 2018 3113; x_wconf 88' lang='lat' dir='ltr'>et</span> <span class='ocrx_word' id='word_1_277' title='bbox 2046 3054 2155 3124; x_wconf 88' lang='lat' dir='ltr'>ita,</span> <span class='ocrx_word' id='word_1_278' title='bbox 2186 3061 2251 3110; x_wconf 87' lang='lat' dir='ltr'>ut</span> 
     </span>
     <span class='ocr_line' id='line_1_32' title="bbox 201 3138 2246 3221; baseline -0.001 -23"><span class='ocrx_word' id='word_1_279' title='bbox 201 3139 335 3219; x_wconf 84' lang='lat' dir='ltr'>quid</span> <span class='ocrx_word' id='word_1_280' title='bbox 360 3140 516 3211; x_wconf 81' lang='lat' dir='ltr'>velit,</span> <span class='ocrx_word' id='word_1_281' title='bbox 546 3159 623 3200; x_wconf 82' lang='lat' dir='ltr'>ex</span> <span class='ocrx_word' id='word_1_282' title='bbox 649 3142 744 3213; x_wconf 89' lang='lat' dir='ltr'>iis,</span> <span class='ocrx_word' id='word_1_283' title='bbox 774 3158 918 3221; x_wconf 88' lang='lat' dir='ltr'>quae</span> <span class='ocrx_word' id='word_1_284' title='bbox 949 3139 1311 3214; x_wconf 86' lang='lat' dir='ltr'>antecedunt,</span> <span class='ocrx_word' id='word_1_285' title='bbox 1342 3138 1720 3218; x_wconf 87' lang='lat' dir='ltr'>colligendum</span> <span class='ocrx_word' id='word_1_286' title='bbox 1749 3140 1931 3218; x_wconf 85' lang='lat' dir='ltr'>magis</span> <span class='ocrx_word' id='word_1_287' title='bbox 1962 3138 2055 3211; x_wconf 87' lang='lat' dir='ltr'>sit,</span> <span class='ocrx_word' id='word_1_288' title='bbox 2084 3157 2246 3218; x_wconf 85' lang='lat' dir='ltr'>quam</span> 
     </span>
     <span class='ocr_line' id='line_1_33' title="bbox 201 3244 564 3304; baseline -0.006 -19"><span class='ocrx_word' id='word_1_289' title='bbox 201 3244 564 3304; x_wconf 80' lang='lat' dir='ltr'>expressum.</span> 
     </span>
    </p>

    <p class='ocr_par' dir='ltr' id='par_1_5' title="bbox 200 3304 2251 3906">
     <span class='ocr_line' id='line_1_34' title="bbox 376 3304 2249 3389; baseline -0.003 -19"><span class='ocrx_word' id='word_1_290' title='bbox 376 3311 450 3370; x_wconf 89' lang='lat' dir='ltr'>Ut</span> <span class='ocrx_word' id='word_1_291' title='bbox 480 3310 660 3370; x_wconf 85' lang='lat' dir='ltr'>schol.</span> <span class='ocrx_word' id='word_1_292' title='bbox 691 3322 904 3382; x_wconf 84' lang='lat' dir='ltr'>narrat,</span> <span class='ocrx_word' id='word_1_293' title='bbox 934 3310 1222 3370; x_wconf 84' lang='lat' dir='ltr'>transtulit</span> <span class='ocrx_word' id='word_1_294' title='bbox 1265 3322 1439 3389; x_wconf 87' lang='lat' dir='ltr'>poeta</span> <span class='ocrx_word' id='word_1_295' title='bbox 1479 3311 1624 3370; x_wconf 84' lang='lat' dir='ltr'>hane</span> <span class='ocrx_word' id='word_1_296' title='bbox 1666 3311 1899 3369; x_wconf 84' lang='lat' dir='ltr'>satiram</span> <span class='ocrx_word' id='word_1_297' title='bbox 1941 3327 2016 3367; x_wconf 85' lang='lat' dir='ltr'>ex</span> <span class='ocrx_word' id='word_1_298' title='bbox 2044 3304 2249 3367; x_wconf 86' lang='lat' dir='ltr'>Lucilii</span> 
     </span>
     <span class='ocr_line' id='line_1_35' title="bbox 200 3394 2248 3476; baseline -0.001 -21"><span class='ocrx_word' id='word_1_299' title='bbox 200 3396 347 3455; x_wconf 87' lang='lat' dir='ltr'>libro</span> <span class='ocrx_word' id='word_1_300' title='bbox 378 3396 480 3468; x_wconf 87' lang='lat' dir='ltr'>IV,</span> <span class='ocrx_word' id='word_1_301' title='bbox 509 3398 564 3454; x_wconf 93' lang='lat' dir='ltr'>in</span> <span class='ocrx_word' id='word_1_302' title='bbox 596 3397 993 3476; x_wconf 80' lang='lat' dir='ltr'>quoluxuriam</span> <span class='ocrx_word' id='word_1_303' title='bbox 1025 3395 1250 3455; x_wconf 81' lang='lat' dir='ltr'>divitum</span> <span class='ocrx_word' id='word_1_304' title='bbox 1282 3407 1343 3455; x_wconf 88' lang='lat' dir='ltr'>et</span> <span class='ocrx_word' id='word_1_305' title='bbox 1369 3397 1504 3455; x_wconf 84' lang='lat' dir='ltr'>vitia</span> <span class='ocrx_word' id='word_1_306' title='bbox 1534 3396 1855 3473; x_wconf 86' lang='lat' dir='ltr'>castigavit.</span> <span class='ocrx_word' id='word_1_307' title='bbox 1886 3394 2248 3472; x_wconf 84' lang='lat' dir='ltr'>Fragmenta,</span> 
     </span>
     <span class='ocr_line' id='line_1_36' title="bbox 204 3478 2249 3562; baseline -0.002 -21"><span class='ocrx_word' id='word_1_308' title='bbox 204 3501 350 3562; x_wconf 89' lang='lat' dir='ltr'>quae</span> <span class='ocrx_word' id='word_1_309' title='bbox 382 3501 463 3542; x_wconf 83' lang='lat' dir='ltr'>ex</span> <span class='ocrx_word' id='word_1_310' title='bbox 492 3481 600 3542; x_wconf 85' lang='lat' dir='ltr'>hoe</span> <span class='ocrx_word' id='word_1_311' title='bbox 629 3482 773 3541; x_wconf 90' lang='lat' dir='ltr'>libro</span> <span class='ocrx_word' id='word_1_312' title='bbox 814 3493 1045 3542; x_wconf 82' lang='lat' dir='ltr'>servata</span> <span class='ocrx_word' id='word_1_313' title='bbox 1090 3492 1252 3553; x_wconf 84' lang='lat' dir='ltr'>sunt,</span> <span class='ocrx_word' id='word_1_314' title='bbox 1294 3501 1369 3540; x_wconf 83' lang='lat' dir='ltr'>ex</span> <span class='ocrx_word' id='word_1_315' title='bbox 1398 3492 1561 3560; x_wconf 88' lang='lat' dir='ltr'>parte</span> <span class='ocrx_word' id='word_1_316' title='bbox 1591 3483 1877 3559; x_wconf 86' lang='lat' dir='ltr'>pertinent</span> <span class='ocrx_word' id='word_1_317' title='bbox 1907 3478 1978 3538; x_wconf 87' lang='lat' dir='ltr'>ad</span> <span class='ocrx_word' id='word_1_318' title='bbox 2010 3479 2122 3538; x_wconf 84' lang='lat' dir='ltr'>tale</span> <span class='ocrx_word' id='word_1_319' title='bbox 2153 3497 2249 3538; x_wconf 89' lang='lat' dir='ltr'>ar·</span> 
     </span>
     <span class='ocr_line' id='line_1_37' title="bbox 200 3564 2251 3648; baseline -0.002 -22"><span class='ocrx_word' id='word_1_320' title='bbox 200 3578 567 3646; x_wconf 85' lang='lat' dir='ltr'>gumentum,</span> <span class='ocrx_word' id='word_1_321' title='bbox 608 3587 793 3648; x_wconf 89' lang='lat' dir='ltr'>neque</span> <span class='ocrx_word' id='word_1_322' title='bbox 840 3578 1025 3628; x_wconf 89' lang='lat' dir='ltr'>tamen</span> <span class='ocrx_word' id='word_1_323' title='bbox 1070 3569 1150 3626; x_wconf 91' lang='lat' dir='ltr'>ita</span> <span class='ocrx_word' id='word_1_324' title='bbox 1189 3577 1522 3644; x_wconf 84' lang='lat' dir='ltr'>comparata</span> <span class='ocrx_word' id='word_1_325' title='bbox 1564 3578 1728 3639; x_wconf 85' lang='lat' dir='ltr'>sunt,</span> <span class='ocrx_word' id='word_1_326' title='bbox 1788 3576 1848 3624; x_wconf 89' lang='lat' dir='ltr'>ut</span> <span class='ocrx_word' id='word_1_327' title='bbox 1889 3566 2037 3623; x_wconf 90' lang='lat' dir='ltr'>illam</span> <span class='ocrx_word' id='word_1_328' title='bbox 2068 3564 2251 3624; x_wconf 88' lang='lat' dir='ltr'>Persii</span> 
     </span>
     <span class='ocr_line' id='line_1_38' title="bbox 200 3650 2249 3733; baseline -0.002 -21"><span class='ocrx_word' id='word_1_329' title='bbox 200 3655 574 3712; x_wconf 83' lang='lat' dir='ltr'>imitationem</span> <span class='ocrx_word' id='word_1_330' title='bbox 625 3654 889 3731; x_wconf 86' lang='lat' dir='ltr'>probent.</span> <span class='ocrx_word' id='word_1_331' title='bbox 976 3652 1183 3733; x_wconf 89' lang='lat' dir='ltr'>Neque</span> <span class='ocrx_word' id='word_1_332' title='bbox 1246 3653 1495 3713; x_wconf 81' lang='lat' dir='ltr'>sufficiat</span> <span class='ocrx_word' id='word_1_333' title='bbox 1537 3653 1682 3712; x_wconf 80' lang='lat' dir='ltr'>haec</span> <span class='ocrx_word' id='word_1_334' title='bbox 1712 3651 1945 3720; x_wconf 87' lang='lat' dir='ltr'>notitia,</span> <span class='ocrx_word' id='word_1_335' title='bbox 1987 3661 2051 3709; x_wconf 90' lang='lat' dir='ltr'>ut</span> <span class='ocrx_word' id='word_1_336' title='bbox 2091 3650 2249 3727; x_wconf 85' lang='lat' dir='ltr'>frag-</span> 
     </span>
     <span class='ocr_line' id='line_1_39' title="bbox 203 3733 2249 3819; baseline -0.002 -22"><span class='ocrx_word' id='word_1_337' title='bbox 203 3751 448 3799; x_wconf 81' lang='lat' dir='ltr'>mentum</span> <span class='ocrx_word' id='word_1_338' title='bbox 489 3737 695 3798; x_wconf 89' lang='lat' dir='ltr'>Lucilii</span> <span class='ocrx_word' id='word_1_339' title='bbox 744 3741 878 3812; x_wconf 85' lang='lat' dir='ltr'>(inc.</span> <span class='ocrx_word' id='word_1_340' title='bbox 929 3743 987 3811; x_wconf 87' lang='lat'>1)</span> <span class='ocrx_word' id='word_1_341' title='bbox 1042 3738 1115 3797; x_wconf 85' lang='lat' dir='ltr'>ad</span> <span class='ocrx_word' id='word_1_342' title='bbox 1158 3759 1212 3799; x_wconf 82' lang='lat' dir='ltr'>v.</span> <span class='ocrx_word' id='word_1_343' title='bbox 1247 3742 1330 3802; x_wconf 79' lang='lat'>67</span> <span class='ocrx_word' id='word_1_344' title='bbox 1375 3759 1499 3819; x_wconf 78' lang='lat' dir='ltr'>sqq.</span> <span class='ocrx_word' id='word_1_345' title='bbox 1549 3737 1832 3799; x_wconf 85' lang='lat' dir='ltr'>laudatum</span> <span class='ocrx_word' id='word_1_346' title='bbox 1871 3733 2002 3796; x_wconf 90' lang='lat' dir='ltr'>ideo</span> <span class='ocrx_word' id='word_1_347' title='bbox 2047 3746 2249 3816; x_wconf 89' lang='lat' dir='ltr'>quarto</span> 
     </span>
     <span class='ocr_line' id='line_1_40' title="bbox 201 3825 1057 3906; baseline -0.002 -23"><span class='ocrx_word' id='word_1_348' title='bbox 201 3825 345 3884; x_wconf 86' lang='lat' dir='ltr'>libro</span> <span class='ocrx_word' id='word_1_349' title='bbox 376 3826 586 3883; x_wconf 81' lang='lat' dir='ltr'>lectum</span> <span class='ocrx_word' id='word_1_350' title='bbox 615 3844 749 3885; x_wconf 82' lang='lat' dir='ltr'>esse</span> <span class='ocrx_word' id='word_1_351' title='bbox 780 3835 1057 3906; x_wconf 85' lang='lat' dir='ltr'>putemus.</span> 
     </span>
    </p>
   </div>
  </div>
 </body>
</html>
