2764 4738
825 410 994 471 sAT.
1026 412 1070 484 1,
1102 416 1184 505 ⁷⁶.
1217 444 1298 457 --
1328 414 1433 474 so.
2093 409 2181 474 99

189 581 321 642 atde
357 581 578 642 Homeri
635 583 975 642 carminibus
1030 584 1272 642 Homeri
1293 582 1483 655 liber,
1530 583 1607 641 cf.
1653 581 1865 642 Duker.
1914 581 1986 641 de
2015 583 2173 642 latin.

184 668 287 727 lctt.
307 689 359 748 p.
400 673 515 732 100
546 688 674 748 sqq.
709 669 869 728 Hunc
898 668 1097 727 librum
1128 687 1400 727 venusam
1428 679 1598 727 vocat
1625 666 1877 727 Persius.
1925 666 2178 739 Scilicet,

183 766 235 812 ut
256 757 321 812 ait
346 754 574 814 Tacitus
607 752 704 824 (dc
748 765 922 813 oratt.
974 757 1120 827 2¹),
1166 756 1349 812 oratio
1379 755 1525 812 sicut
1568 772 1774 832 corpus
1806 753 2075 825 hominis,
2107 773 2177 813 ea

180 838 363 898 demum
391 840 627 917 pulchra
656 851 767 910 est,
796 841 854 897 in
885 859 994 918 qua
1039 859 1149 918 non
1182 841 1430 898 eminent
1458 857 1661 911 venae,
1693 838 1795 898 sed
1827 850 2177 917 temperatus

180 945 239 984 ac
261 925 423 984 bonus
453 926 686 1003 sanguis
731 924 927 1003 implet
968 924 1250 996 membra,
1294 945 1458 1004 quam
1487 925 1674 1003 legem
1706 924 1924 1002 plastae
1956 944 2178 1004 quoque

180 1010 530 1090 sequebantur
561 1011 663 1082 (cf.
694 1009 1052 1081 Feuerhach,
1082 1009 1269 1069 Vatic.
1301 1010 1490 1088 Apoll.
1523 1030 1578 1087 p.
1615 1013 1737 1072 130
1767 1016 1937 1090 sqq.).
1971 1009 2178 1082 Quam-

179 1116 313 1174 quam
340 1098 484 1155 enim
529 1097 860 1174 sanguinem
891 1095 1106 1155 habere
1136 1094 1405 1157 volebant
1449 1097 1763 1154 orationem
1825 1096 1970 1168 (Cic.
2017 1095 2174 1154 Brut.

179 1187 230 1251 9,
253 1185 341 1243 36.
390 1186 464 1243 17
486 1225 503 1253 ,
548 1185 650 1244 68.
692 1193 838 1240 orat.
885 1185 991 1251 23,
1035 1184 1178 1253 76),
1208 1192 1395 1240 tamen
1428 1179 1941 1260 reprehendebant,
1973 1181 2022 1239 si
2051 1183 2176 1261 quis

175 1285 323 1326 venas
364 1278 763 1345 turgescentes
796 1268 1038 1326 faceret.
1083 1264 1356 1327 Videmus
1390 1267 1562 1345 igitur
1605 1285 1924 1326 sermonem
1967 1278 2173 1344 poetae

175 1353 398 1429 spiritum
427 1354 598 1411 nimia
628 1372 752 1411 cnm
797 1353 851 1411 vi
882 1353 1324 1430 exprimentem,
1384 1350 1532 1410 unde
1578 1353 1784 1429 optime
1826 1352 2175 1430 intelligitur,

174 1437 420 1515 quomodo
450 1437 665 1496 Fronto
698 1445 776 1516 (p.
814 1443 929 1500 171
967 1435 1058 1496 ed.
1090 1436 1274 1511 Rom.)
1320 1435 1535 1510 Attium
1581 1438 1946 1516 inaequalem
1985 1447 2173 1496 vocet.

171 1524 394 1582 Pacuvii
416 1524 607 1583 fabula
633 1525 928 1602 Antiopa,
963 1543 1108 1602 quae
1140 1520 1504 1602 Euripideam
1534 1525 1821 1601 expressit
1852 1522 2175 1597 (Welcker.

171 1605 374 1668 Griech.
405 1608 580 1687 Trag.
625 1628 686 1687 p.
733 1612 852 1670 811
905 1615 1052 1688 sqq.)
1098 1627 1236 1686 prae
1283 1611 1496 1670 ceteris
1548 1605 1880 1667 laudabatur
1920 1608 2068 1683 (Cic.
2105 1606 2175 1666 de

170 1693 286 1751 linn.
318 1693 359 1763 1,
388 1699 450 1766 2,
481 1699 584 1767 4);
620 1691 822 1753 eodem
852 1691 1018 1753 modo
1050 1713 1175 1753 eam
1207 1713 1585 1754 verrucas-am
1616 1694 1882 1772 appellat,
1916 1714 2025 1773 qno
2053 1690 2176 1752 Atti

170 1777 281 1838 libri
319 1799 585 1839 venos-um
601 1823 624 1851 ‚
685 1777 758 1838 ad
798 1781 1110 1839 orationem
1169 1791 1457 1859 spectans.
1548 1778 1761 1852 Quodsi
1819 1777 2175 1858 pulcritudini

171 1863 355 1936 obstat,
400 1868 450 1924 si
490 1884 675 1924 venae
721 1867 882 1924 nimis
928 1877 1272 1943 appareant,
1334 1864 1502 1943 longe
1549 1867 1832 1943 turpiores
1878 1883 2015 1924 sane
2048 1875 2179 1924 sunt

169 1968 440 2022 ven-neae,
471 1952 809 2029 praesertim
842 1971 965 2010 cum
997 1971 1128 2022 non,
1159 1962 1222 2010 ut
1247 1949 1401 2022 illae,
1432 1948 1502 2009 ad
1533 1952 1815 2029 ingenium
1847 1970 2175 2030 quamquam

169 2036 312 2094 nimis
346 2037 654 2096 vehemens
708 2034 1130 2114 exprimendum
1170 2037 1434 2107 valeant,
1493 2035 1595 2096 sed
1650 2038 1905 2114 corporis
1962 2047 2173 2094 tantum

169 2122 339 2180 vitium
364 2124 494 2181 sint.
549 2121 712 2181 Solet
741 2134 928 2182 autem
972 2141 1047 2181 ex
1089 2122 1347 2200 generali
1386 2119 1593 2181 iudicio
1636 2133 1765 2199 post
1792 2119 2007 2181 Attium
2039 2140 2175 2180 cen-

170 2209 271 2266 seri
300 2206 591 2267 Pacuvius.
637 2207 831 2267 Facile
862 2210 1034 2286 igitur
1071 2206 1358 2279 videmus,
1402 2207 1721 2286 significare
1751 2218 1976 2287 poetam
2008 2227 2176 2285 aspe-

167 2311 272 2350 ram
312 2304 367 2352 et
402 2290 687 2352 horridam
727 2295 1076 2365 orationem,
1135 2296 1293 2352 cuius
1317 2304 1658 2364 ,veternnm,
1717 2305 1779 2351 ut
1822 2295 1901 2352 ait
1943 2293 2176 2352 Tacitus

170 2376 308 2447 (dial.
336 2382 441 2451 20)
473 2399 822 2457 magnopere
854 2380 1134 2439 amabant.
1178 2380 1317 2439 Eius
1350 2380 1665 2459 exemplum
1697 2378 1851 2438 addit
1880 2382 2179 2439 aerumnis

171 2483 258 2523 cor
288 2463 663 2542 luctificabile
677 2463 875 2542 salta,
923 2468 978 2524 in
1011 2465 1224 2546 quibus
1253 2476 1487 2544 praeter
1512 2465 1844 2525 insolentem
1877 2463 2175 2524 dictionem

168 2552 442 2608 aerumnis
468 2549 733 2629 fulciri,
788 2554 999 2610 eminet
1042 2573 1101 2611 v.
1137 2551 1556 2629 luctzficabile,
1605 2551 1790 2631 qualia
1834 2548 2177 2629 grandisona

165 2634 368 2694 amabat
408 2647 576 2695 vetus
638 2635 1013 2695 Romanorum
1057 2636 1389 2715 tragoedia,
1447 2638 1544 2695 vix
1589 2635 1852 2696 ferebant
1907 2636 2176 2695 cultiores

165 2732 348 2797 postea
379 2740 550 2780 aures
575 2722 676 2793 (cf.
709 2722 831 2781 Cic.
856 2720 1035 2781 Acad.
1067 2722 1111 2795 1,
1149 2727 1246 2793 11,
1278 2727 1382 2783 41.
1420 2721 1554 2782 Sen.
1588 2743 1715 2801 epp.
1737 2720 1919 2780 CXIV
1933 2723 2174 2798 p.164).

167 2804 289 2864 Illud
316 2817 504 2865 antem
535 2807 797 2867 similiter
827 2809 995 2866 etiam
1028 2806 1168 2866 dixit
1197 2807 1429 2867 Plautus
1464 2806 1861 2882 (Pseudol.111,
1897 2811 1954 2877 1,
1973 2811 2010 2867 5
2029 2811 2175 2885 sq.):

165 2888 275 2969 Ego
324 2892 578 2951 omnibus
623 2894 809 2970 parvis
850 2895 1178 2974 magnisque
1224 2894 1482 2953 miseriis
1512 2892 1927 2973 praesulcior,
1989 2902 2049 2951 et
2092 2902 2181 2950 est

163 2995 285 3036 sane
324 2980 550 3057 poetice
596 2976 800 3037 dictum
844 2977 915 3037 de
961 2999 1069 3050 eo,
1129 2981 1224 3058 qui
1264 2979 1399 3037 nihil
1439 2978 1645 3049 habet,
1703 2976 1851 3037 unde
1897 2987 2180 3037 sustentet

163 3064 379 3121 annuum
412 3084 594 3134 suum,
624 3065 731 3122 nisi
762 3066 915 3143 ipsas
948 3084 1081 3123 suas
1114 3084 1433 3124 aerumnas.
1477 3066 1722 3123 Morari
1745 3074 1929 3122 autem
1962 3073 2052 3122 est
2082 3061 2182 3121 de-

165 3145 405 3207 lectando
436 3151 679 3220 morari,
724 3161 788 3208 ut
831 3148 976 3228 apud
1021 3150 1217 3210 Horat.
1270 3169 1404 3229 epp.
1454 3149 1498 3220 1,
1548 3154 1643 3221 13,
1681 3155 1781 3211 17.
1829 3148 1901 3207 Α.
1934 3148 1998 3207 P.
2031 3152 2175 3210 321.

168 3230 438 3307 Similiter,
471 3245 533 3293 nt
576 3235 666 3294 hic
698 3234 958 3307 Persius,
1010 3234 1083 3294 ad
1112 3247 1418 3316 parentes,
1450 3237 1543 3315 qui
1574 3254 1790 3313 pueros·
1813 3253 1986 3314 prave
2017 3235 2179 3291 insti-

166 3328 322 3390 tuant,
353 3320 576 3398 culpam
623 3319 812 3379 defert
854 3320 1155 3380 Petronius
1203 3328 1279 3396 (c.
1311 3326 1398 3393 4).
1476 3323 1704 3399 Lippus
1731 3317 1803 3378 ad
1847 3321 2012 3379 animi
2043 3321 2175 3377 vitia

165 3406 473 3464 translatum
506 3417 566 3464 ut
594 3404 663 3477 11,
694 3409 796 3468 72.
870 3405 1197 3486 Infundere
1225 3408 1475 3465 insanam
1507 3404 1867 3485 cupiditatem
1913 3406 2045 3465 talia
2076 3403 2178 3463 do-

164 3488 310 3549 cendi
340 3491 605 3570 exprimit
633 3491 710 3550 cf.
742 3490 958 3550 Arnob.
992 3492 1016 3552 1
1046 3513 1100 3570 p.
1132 3496 1214 3554 49
1246 3492 1427 3551 Elm.:
1483 3490 1697 3571 Aegris
1728 3511 1901 3550 sonos
1934 3490 2180 3550 auribus

165 3570 431 3636 dulciores
465 3575 798 3655 infundere.
843 3578 1110 3656 Sartago
1125 3621 1147 3649 ,
1178 3577 1388 3655 patella
1432 3578 1487 3636 in
1520 3597 1629 3657 qua
1658 3579 1817 3636 varia
1846 3587 2180 3657 coquuntur,

165 3678 192 3715 a
217 3661 460 3722 stridore
494 3664 572 3721 ita
600 3673 826 3731 vocata,
858 3673 919 3721 ut
946 3658 1331 3722 vultlsidorus
1361 3662 1495 3735 XX,
1527 3667 1599 3736 83
1633 3663 1709 3721 cf.
1744 3661 1885 3721 Plin.
1901 3662 2056 3732 XVI,
2076 3666 2176 3731 11,

165 3747 250 3806 22.
318 3746 381 3807 Si
412 3746 487 3806 ad
534 3745 834 3807 stridorem
877 3749 1139 3819 referas,
1195 3746 1483 3807 adiuvabit
1526 3748 1683 3807 locus
1728 3747 1931 3807 Eubuli
1981 3748 2178 3807 comici

167 3832 317 3909 (apud
361 3831 575 3892 Athen.
620 3832 726 3893 Vll
771 3853 826 3911 p.
869 3836 992 3896 229
1037 3833 1110 3892 A.
1143 3835 1219 3893 cf.
1275 3832 1529 3893 Meinek.
1589 3835 1791 3912 fragm.
1864 3855 2060 3893 comm.
2105 3833 2181 3893 111

167 3934 212 3991 P·
235 3921 417 3991 259):
465 3913 686 3987 Λοπᾶς
717 3915 1015 3995 παφλάζει
1057 3914 1354 4002 βαρβάρῳ
1393 3914 1699 3995 λαλήματι.
1772 3919 1933 3992 Quod
1964 3923 2011 3978 si
2058 3922 2181 3999 quis

165 3998 225 4058 ad
247 4003 300 4062 h.
347 4025 400 4063 v.
434 4001 827 4081 explicandum
852 4003 1082 4063 trahere
1126 4004 1265 4062 velit
1311 4002 1504 4063 Schol.
1543 4004 1657 4063 luv.
1688 4003 1764 4076 X,
1804 4010 1916 4069 64:
1978 4007 2180 4077 „Sar-

168 4094 310 4163 tflgo,
354 4089 611 4151 conchae
652 4088 861 4148 h'reves
900 4100 997 4148 aut
1038 4109 1179 4149 vasa
1221 4090 1471 4168 turpia,“
1517 4091 1565 4149 is
1619 4089 1980 4157 consideret,
2037 4090 2179 4148 hanc

1683 4175 1765 4236 7*
