2764 4738
930 425 1652 492 PnoLttconENA.
2115 447 2315 494 am

246 603 567 688 quadratis
607 600 884 680 inclusa,
939 599 1101 665 sicut
1141 598 1315 664 uncis
1353 598 1635 664 rotundis
1678 607 1890 662 notata
1929 608 2109 675 sunt,
2157 619 2312 682 quae

248 709 320 771 iu
355 705 469 769 boc
501 705 642 770 cod.
674 703 933 782 absunt,
979 714 1299 788 praeterea
1330 702 1396 766 iu
1424 701 1700 785 margine
1731 698 2072 786 adscriptae
2101 701 2314 766 variae

251 808 564 873 lectiones
596 807 868 871 eiusdem
896 805 1124 869 codicis
1152 805 1366 889 partim
1399 804 1620 884 bonae,
1655 803 1815 868 unde
1846 813 2082 867 textum
2111 822 2317 866 emen-

253 911 408 975 dare
439 909 740 974 licuisset.
776 906 909 972 Hae
939 919 1066 972 tres
1097 916 1328 972 tautum
1359 917 1611 971 exstant
1641 903 1903 970 Cornuti
1933 905 2234 970 editiones
2265 913 2311 968 ¹.

251 1008 437 1093 Quae
485 1021 698 1095 postea
748 1009 1060 1075 elaborata
1103 1021 1201 1073 est
1243 1008 1319 1072 ab
1361 1009 1606 1073 Andr.
1639 1007 1931 1073 Rivino
1962 1009 2157 1074 lucem
2190 1029 2317 1073 nou

249 1113 435 1176 vidit.
497 1110 810 1177 Narratur
857 1113 1019 1178 enim
1061 1113 1218 1198 apud
1263 1109 1342 1175 B.
1387 1108 1468 1175 F.
1520 1109 1923 1175 flummelium
1968 1109 2178 1190 (Neue
2209 1108 2314 1174 Bi-

248 1214 534 1280 bliotbek
577 1236 699 1279 von
742 1215 1019 1279 seltenen
1051 1216 1174 1278 und
1219 1213 1368 1279 sehr
1407 1214 1686 1278 selteneu
1717 1211 2003 1279 Biicheru
2033 1209 2063 1274 Ι
2093 1235 2153 1298 p.
2186 1210 2314 1278 359

249 1340 388 1401 sqq.
440 1315 570 1381 364
596 1339 728 1400 sqq.
771 1315 901 1381 484
930 1320 1096 1402 sqq.)
1157 1326 1408 1380 exstare
1448 1315 1665 1380 librum
1718 1317 1949 1381 calamo
1994 1327 2313 1381 exaratum

250 1420 408 1484 satis
466 1420 725 1503 amplum
782 1419 899 1485 hoc
954 1420 1165 1484 titulot
1241 1417 1555 1483 Annaei
1614 1416 1995 1498 Cornuti,
2067 1417 2313 1503 philo-

249 1521 484 1606 sophi
559 1530 636 1584 et
712 1520 1203 1605 grammatici
1268 1520 1577 1586 veteris
1656 1519 1999 1605 egregii,
2085 1520 2162 1584 iu
2219 1520 2306 1584 A.

250 1621 532 1689 Persii
573 1620 851 1688 Flacci
896 1623 1189 1708 equitis
1233 1622 1564 1687 Romani
1606 1618 1712 1686 vl
1755 1634 2070 1710 satyras
2116 1644 2311 1688 com-

248 1725 656 1790 mentaria
700 1746 854 1790 una
885 1745 1048 1790 cum
1078 1725 1248 1789 vita
1279 1724 1629 1790 eiusdem
1672 1724 1938 1788 studio
1970 1736 2050 1789 et
2078 1744 2312 1810 opera

252 1825 338 1891 D.
386 1827 635 1890 Andr.
685 1825 961 1893 Rivini
1008 1823 1086 1890 P.
1131 1824 1209 1890 P.
1257 1837 1429 1911 post
1470 1823 1526 1890 Ι.
1573 1824 1723 1891 Ios.
1769 1824 2305 1910 scaligerum,

250 1925 328 1992 P.
376 1926 844 2007 Pithoeum,
913 1926 1013 1993 Is.
1075 1926 1660 2006 Casaubonum,
1737 1927 1850 1991 El.
1894 1926 2307 2005 Vinctum,

252 2030 557 2096 Theod.
603 2028 1090 2110 Marcilium,
1138 2028 1247 2094 Io.
1295 2028 1745 2095 Bouardum
1792 2041 1871 2095 et
1912 2029 2118 2094 Eilh.
2174 2028 2312 2094 Lu-

249 2134 524 2199 binum
572 2132 972 2220 pristinae
1019 2134 1392 2217 dignitati
1445 2132 1861 2198 restituta.
1909 2130 2082 2217 Lips.
2116 2130 2306 2196 1644.

250 2233 485 2300 Ibidem
551 2234 851 2321 praefatio
911 2235 1074 2300 edita
1135 2245 1268 2312 est,
1343 2236 1505 2299 unde
1560 2246 1847 2320 apparet,
1914 2235 2074 2319 quod
2129 2255 2313 2318 supra

248 2338 370 2404 iam
421 2337 692 2403 iudicavi
711 2383 730 2416 ,
785 2335 1077 2402 Rivinum
1123 2338 1187 2402 in
1245 2356 1318 2402 ea
1363 2337 1650 2424 opinione
1696 2336 1887 2403 fuisse
1909 2384 1929 2416 ,
1988 2335 2311 2401 Annaeum

254 2438 601 2505 Cornutum
620 2486 643 2519 ,
733 2438 943 2505 Persii
1000 2451 1456 2526 praeceptorem
1476 2486 1496 2518 ,
1595 2441 1757 2506 hunc
1814 2440 2312 2505 commentarium

249 2543 620 2628 scripsisse,
682 2539 998 2608 Valerium
1038 2539 1308 2606 Probum
1348 2543 1580 2607 scholia
1624 2542 1687 2606 iu
1717 2541 2065 2608 Iuvenalem
2089 2586 2107 2617 ‚
2155 2562 2311 2627 quae

249 2647 394 2731 quia
423 2646 488 2710 iu
520 2642 701 2710 codd.
735 2645 1000 2730 priorem
1028 2643 1228 2710 locum
1260 2665 1560 2730 occupare
1608 2646 1918 2724 solerent,
1969 2642 2156 2709 Probi
2200 2665 2312 2708 no-

248 2768 394 2813 men
436 2749 516 2812 ad
561 2747 797 2811 scholia
835 2747 899 2811 iu
939 2744 1220 2811 Persium
1266 2748 1590 2813 transisse.
1683 2745 1975 2814 Ceterum
2020 2747 2162 2832 quid
2205 2747 2310 2811 illo

248 2850 407 2916 libro
438 2851 663 2914 factum
694 2850 813 2928 sit,
861 2849 1097 2914 nescio.

424 2966 690 3046 Restat,
737 2978 806 3032 ut
832 2968 1110 3033 breviter
1134 2967 1431 3046 indicem,
1477 2988 1654 3052 quam
1685 2988 1801 3054 ego
1830 2968 1896 3033 in
1928 2970 2163 3033 edendo
2193 2967 2311 3033 hoc

250 3069 518 3136 Cornuti
559 3082 903 3136 commento
937 3078 966 3114 ²
1005 3072 1305 3136 rationem
1334 3081 1584 3137 secutus
1613 3072 1751 3137 sim.
1817 3068 2106 3136 Codicem
2136 3068 2312 3134 Pari-

252 3298 277 3350 ι
320 3291 527 3358 Vides,
576 3308 606 3344 a
640 3292 945 3361 quibusdam
992 3292 1200 3345 laudari
1244 3291 1691 3345 Pitboeauam
1741 3292 1957 3346 Cornuti
2008 3291 2307 3356 editionem,

320 3365 389 3415 de
426 3377 528 3430 qua
565 3363 696 3415 nibil
731 3363 1029 3414 accuratius
1062 3364 1303 3428 comperi.
1342 3360 1467 3414 Nam
1497 3364 1544 3414 ia
1581 3364 1633 3415 in
1670 3364 2011 3415 celeberrima
2049 3362 2312 3414 luvenalis

322 3440 380 3483 et
418 3432 585 3483 Persii
622 3433 845 3483 editione
886 3431 1084 3497 (Lutet.
1125 3433 1274 3484 ¹585.
1316 3431 1550 3483 Heidelb.
1592 3432 1747 3497 1590)
1799 3432 1929 3484 nibil
1979 3439 2184 3499 praeter
2222 3446 2308 3480 ex-

322 3509 504 3566 cerpta
541 3500 635 3551 illa
669 3500 863 3561 edidit,
919 3501 1074 3552 aliam
1112 3501 1175 3551 ab
1214 3516 1275 3552 eo
1313 3508 1543 3552 curatam
1580 3516 1830 3567 nusquam
1868 3506 2311 3552 commemoratam

322 3572 458 3621 vidi.
525 3568 580 3619 lu
617 3570 770 3620 editt.
809 3568 1003 3621 Pariss.
1042 3569 1257 3622 Cornuti
1309 3570 1543 3621 adiectae
1592 3571 1797 3636 quidem
1856 3578 1979 3622 suut
2014 3570 2069 3621 P.
2111 3568 2310 3619 Pitboei

324 3638 364 3690 Ι.
405 3638 466 3688 C.
507 3638 689 3688 variae
739 3638 885 3689 lectt.
938 3646 991 3689 et
1042 3647 1191 3690 uotae
1242 3639 1305 3688 ad
1349 3647 1556 3689 veteres
1591 3639 1823 3704 glossas,
1877 3639 2090 3705 eiusque
2128 3653 2308 3688 nomen

324 3710 378 3758 in
416 3708 572 3758 titulo
608 3716 1083 3770 commemoratum,
1122 3722 1302 3758 verum
1340 3723 1432 3758 eae
1463 3722 1735 3773 expressae
1770 3715 1892 3758 suut
1927 3709 1990 3758 ad
2026 3708 2168 3757 illam
2205 3704 2310 3756 edi-

323 3777 551 3838 tionem,
590 3783 645 3826 et
679 3776 743 3826 de
774 3791 899 3826 eura
936 3778 1213 3844 peculiari,
1252 3792 1404 3844 quam
1440 3775 1684 3828 Pithoeus
1715 3777 1767 3827 in
1793 3776 2022 3828 Cornuto
2058 3777 2309 3843 posuerit,

328 3846 460 3897 nibil
499 3845 718 3896 relatum
755 3845 883 3896 vidi.

250 3934 287 3986 2
326 3931 774 3982 commentum
813 3929 1030 3994 vocavi,
1081 3929 1201 3996 quia
1255 3930 1329 3981 ita
1366 3931 1418 3981 iu
1457 3930 1604 3983 codd.
1646 3931 1985 3994 inscribitur,
2037 3939 2091 3981 et
2128 3932 2220 3982 boc
2254 3946 2308 3982 ν.

323 3999 629 4066 frequenter
665 4000 744 4049 usi
781 4007 907 4050 sunt
941 3999 1163 4049 seriores
1200 4000 1504 4064 scriptores.
1572 4000 1737 4052 Prisc.
1780 4001 1844 4053 vt
1884 4016 1932 4067 p.
1973 4001 2106 4053 6982
2163 4000 2309 4050 Ser·

324 4073 480 4120 vius
514 4073 570 4119 in
606 4073 984 4119 commento
1010 4067 1253 4132 Vsu-gilii.
1291 4067 1391 4119 XV
1418 4084 1465 4134 p.
1497 4068 1662 4122 1⁰⁰st
1702 4071 2021 4121 Donatus
2057 4072 2114 4119 in
2147 4081 2311 4118 eom-

323 4143 566 4189 nanto
601 4137 885 4190 Aeneidos.
961 4135 1301 4188 Cassiodorus
1335 4138 1501 4201 (divv.
1540 4138 1681 4190 lectt.
1723 4139 1777 4204 6)
1811 4145 2171 4190 commemorat
2206 4138 2250 4189 Η
2270 4138 2311 4188 i·
