2764 4738
820 431 1557 497 PROLEGOMENA.
1979 454 2203 500 Lxxvn

190 611 292 694 τῆς
315 607 509 682 θείας
540 605 768 695 φωνῆς
796 602 992 672 εἶναι.
1055 601 1147 667 Ibi
1189 602 1589 687 intelligenda
1618 600 1903 666 videntur
1935 605 2202 673 carmina

192 711 381 795 tragici
434 708 817 795 argumenti,
878 728 1033 790 quae
1094 714 1521 789 composuerat
1558 701 1773 781 Nero,
1837 716 1901 769 ut
1952 720 2205 774 caneret

191 816 252 878 ad
295 813 618 891 citharam,
667 822 729 876 et
769 832 903 874 cum
948 808 1042 873 his
1082 806 1459 871 conferenda
1507 815 1652 870 suut
1695 802 1975 871 Suetonii
2016 810 2204 877 verba

193 913 409 995 (Vitell.
447 911 593 996 11)=
650 912 910 977 Solenm‘
944 910 1220 973 convivio
1262 906 1689 971 citharoedum
1719 909 2066 993 placentem
2086 933 2206 997 pa-

193 1015 297 1078 lm
349 1014 708 1091 admonuit,
771 1022 844 1075 uc
897 1020 964 1075 et
1002 1008 1251 1097 aliquid
1290 1009 1367 1073 de
1411 1009 1714 1073 donn’nico
1777 1009 2016 1076 diceret
2021 1062 2045 1092 ‚
2113 1017 2207 1079 in·

193 1115 536 1202 clavantique
591 1115 963 1181 Neroniana
1023 1114 1273 1177 cantica
1320 1113 1570 1197 primus
1625 1113 1953 1177 exsultans
2025 1118 2208 1179 etiam

187 1219 418 1303 plausit.
535 1215 745 1301 ltaque
803 1217 959 1300 quod
1020 1225 1232 1279 narrat
1286 1212 1409 1278 Dio
1470 1210 1722 1280 Cassius
1794 1211 2005 1299 (LXI,
2049 1215 2205 1301 20)=

194 1314 663 1411 Ὲκιθαρῷδησέ
702 1347 776 1389 τε
814 1318 1047 1387 ’Ἀττιν
1087 1313 1246 1386 ‘uva'
1285 1313 1333 1402 ἢ
1375 1314 1652 1405 Βάκχας
1697 1310 1740 1383 o‘
1781 1314 2210 1405 Αὔγουστος,

195 1424 260 1487 ad
309 1425 573 1488 carmina
633 1424 762 1489 eius
817 1421 1038 1485 referri
1093 1440 1275 1506 posse
1352 1419 1631 1498 videtur,
1705 1430 1769 1484 et
1825 1423 1985 1504 quod
2042 1426 2214 1489 multi

194 1526 498 1611 scriptores
547 1534 801 1589 narrant
847 1522 1040 1607 (Tac.
1088 1524 1262 1587 Ann.
1307 1519 1460 1602 XV,
1504 1521 1609 1586 39.
1666 1520 1844 1588 Suet.
1891 1522 2052 1588 Ner.
2102 1524 2208 1591 38.

196 1623 300 1691 Dio
341 1626 413 1693 C.
456 1625 673 1706 LXII,
724 1623 878 1710 18),
939 1646 1075 1690 eum
1147 1623 1210 1688 in
1264 1625 1547 1688 incendio
1600 1622 1835 1689 Romae
1881 1625 2215 1694 citharoedi

199 1729 379 1794 habitu
417 1730 695 1796 indutum
741 1724 995 1797 ἅλωσιν
1036 1722 1247 1793 Ἰλίου
1297 1725 1635 1806 cecinisse,
1696 1738 1793 1792 est
1846 1749 1996 1794 sane
2052 1733 2215 1796 veri-

201 1832 367 1896 simile
409 1834 596 1899 suisse
636 1831 795 1896 hauc
840 1830 914 1895 ab
959 1830 1090 1913 ipso
1136 1829 1550 1913 compositum.
1634 1826 1964 1895 Diversum
2014 1845 2214 1900 autem

201 1934 317 1998 sine
334 1933 505 1998 dubio
522 1936 642 1999 suit
672 1954 917 1999 carmen
949 1931 1208 2016 epicum,
1242 1931 1398 2014 quod
1428 1933 1538 1995 sub
1571 1931 1745 1995 titulo
1768 1932 2034 1998 Troz’con
2052 1957 2214 2001 com-

201 2038 377 2119 posuit
412 2049 473 2101 et
501 2034 1046 2121 quinquennalibus
1088 2033 1243 2099 ludis
1274 2056 1335 2099 a·
1368 2031 1496 2098 818
1526 2035 1827 2114 recitavit,
1863 2038 1944 2100 cs.
1978 2035 2099 2102 Dio
2133 2038 2211 2104 C.

203 2134 384 2218 LXII,
414 2139 534 2204 29·
607 2132 677 2208 Ο
722 2136 796 2206 δὲ
840 2136 1125 2225 Νέρων
1113 2173 1199 2184 -
1228 2136 1341 2205 ἐπὶ
1371 2160 1503 2221 ’την
1532 2137 1656 2203 τοῦ
1683 2130 1990 2224 θεάτρου
2020 2165 2217 2230 ορχη-

206 2244 383 2326 στοάν
408 2246 484 2310 ἐν
514 2235 847 2330 πανδήμῳ
878 2239 1015 2307 τινὶ
1052 2238 1183 2327 θέᾳ
1225 2239 1479 2327 κατέβη
1511 2241 1625 2305 καὶ
1651 2235 1904 2325 οἷνέγνω
1951 2242 2217 2329 Τρωϊκά

201 2366 332 2411 τινα
378 2346 626 2412 ἑαυτοῦ
666 2342 1040 2430 ποιήματα.
1117 2306 1285 2409 [iaec
1334 2341 1577 2426 saepius
1639 2358 2216 2434 commemorantur,

204 2467 257 2509 v.
285 2442 405 2512 luv.
441 2443 622 2524 vnl,
654 2445 802 2511 221.
853 2444 1063 2512 Schol.
1100 2443 1276 2511 Pers.
1310 2443 1360 2525 1,
1400 2443 1542 2509 121.
1599 2444 1810 2512 Pauca
1852 2451 1995 2516 inde
2025 2455 2219 2517 refert

205 2542 467 2627 Servius,
514 2561 919 2615 memoratum
962 2550 1025 2612 in
1071 2549 1147 2613 iis
1190 2570 1327 2614 esse
1373 2547 1704 2636 Cynthium
1748 2572 1955 2634 regem
1989 2551 2218 2621 Troiae

205 2653 291 2725 (ad
322 2650 547 2738 Georg.
585 2649 704 2731 III,
738 2650 890 2736 36),
940 2661 1004 2716 et
1031 2650 1221 2716 Parin
1250 2652 1313 2715 in
1342 2653 1415 2717 iis
1459 2674 1597 2718 esse
1641 2653 1974 2719 exhibitum
2014 2657 2219 2721 fortis-

202 2752 422 2831 simum,
482 2756 646 2819 adeo
704 2765 770 2817 ut
821 2754 885 2818 in
943 2752 1174 2820 Troiae
1235 2756 1477 2839 agonali
1524 2757 1857 2821 certamine
1902 2772 2222 2840 superaret

206 2875 429 2935 omnes»,
473 2858 673 2943 ipsum
717 2856 896 2920 etiam
941 2853 1297 2922 Hectorem.
1372 2856 1495 2940 Qui
1538 2880 1672 2924 cum
1716 2860 1908 2924 iratus
1957 2861 2221 2946 gladium

203 2956 256 3019 in
281 2977 403 3021 eum
433 2960 826 3038 strinxisset,
874 2959 1106 3023 dixisse
1135 2956 1362 3041 Parin,
1410 2982 1479 3026 se
1511 2963 1640 3026 eius
1671 2983 2020 3047 germanum
2054 2985 2218 3043 esse,

201 3059 356 3143 idque
383 3063 578 3128 allatis
609 3062 954 3145 crepundiis
986 3061 1275 3145 probasse
1295 3108 1313 3142 ,
1361 3085 1497 3127 cum
1540 3063 1734 3128 adhuc
1776 3064 1982 3130 habitu
2013 3069 2220 3132 rustici

203 3160 398 3227 lateret
437 3163 662 3244 (Serv.
710 3165 784 3228 ad
831 3162 1007 3246 Virg.
1054 3166 1218 3227 Aen.
1254 3160 1339 3245 V,
1368 3163 1520 3245 370,
1568 3168 1728 3231 unde
1779 3167 1977 3232 hausit
2021 3167 2218 3257 Myth.

204 3260 331 3327 Vat.
361 3262 469 3344 111,
509 3264 616 3346 11,
649 3263 789 3351 24).
849 3262 1004 3330 Inde
1049 3276 1218 3351 patet
1264 3287 1399 3330 eum
1445 3269 1706 3334 fabulam
1753 3292 1791 3334 a
1834 3272 2082 3354 tragicis
2114 3293 2223 3337 ex-

206 3367 397 3432 cultam
428 3380 704 3434 secutum
737 3385 873 3433 esse
891 3369 1004 3451 (cs.
1026 3367 1356 3449 Welcker,
1380 3367 1633 3437 Griech.
1657 3372 1849 3457 Trag.
1867 3396 1923 3458 p.
1941 3373 2069 3441 472
2083 3377 2204 3459 sq.)

209 3465 354 3550 Quot
380 3471 566 3535 libros
612 3471 728 3535 hoc
770 3491 1013 3535 carmen
1058 3470 1339 3535 habuerit
1384 3484 1447 3536 et
1490 3496 1797 3560 quousque
1838 3498 2225 3562 progressum

204 3571 365 3636 fuerit
394 3574 741 3650 narrando,
791 3595 916 3636 non
949 3584 1150 3656 potest
1180 3574 1324 3639 dici.
1389 3572 1677 3641 Ceterum
1721 3600 1856 3644 eum
1890 3580 1964 3643 ad
1997 3580 2226 3645 maiora

207 3694 414 3758 quoquc
445 3677 795 3763 adspirasse
827 3687 889 3740 et
918 3696 1019 3740 res
1052 3675 1361 3740 Romanas
1406 3680 1671 3744 carmine
1709 3682 1879 3765 epico
1913 3683 2227 3750 celebrare

209 3777 490 3858 voluisse,
536 3800 721 3862 supra
764 3777 884 3841 iam
926 3779 1305 3842 narravimus
1351 3781 1442 3863 (p.
1480 3804 1549 3845 nx
1576 3786 1698 3866 s.),
1755 3786 1982 3849 maiora
2028 3797 2227 3851 autem

212 3877 275 3939 ab
314 3902 384 3944 co
425 3882 535 3945 vix
582 3903 720 3946 esse
765 3880 1044 3945 absoluta
1087 3892 1150 3946 et
1185 3884 1459 3966 perfecta
1503 3884 1632 3948 iure
1684 3886 1988 3952 coniicere
2021 3910 2231 3974 possu-

210 4001 346 4046 mus.
417 3982 654 4050 Versus
697 3983 931 4065 quidam
979 3983 1110 4071 eius
1155 3985 1384 4048 servati
1442 3999 1619 4068 sunt,
1669 3989 1767 4073 qui
1814 3991 1889 4054 ad
1933 3993 2228 4074 quodnam

213 4102 430 4150 carmen
474 4087 859 4171 pertineant,
910 4106 1156 4168 prorsus
1197 4089 1493 4156 incertum
1545 4104 1656 4153 est.
1742 4089 1954 4158 Schol.
1995 4091 2232 4160 Lucani
