2764 4738
830 456 1541 520 PROLEGOMENA.
2014 480 2213 523 mxxxi

173 625 378 691 simum
408 623 825 711 proposuisse,
861 647 976 709 quo
1010 627 1232 692 nullum
1264 628 1425 692 aliud
1456 628 1746 693 illustrius
1776 636 1882 691 aut
1910 627 2215 692 efficacius

174 739 329 793 erat.
384 727 547 792 Nam
578 726 755 791 Nero
787 748 860 792 ea
888 729 1038 795 vitia
1057 778 1076 811 ,
1124 751 1276 815 quae
1307 731 1571 794 maxime
1602 730 1952 814 castiganda
1982 732 2216 816 putavit

170 828 456 911 Persius»,
504 832 570 894 in
610 830 847 913 poetica
892 834 1245 897 exercenda
1284 844 1348 899 et
1388 831 1752 896 ostentanda
1792 843 2216 917 repraesenta-

172 934 306 1010 bat,
356 944 418 998 et
461 954 597 997 cum
641 933 905 996 omnium
949 935 1155 999 oculos
1199 936 1263 999 in
1305 954 1374 999 se
1434 944 1868 1013 converteret,
1917 935 2041 999 dux
2083 946 2219 1000 erat

172 1045 351 1119 atque
379 1035 641 1119 signifer
668 1035 939 1117 perversi
971 1037 1102 1100 eius
1132 1036 1353 1116 studii,
1401 1057 1517 1120 quo
1558 1035 1827 1121 plerique
1871 1046 2014 1102 tunc
2058 1038 2217 1101 fere-

172 1136 411 1201 bantur.
476 1134 699 1220 Neque
732 1148 931 1200 tamen
965 1138 1078 1202 hoc
1111 1139 1195 1203 ita
1234 1139 1802 1224 interpretabimur,
1850 1139 2017 1222 quasi
2065 1140 2217 1204 haec

173 1240 355 1303 satira
384 1249 603 1303 contra
632 1237 951 1303 Neronem
983 1241 1182 1324 potius
1213 1242 1431 1326 scripta
1464 1241 1582 1315 sit,
1631 1262 1806 1324 quam
1850 1241 1925 1304 ad
1970 1242 2219 1306 univer-

173 1361 298 1404 sum
339 1340 605 1405 studium
651 1341 1087 1425 castigandum.
1146 1339 1309 1405 Nam
1353 1343 1513 1408 sicut
1551 1343 1616 1407 in
1663 1361 1733 1406 ea
1775 1342 2015 1419 insunt,
2064 1362 2218 1425 quae

175 1463 281 1506 cur
301 1444 379 1506 ad
410 1440 730 1506 Neronem
762 1443 1133 1528 potissimum
1164 1446 1516 1509 referantur
1548 1446 1707 1509 nulla
1742 1465 1923 1508 causa
1952 1454 2044 1508 est
2065 1492 2084 1523 ,
2131 1445 2218 1509 ita

174 1564 284 1609 nec
325 1564 401 1610 ea
428 1590 447 1621 ,
486 1564 640 1627 quae
683 1545 760 1608 ad
806 1564 940 1609 eum
981 1546 1325 1629 pertinent,
1371 1548 1447 1611 ad
1494 1567 1629 1612 eum
1673 1547 1868 1611 solum
1910 1545 2218 1631 pertinere

176 1648 432 1729 putenm
475 1655 654 1723 sunt,
701 1667 912 1710 verum
950 1658 1018 1712 ut
1059 1649 1201 1712 olim
1242 1646 1461 1712 Persio
1492 1649 1574 1713 ita
1604 1649 1776 1713 nobis
1801 1646 1978 1713 Nero
2011 1648 2219 1713 claris-

177 1748 381 1811 simum
432 1759 497 1812 et
541 1747 959 1832 gravissimum
1007 1748 1345 1834 exemplum
1391 1750 1667 1834 poeticae
1702 1751 1832 1814 eius
1864 1760 1994 1828 est,
2043 1771 2217 1834 quam

179 1850 504 1913 taxandam
552 1848 662 1913 sibi
706 1849 916 1914 sumsit
956 1848 1231 1915 Persius.
1293 1847 1354 1915 Is
1403 1852 1465 1915 in
1510 1852 1855 1915 universum
1897 1852 1969 1917 de
2001 1851 2220 1917 litteris

177 1951 453 2017 iudicium
485 1961 731 2017 secutus
763 1971 900 2017 esse
929 1952 1206 2030 videtur,
1253 1954 1426 2036 quale
1475 1954 1549 2016 ab
1582 1952 1835 2017 Horatio
1867 1954 2221 2040 pronuntia·

178 2063 292 2116 tum
337 2055 652 2133 videmus,
702 2066 764 2118 et
807 2077 941 2119 cum
986 2054 1260 2134 videret,
1309 2075 1486 2133 esse,
1536 2055 1634 2139 qui
1681 2055 1763 2118 nil
1794 2056 1913 2119 nisi
1941 2056 2218 2140 antiquos

178 2153 591 2218 Romanorum
639 2166 850 2240 poetas
896 2166 1173 2221 amarent
1218 2167 1399 2241 atque
1457 2166 1905 2222 venerarentur
1964 2159 2089 2243 (vs.
2136 2153 2222 2220 76

179 2260 369 2341 sqq.)‚
418 2267 599 2340 atque
632 2277 842 2322 eorum
872 2257 1026 2321 adeo
1060 2257 1213 2323 haud
1244 2280 1493 2343 parvum
1539 2279 1676 2324 esse
1723 2279 2071 2335 numerum,
2121 2260 2220 2342 qui

180 2361 358 2425 rudes
404 2371 469 2424 et
512 2359 721 2424 inculti
768 2380 947 2424 omne
993 2358 1366 2425 Graecarum
1402 2362 1739 2427 litterarum
1787 2360 2078 2438 studium,
2126 2361 2220 2426 in-

180 2465 381 2547 primis
427 2463 893 2548 philosophiam,
954 2474 1022 2528 ut
1079 2463 1261 2527 inane
1316 2466 1594 2530 riderent
1649 2473 1712 2529 et
1761 2473 2225 2528 contemnerent

182 2566 257 2646 (1,
293 2564 424 2630 127
451 2587 582 2650 sqq.
620 2562 734 2645 ΙΙΙ,
769 2566 855 2630 77
883 2587 1013 2649 sqq.
1050 2561 1135 2644 V,
1173 2562 1294 2629 189
1325 2565 1529 2651 sqq),
1580 2575 1686 2629 aut
1730 2576 2011 2650 tanquam
2041 2567 2223 2630 mori-

181 2667 285 2733 bus
338 2666 761 2732 Romanorum
814 2669 1221 2753 perniciosum
1281 2668 1778 2732 abominarentur
1835 2673 1933 2745 (ut
1977 2666 2224 2733 Bestius

178 2770 312 2847 ille,
364 2771 536 2853 quasi
584 2768 741 2834 Cato
787 2770 1025 2853 quidem
1072 2769 1380 2834 redivivus
1427 2768 1540 2848 vl,
1591 2767 1744 2851 37),
1805 2769 1932 2854 ipse
1986 2768 2225 2833 Graece

181 2873 393 2937 doctus
433 2881 493 2950 ¹,
544 2870 921 2938 Graecorum
953 2882 1267 2958 poetarum
1310 2871 1557 2956 egregia
1601 2879 1664 2933 et
1693 2871 1916 2936 eximia
1949 2872 2227 2956 exempla

180 2994 319 3060 prae
351 2975 583 3040 ceteris
614 2975 913 3038 versanda
944 2971 1871 3060 etsequendapronunciavit(1,
1896 2973 2017 3039 123
2032 2973 2219 3059 sqq.).

183 3165 206 3218 ¹
245 3162 357 3215 Non
383 3164 617 3230 equidem
643 3163 909 3226 intelligo,
947 3162 1194 3230 quomodo
1218 3162 1316 3213 sibi
1346 3163 1666 3229 persuaserit
1684 3161 1961 3214 Passovins
1987 3165 2059 3230 (p.
2079 3163 2222 3227 108),

245 3233 481 3285 Persium
520 3231 752 3282 Graecae
787 3232 995 3296 linguae
1033 3247 1130 3282 non
1167 3230 1328 3281 fuisse
1365 3232 1756 3296 intelligentem.
1808 3232 1951 3297 Quod
1988 3247 2099 3282 cum
2134 3248 2227 3299 per

245 3317 304 3353 ce
339 3316 522 3368 parum
560 3302 632 3352 sit
664 3302 948 3352 verisimile
985 3316 1044 3351 eo
1081 3307 1339 3366 tempore,
1378 3316 1477 3366 quo
1509 3316 1652 3351 nemo
1688 3301 1772 3350 vel
1807 3301 2014 3367 paulum
2055 3299 2228 3351 erudi-

245 3378 331 3421 tu
369 3371 605 3422 Graecae
641 3370 847 3434 linguae
884 3368 1173 3434 cognitione
1209 3384 1390 3420 carere
1428 3370 1626 3437 potuit,
1666 3375 1772 3419 tum
1806 3369 1855 3418 in
1884 3369 2058 3421 Persio
2083 3384 2228 3434 pror·-

246 3455 338 3490 sus
376 3438 681 3489 incredibile
716 3445 826 3502 est,
880 3440 999 3505 qui,
1055 3452 1249 3488 summa
1295 3453 1417 3487 cura
1456 3439 1738 3501 educatus,
1789 3437 2007 3488 Cornuti
2043 3453 2227 3501 graece

247 3508 534 3558 doctissimi
574 3508 814 3557 alumnus
851 3506 951 3557 fuit
985 3514 1038 3558 et
1079 3505 1305 3556 Graecos
1342 3507 1574 3556 doctores
1621 3513 1885 3572 tantopere
1939 3505 2223 3574 praedicnt.

245 3577 405 3627 Docet
466 3584 638 3627 nutem
698 3576 782 3626 vel
846 3575 1096 3628 Platonici
1156 3575 1345 3638 dialogi
1398 3576 1620 3625 imitatio
1666 3579 1790 3636 (sut.
1831 3574 1901 3627 lv
1937 3574 2036 3639 in.)
2061 3611 2075 3638 ,
2137 3580 2231 3624 unt

245 3646 537 3713 exemplum
568 3643 893 3696 eMenandro
919 3646 1086 3711 potius
1112 3659 1260 3710 qnam
1287 3661 1315 3693 e
1333 3643 1581 3693 Terentio
1606 3653 1824 3693 sumtum
1843 3641 1935 3710 (V,
1955 3643 2047 3694 161
2068 3645 2227 3709 sqq),

245 3731 362 3766 eum
401 3715 638 3766 Graecae
676 3714 880 3778 lingone
911 3714 1127 3780 peritum
1157 3712 1331 3763 fuisse.
1373 3711 1514 3780 Quod
1548 3711 1820 3762 Pnsnovius
1846 3717 2044 3775 monet,
2081 3727 2228 3776 grae-

246 3786 434 3834 eismos
488 3784 539 3834 in
593 3782 758 3833 Persii
800 3798 1031 3834 sermone
1081 3781 1375 3847 frequentes
1413 3783 1527 3832 nevi
1565 3781 1680 3832 eius
1717 3796 1863 3844 esse,
1917 3796 2080 3847 neque
2118 3797 2230 3847 pro-

249 3854 409 3916 bare,
467 3868 584 3902 enm
634 3853 883 3904 Graecum
931 3853 1156 3916 linguam
1206 3850 1472 3912 tenuisse,
1521 3865 1586 3899 ex
1634 3858 1779 3915 parte
1816 3850 2015 3915 quidem
2052 3865 2228 3899 verum

249 3930 361 3985 est,
418 3921 513 3972 sed
564 3922 904 3971 inveniuntur
946 3928 1150 3980 tumen,
1199 3934 1330 3984 qnae
1356 3918 1488 3984 'ipse
1543 3933 1605 3968 ex
1653 3917 1847 3969 Graeco
1898 3918 2230 3970 transtulisse

250 3991 527 4050 videatur,
582 3997 635 4040 et
677 4005 850 4071 purum
888 3990 1089 4070 quidem
1128 3986 1381 4051 feliciter,
1436 3994 1680 4053 quantum
1727 3988 1909 4051 video,
1963 4002 2010 4037 e.
2060 4002 2111 4051 g.
2148 3989 2228 4036 in·

247 4075 437 4109 cusum
519 4075 640 4178 pro¹
683 4055 982 4124 ἐμπαιστόν
1028 4056 1281 4121 (11,52)‚
1367 4056 1699 4106 subuerntum
1774 4073 1864 4122 pro
1934 4049 2233 4120 ὑπόχαλκον

254 4127 340 4190 (ν,
390 4127 549 4193 106),
1645 4207 1650 4210 Δ

308 4234 548 4274 renerus.
1795 4213 1821 4269 ί·
