2764 4738
786 368 1053 430 scum..
1083 369 1190 430 An
1223 368 1397 429 SAT.
1432 369 1530 442 lv,
1566 376 1594 431 1
1619 403 1700 415 —
1722 375 1818 434 10.
2193 366 2318 434 311

285 542 456 620 periit
496 540 570 599 ob
600 541 743 612 boc,
787 538 935 620 quod
963 542 1019 599 in
1049 540 1196 600 bunc
1225 539 1554 618 discipulum
1585 541 1808 599 infamis
1837 537 2148 601 diceretur.
2216 540 2322 600 llic

285 638 474 685 autem
520 626 791 685 Socrates
836 647 960 685 cnm
1006 628 1456 686 incriminaretur
1497 645 1532 684 a
1577 626 1754 684 turbis
1807 624 1880 696 de
1938 629 2085 705 turpi
2126 646 2320 685 amore

284 709 597 771 Alcibiadis
627 709 882 789 discipuli
914 714 1033 783 sui,
1075 732 1352 771 venenum
1381 712 1522 770 bibit
1550 713 1604 769 in
1636 731 1910 783 carcere,
1952 733 2063 792 qno
2093 713 2323 789 punire-

286 808 412 869 tur,
442 808 504 856 et
531 807 821 877 postquam
853 797 1023 868 bibit,
1052 801 1268 857 crimen
1298 818 1459 856 sunm
1495 799 1788 875 purgavit3
1832 808 1892 856 et
1920 795 2047 855 dum
2078 799 2131 855 ei
2163 795 2322 857 diee-

287 895 468 954 retur,
497 880 643 961 qnod
677 882 809 940 illud
842 902 1155 954 venenum,
1185 881 1332 963 quod
1361 895 1686 959 sumpturus
1716 893 1863 953 erat,
1892 883 2322 942 accusatoribus

285 965 484 1038 daret,
528 969 734 1039 noluit,
780 965 884 1026 sed
931 979 992 1027 ut
1033 968 1402 1038 ostenderet,
1468 968 1601 1027 nibil
1632 988 1762 1028 esse
1793 980 1977 1028 morte
2007 968 2322 1027 absolutius

285 1073 323 1112 a
350 1054 617 1124 crimine,
657 1054 913 1131 sumpsit.

459 1159 519 1215 3.
569 1157 695 1231 Quo
723 1154 983 1234 fretus?
1026 1152 1080 1212 id
1121 1167 1244 1226 est,
1287 1153 1437 1214 unde
1484 1155 1833 1232 praesumis,
1875 1165 1939 1213 ut
1982 1174 2102 1214 rem
2133 1155 2323 1232 populi

287 1244 544 1300 tractes?
712 1241 920 1299 Merito
962 1237 1098 1299 dicit
1130 1242 1366 1318 pupille
1407 1241 1666 1298 Pericli.-
1712 1241 1842 1320 quia
1871 1241 1976 1299 sub
2004 1242 2179 1300 tutela
2212 1240 2323 1298 Pe·

286 1326 444 1384 riclis
487 1326 744 1384 avuncuii
790 1328 878 1384 sui
920 1323 1197 1404 degebat:
1258 1337 1320 1385 et
1371 1336 1594 1385 tutores
1648 1323 1840 1384 dicunt
1882 1326 2122 1406 pupillos
2166 1346 2324 1397 snos,

289 1412 490 1491 quibus
519 1413 749 1470 tutelam
776 1421 1002 1489 gerunt.

457 1501 521 1558 4.
566 1499 810 1555 Scilicet
846 1497 1163 1573 ingenium.
1222 1493 1580 1555 Credendum
1625 1506 1718 1555 est
1763 1496 1862 1555 tibi
1892 1507 2024 1555 ante
2056 1496 2323 1573 puberta-

287 1593 401 1641 tem
448 1602 705 1660 magnum
746 1583 1030 1660 ingenium
1074 1581 1166 1640 vel
1210 1579 1565 1659 prudentiam
1594 1582 1827 1651 venire,
1895 1594 1956 1640 ut
1996 1583 2148 1640 scias
2193 1580 2322 1660 quid

286 1668 380 1727 vel
410 1667 659 1747 loquaris
688 1669 779 1726 vel
809 1679 1040 1740 taceas;
1100 1667 1192 1726 vel
1226 1669 1444 1745 peritus
1475 1686 1541 1726 es
1571 1663 1933 1725 dicendorum
1963 1677 2024 1725 et
2052 1667 2324 1726 tacendo-

290 1773 431 1811 rum.
606 1755 798 1811 Velox
847 1754 1212 1830 prudentia,
1266 1752 1396 1811 ideo
1455 1749 1628 1823 dixit,
1688 1750 1835 1831 quod
1879 1753 2177 1812 celeritate
2221 1772 2323 1810 sua

286 1838 639 1918 pubertatem
669 1839 1003 1915 praeveniat
1039 1840 1338 1915 sapientia.

462 1928 524 1985 5.
577 1927 740 1982 Ante
773 1924 932 2001 pilos
976 1933 1162 1982 autem
1203 1934 1501 2003 antequam
1541 1923 1638 2000 pili
1682 1932 1988 1982 nascantur
2025 1919 2198 1981 debet
2240 1923 2326 1980 in·

291 2008 493 2087 telligi.
541 2010 698 2067 Pilos
730 2020 916 2066 autem
947 2028 1052 2085 pro
1083 2008 1271 2067 barba
1301 2010 1511 2086 posuit.

461 2097 519 2156 6.
566 2096 732 2170 Ergo
776 2094 884 2151 ubi
918 2104 1197 2152 commota
1225 2093 1454 2173 servet.
1529 2092 1745 2152 Sensus
1802 2104 1923 2152 estz
1984 2093 2126 2152 Dum
2172 2113 2323 2151 com·-

287 2190 439 2238 mota
469 2179 631 2256 plebs
663 2180 817 2249 furit,
850 2180 1138 2256 poterisne
1172 2200 1336 2237 manu
1366 2190 1464 2237 tua
1493 2177 1827 2238 seditionem
1858 2179 2045 2258 populi
2077 2177 2326 2238 sedare?

458 2269 517 2325 7.
574 2265 824 2321 Calidae
856 2264 1099 2334 turbae,
1146 2261 1200 2321 id
1232 2274 1324 2323 est
1354 2264 1583 2322 fervore
1616 2263 1942 2323 iracundiae
1972 2266 2278 2323 excitatae.

458 2353 520 2411 8.
562 2350 883 2409 Maiestate
923 2368 1168 2421 manus,
1222 2350 1351 2429 qnia
1381 2351 1543 2429 quasi
1574 2369 1775 2428 magna
1805 2360 1864 2408 et
1895 2350 2190 2427 profutura
2220 2350 2323 2408 ho-

291 2436 529 2493 minibus
589 2436 828 2494 locuturi
885 2445 1082 2495 tacere
1140 2435 1336 2494 iubent
1396 2446 1685 2494 moventes
1758 2455 1997 2494 manum.
2173 2436 2330 2509 Quid

288 2521 500 2578 deinde
541 2521 826 2598 loquere?
869 2519 1024 2597 Ergo
1055 2541 1180 2579 cum
1211 2519 1416 2579 seditio
1447 2531 1579 2577 orta
1620 2522 1764 2591 erit,
1808 2521 2008 2599 quibus
2038 2539 2164 2579 eam
2194 2539 2326 2578 ver-

285 2605 375 2663 bis
406 2608 781 2683 compesces?
957 2607 1258 2680 Quirites,
1290 2606 1524 2663 abusive
1555 2603 1727 2677 dixit,
1759 2603 1816 2663 id
1845 2615 1937 2663 est
1965 2607 2140 2664 cives.
2187 2604 2327 2677 Qni-

287 2691 430 2750 rites
463 2692 609 2750 enim
641 2693 798 2750 cives
829 2689 1064 2749 Romani
1096 2701 1246 2748 sunt.

454 2797 515 2855 9.
560 2795 748 2864 Puta,
783 2812 1020 2871 nempe,
1051 2791 1378 2852 adverbium
1410 2801 1520 2850 est.

465 2899 564 2956 10.
611 2897 743 2954 Scir
787 2895 994 2953 etenim
1044 2896 1280 2952 iustum.
1338 2894 1459 2953 Hoc
1500 2912 1604 2971 per
1649 2894 1886 2951 ironiam
1930 2890 2086 2952 dicit.
2144 2892 2326 2952 *Re-

289 2999 465 3040 vera
523 2982 678 3039 seis
730 2980 1097 3038 iustitiam
1159 2982 1224 3038 in
1285 2979 1501 3039 lance
1562 2997 1925 3057 pensare,
1968 2979 2326 3058 etipsins

289 3065 559 3126 dubiae
615 3066 853 3124 lancis
910 3063 1449 3124 rectitudinem
1504 3065 1748 3123 calles
1801 3061 2326 3123 discernere)

288 3154 525 3221 Lance,
570 3148 625 3209 id
670 3160 762 3209 est
804 3151 984 3209 libra.
1067 3150 1206 3208 *Et
1255 3170 1552 3209 curvam
1611 3149 1944 3227 regulam
2006 3168 2326 3208 momen-

282 3227 552 3306 tanee,
636 3235 758 3295 ubi
831 3237 1029 3294 inter
1085 3255 1316 3294 curva
1375 3236 1605 3295 subit.
1712 3236 2076 3311 Regulam
2149 3232 2329 3292 dicit

289 3323 516 3401 ipsum
569 3333 1080 3380 momentanee
1120 3327 1142 3360 ¹
1184 3321 1497 3379 stilum!
1686 3323 1845 3378 Varo
1887 3321 2077 3398 pede,
2135 3318 2191 3378 id
2236 3329 2330 3378 est

291 3418 480 3479 torto,
526 3407 635 3466 hoe
666 3418 759 3466 est
786 3404 989 3465 declivi
1018 3417 1149 3484 post
1178 3404 1414 3484 pondus.
1484 3405 1612 3464 Seis
1642 3407 1849 3464 etenim
1882 3408 2185 3464 aestimare
2218 3404 2327 3462 hue

292 3493 422 3551 illue
452 3493 727 3551 inclinans
758 3490 1054 3563 iudicium,
1085 3489 1264 3550 donec
1294 3493 1349 3550 in
1382 3490 1587 3570 liquido
1619 3501 1735 3549 stet
1763 3492 2067 3550 sententia.
2176 3491 2329 3547 Pede

291 3597 473 3649 varo,
550 3576 606 3636 id
652 3589 745 3638 est
790 3578 995 3635 inflexo
1052 3588 1114 3636 et
1168 3578 1435 3636 aliorsum
1496 3597 1657 3656 quam
1701 3574 1774 3634 ad
1805 3573 2196 3635 rectitudinem
2228 3572 2328 3634 de-

290 3661 495 3736 ducto,
535 3672 633 3722 aut
676 3664 892 3742 regula
936 3683 1082 3722 nunc
1127 3682 1232 3742 pro
1274 3682 1479 3721 norma
1521 3661 1732 3720 abusus
1776 3672 1886 3722 ost.
1944 3661 2053 3719 Est
2081 3662 2226 3720 enim
2258 3679 2330 3719 ea

292 3769 449 3809 vara.

295 3934 322 3987 1
364 3932 446 3984 (ΞΓ.
483 3933 698 3999 Papium
755 3931 1144 3994 „Nomentana
1188 3931 1391 3983 duabus
1427 3931 1663 3983 lancibus
1697 3937 1752 3983 et
1785 3947 1886 3982 uno
1920 3932 1973 3982 in
2006 3931 2175 3983 medio
2209 3931 2331 3982 stilo

364 4003 554 4052 librata
591 4003 883 4068 aequaliter
929 4009 1167 4064 constat,
1227 4003 1368 4052 dicta
1414 4001 1549 4069 qnod
1587 4015 1745 4067 parva
1781 4002 2080 4069 modicaque
2114 4001 2331 4068 pecunia

364 4072 416 4123 in
453 4086 515 4122 ea
551 4073 709 4124 solitu
744 4072 818 4123 sit
850 4070 1089 4141 appendi.
1109 4072 1149 4100 ‘⁴
1195 4069 1264 4123 el'.
1301 4070 1426 4124 isid.
1467 4071 1632 4137 origg.
1669 4068 1815 4137 xvl,
1848 4071 1937 4127 u.
