2764 4738
829 443 1561 510 PROLEGOMENA.
2026 471 2206 514 van

168 618 319 698 lant,
366 617 440 684 ad
500 617 832 701 quemlibet
876 616 1178 682 hominem
1209 616 1665 701 significandum
1734 617 1843 702 (ef.
1887 616 2050 684 Plut.
2100 641 2199 705 qu.

169 718 337 783 Rom.
374 718 479 785 30.
517 719 655 785 lov.
692 716 811 799 lv,
847 717 949 782 13.
984 717 1145 783 Lol).
1179 720 1254 784 ad
1286 717 1519 806 Phryn.
1546 742 1606 806 p.
1629 718 1733 784 58.
1769 718 2040 786 Bekker.
2072 724 2201 787 ind.

168 819 338 887 Sext.
390 820 571 907 Emp.
620 844 676 887 s.
723 845 785 887 v.
832 822 1071 907 Δίων).
1149 820 1285 889 Huc
1333 824 1644 907 pertinent
1681 820 1884 888 Persii
1929 824 2205 890 Staius

166 921 273 1007 (ll,
306 924 418 1007 19)
441 969 460 1003 ,
540 922 635 988 Μ.
684 922 919 988 Dama
958 919 1073 1009 (V,
1105 921 1190 987 76
1221 927 1384 1009 sqq.)
1406 971 1423 1002 ‚
1502 918 1834 990 Stadius
1883 922 2026 1008 (Vl,
2060 924 2200 1007 66),

166 1048 351 1111 neque
382 1029 508 1092 alio
536 1026 849 1091 referendi
884 1025 1164 1091 videntur
1194 1024 1246 1089 E
1265 1049 1397 1110 rge
1417 1049 1452 1091 n
1473 1049 1563 1091 na
1596 1028 1902 1111 haruspex
1930 1025 2043 1109 (ll,
2062 1027 2200 1113 26),

166 1141 333 1214 atque
365 1132 551 1197 etiam
585 1125 1001 1192 Vettidius
1044 1149 1267 1193 avarus
1312 1126 1457 1216 (lv,
1491 1128 1604 1213 25)
1637 1141 1699 1194 et
1728 1129 2204 1196 Vulsennius

164 1232 373 1317 ingens
404 1229 521 1313 (V,
559 1228 752 1312 190),
801 1251 951 1314 quos
997 1231 1050 1295 si
1095 1233 1252 1295 sorte
1284 1254 1435 1297 vere
1467 1233 1582 1297 sibi
1614 1232 1891 1317 cognitos
1924 1232 2204 1297 carmini-

164 1335 267 1399 bus
292 1336 557 1400 inseruit
586 1344 799 1419 poeta,
841 1333 902 1396 in
936 1333 1048 1398 hae
1078 1334 1433 1417 quaestione
1466 1334 1613 1398 nihil
1643 1334 1803 1398 aliud
1834 1335 2202 1416 significant,

165 1458 327 1519 quam
358 1439 643 1522 exempla
675 1437 844 1501 avari
877 1447 980 1499 aut
1010 1436 1266 1500 stolidae
1298 1456 1432 1498 cum
1463 1437 1811 1520 arrogantia
1844 1437 2204 1500 coniunctae

163 1540 567 1622 ignorantiae.
630 1537 921 1610 Proxime
965 1539 1040 1603 ad
1085 1538 1197 1602 hos
1244 1540 1576 1616 accedunt,
1623 1559 1776 1622 quae
1824 1559 1905 1602 ex
1951 1539 2202 1602 historia

165 1643 469 1705 notissima
502 1642 703 1726 posuit
733 1642 974 1704 nomina
998 1688 1014 1720 ,
1050 1650 1117 1704 ut
1147 1637 1435 1704 Crassu
1456 1663 1510 1703 m
1545 1637 1653 1717 (ll,
1688 1640 1839 1724 36),
1888 1639 2202 1706 Brutum

166 1740 268 1823 (V,
302 1740 412 1827 85)
461 1754 525 1808 et
567 1745 752 1828 longe
796 1743 1099 1809 diversum
1143 1742 1217 1806 ab
1265 1742 1380 1807 hor.
1428 1741 1864 1828 Bathyllum
1914 1738 2027 1826 (V,
2059 1740 2196 1825 85).

164 1843 370 1929 Neque
402 1844 587 1911 aliter
614 1866 684 1910 se
715 1846 939 1910 habent
968 1845 1210 1908 nomina
1234 1889 1253 1923 ,
1302 1864 1455 1929 quae
1499 1846 1598 1911 vel
1638 1866 1674 1908 a
1709 1842 2006 1922 Graecis,
2061 1856 2127 1909 ut
2166 1867 2204 1911 a

165 1943 497 2013 Menandro
548 1946 600 2012 C
623 1947 656 2012 h
678 1969 860 2012 aere
880 1968 909 2012 s
930 1957 1217 2011 tratum
1264 1956 1325 2009 et
1369 1944 1427 2009 D
1446 1967 1665 2011 avum
1711 1944 1824 2031 (V,
1863 1944 1986 2011 162
2014 1949 2198 2031 sqq.)‚

166 2058 223 2113 et
261 2061 543 2133 quantum
591 2052 836 2116 videtur
877 2048 1187 2115 Baucim
1234 2046 1379 2133 (IV,
1414 2046 1528 2134 21)
1562 2062 1621 2126 ¹,
1682 2049 1782 2113 vel
1831 2050 1906 2114 ab
1950 2047 2204 2114 Horatio

167 2152 471 2232 (lesumsit,
495 2173 647 2237 quae
666 2155 795 2219 sive
811 2173 997 2219 veros
1029 2151 1713 2235 hominessignifieasse
1745 2163 1950 2217 notum
1984 2162 2102 2232 est‚'
2138 2163 2206 2217 ut

166 2250 549 2320 Craterus
580 2251 725 2337 (ΙΙΙ,
760 2250 910 2336 65),
946 2253 1273 2320 Licinus
1305 2250 1419 2334 (ΙΙ,
1454 2250 1606 2335 36),
1639 2255 1770 2319 sive
1800 2256 1876 2319 ad
1908 2276 2203 2340 quosnam

165 2358 476 2422 referenda
498 2404 517 2435 ,
592 2379 671 2422 an
729 2379 977 2442 prorsus
1033 2360 1174 2425 ficta
1232 2357 1395 2436 sint,
1461 2355 1792 2438 incertum,
1851 2368 1921 2424 ut
1967 2354 2037 2424 N
2053 2357 2204 2423 erii

165 2457 271 2540 (11,
305 2461 453 2545 14),
488 2459 779 2526 Nattae
812 2457 957 2541 (ΙΙΙ,
992 2460 1144 2544 31),
1179 2457 1534 2545 Crispini
1569 2458 1685 2545 (V,
1721 2458 1914 2544 126),
1945 2458 2202 2528 Bestii

167 2558 304 2642 (vl,
338 2560 488 2647 37),
537 2564 691 2649 apud
723 2560 1002 2628 Persium
1036 2584 1154 2627 non
1188 2562 1463 2627 homines
1484 2610 1501 2641 ‚
1536 2564 1641 2627 sed
1676 2564 1976 2628 hominum
2008 2583 2200 2648 genus

165 2666 533 2749 significant,
582 2675 645 2730 et
674 2665 837 2730 inter
862 2666 964 2730 illa
994 2664 1354 2732 scholastica
1399 2667 1679 2751 exempla
1719 2666 1851 2731 iure
1895 2664 2204 2731 numerari

162 2780 429 2852 possunt.
497 2765 627 2831 Iam
673 2788 965 2853 perpauca
1012 2780 1248 2834 restant
1291 2768 1568 2848 nomina,
1616 2789 1866 2852 quorum
1897 2768 2013 2832 alia
2043 2767 2200 2832 ratio

163 2870 258 2934 ait.
302 2868 576 2934 Primum
608 2870 847 2954 quidem
868 2916 886 2950 ,
935 2871 1089 2956 quod
1122 2867 1559 2935 Masurium
1582 2915 1600 2945 ‚
1653 2870 1749 2933 sui
1778 2871 2066 2955 temporis
2099 2890 2201 2935 ee-

162 2970 541 3036 lelwrrimum
582 2970 793 3037 ICtum
837 2973 1171 3039 nominavit
1215 2969 1328 3058 (V,
1361 2969 1517 3059 90),
1576 2974 1767 3056 potuit
1810 2974 2021 3038 eodem
2067 2972 2199 3038 iure

163 3094 571 3160 quemcunque
602 3076 782 3141 alium
813 3097 1077 3154 vocare,
1110 3095 1305 3160 neque
1337 3076 1650 3160 quiequam
1681 3074 1745 3138 in
1778 3096 1852 3141 eo
1885 3077 2201 3140 nominan-

163 3175 231 3240 do
260 3177 559 3242 acuminis
588 3179 823 3245 satirici
852 3189 1053 3264 potest
1083 3178 1481 3264 deprehendi.
1544 3174 1753 3260 Quare
1792 3179 1931 3242 inde
1964 3197 2200 3262 quoque

162 3292 439 3365 apparet,
473 3300 646 3366 quam
677 3301 884 3366 parum
915 3283 1144 3345 referat
1170 3279 1328 3346 seire
1348 3326 1366 3359 ,
1402 3300 1470 3344 ea
1504 3281 1745 3344 nomina
1765 3325 1783 3357 ‚
1832 3300 1983 3364 quae
2013 3291 2194 3345 antea

163 3383 507 3449 enumeravi
529 3431 547 3463 ,
599 3394 793 3447 utrum
839 3382 977 3448 licta
1019 3383 1182 3464 sint,
1242 3402 1438 3447 neone
1458 3428 1476 3460 ‚
1555 3404 1692 3448 cum
1748 3384 1961 3448 eodem
2020 3382 2195 3445 modo

164 3486 345 3571 posita
374 3486 519 3552 sint.
581 3484 764 3550 Aliud
794 3505 946 3550 vero
979 3496 1116 3562 est,
1163 3505 1298 3550 oum
1337 3482 1774 3550 Messallae
1815 3485 2029 3570 lippam
2060 3503 2201 3568 pro-

164 3588 431 3673 pagiuem
475 3598 911 3652 commemorat
951 3585 1207 3652 Persius
1247 3583 1360 3672 (ll,
1395 3587 1548 3671 72),
1616 3608 1754 3651 nam
1799 3587 1883 3651 ibi
1927 3596 2198 3672 apertum

164 3702 250 3755 est
290 3713 415 3755 non
460 3688 790 3774 quemlibet
821 3711 855 3754 e
886 3689 1153 3774 patriciis
1184 3711 1321 3755 eum
1351 3689 1700 3755 nominasse
1722 3736 1741 3767 ,
1777 3692 1885 3755 sed
1918 3690 2199 3774 indigna·

164 3791 317 3859 tione
362 3793 524 3858 iusta
571 3813 708 3857 eum
753 3802 1035 3874 notasse,
1086 3811 1260 3877 quem
1300 3791 1453 3857 vidit
1479 3793 1774 3857 illustrem
1807 3793 2020 3857 merita
2051 3813 2198 3857 avo-

166 3949 187 4002 ¹
223 3947 538 4016 Quamquam
577 3947 829 4000 undenam
866 3947 1145 4015 sumpserit
1180 3947 1274 3998 boe
1310 3962 1490 3998 nomen
1531 3963 1627 3998 non
1665 3953 1883 3999 constat.
1942 3947 2198 3998 Casanbo·

226 4033 374 4079 uum,
414 4022 498 4084 qui
536 4018 742 4067 incaute
768 4017 1155 4084 pronuntiavit,
1195 4015 1562 4067 Callimachum
1601 4019 1651 4066 in
1690 4017 1853 4078 libro,
1891 4017 1973 4067 eui
2012 4016 2199 4066 titulus

224 4087 414 4222 ἶῖτὲοέὁ
444 4087 684 4138 Baueidis
719 4087 1022 4138 mentionem
1060 4085 1282 4152 recisse,
1318 4086 1585 4150 redarguit
1618 4084 2035 4136 Ruhnkeniueud
2060 4084 2194 4138 Call.

1705 4223 1783 4282 e·
