2764 4738
858 421 1590 487 PROLEGOMENA.
2121 448 2243 492 xcv

188 597 347 666 nir
400 594 632 666 θεόν
672 594 942 682 φαντὶ
994 593 1281 672 ἐξελᾶν
1320 593 1553 681 (Apoll.
1606 595 1681 659 de
1721 593 1869 661 adv.
1899 615 1962 680 p.
1995 590 2152 679 592)
2190 607 2235 662 ¹.

188 698 529 765 Praeterea
573 720 733 763 unns
778 709 1286 764 commemoratur
1312 698 1520 763 titulus
1550 719 1588 762 a
1618 697 1985 784 mythologie
2016 701 2240 785 petitus

188 800 718 867 Prometheus
762 800 993 886 (Bekk.
1038 802 1325 867 Anecdd.
1372 822 1431 884 p.
1475 797 1583 878 85,
1627 799 1713 864 24
1751 793 2058 869 Βλενόν·
2117 801 2240 871 τὸν

186 905 383 990 νωθῆ
432 903 551 970 καὶ
592 897 857 991 μωρόν.
902 898 1203 991 Σώφρων
1246 903 1660 989 Προμηθεῖ,
1709 924 1862 986 qnae
1891 905 2012 967 iam
2037 907 2242 972 attulit.

186 1029 267 1072 ex
292 1006 514 1093 Etym.
549 1004 677 1071 Ms.
712 1005 966 1071 Fiorillo
997 1008 1161 1072 obss.
1201 1007 1365 1072 critt.
1401 1006 1466 1069 iu
1496 1005 1726 1069 Athen.
1762 1029 1817 1092 p.
1850 1002 1987 1091 54).
2050 1005 2239 1074 Cuius

183 1111 438 1195 generis
468 1110 576 1175 ille
607 1110 819 1174 mimus
851 1110 1074 1189 suerit,
1106 1131 1187 1173 an
1217 1109 1291 1173 ad
1322 1108 1660 1173 fabularum
1688 1106 2238 1174 Rhinthonicarnm

179 1210 641 1277 similitudinem
657 1213 1022 1297 compositus
1051 1211 1260 1301 fuerit,
1282 1233 1407 1274 non
1438 1211 1581 1276 licet
1610 1210 1964 1276 diiudicare.
2003 1209 2238 1294 Quodsi

183 1312 489 1379 Miillerus
524 1314 859 1387 (archaeol.
894 1315 928 1398 ξ
957 1313 1109 1392 411,
1143 1314 1186 1377 4
1216 1315 1295 1379 cl.
1331 1311 1487 1378 Dor.
1522 1310 1585 1376 11
1614 1335 1669 1397 p.
1697 1309 1849 1398 356)
1884 1324 1946 1377 et
1977 1310 2237 1379 Schnei-

178 1419 465 1482 dewinus
513 1420 791 1498 (exerce.
834 1418 996 1482 critt.
1033 1440 1091 1482 c.
1126 1416 1168 1481 8
1198 1438 1258 1502 p.
1294 1414 1373 1479 51
1406 1417 1542 1499 sq.)
1586 1436 1620 1480 e
1662 1415 1868 1481 verbis
1898 1414 2231 1503 Hesychii:

177 1517 576 1606 Ἠρύκαλον
604 1518 726 1587 τὸν
754 1516 1092 1605 Ἠρακλέα
1124 1514 1439 1605 Σώφρων
1463 1514 2021 1603 ὑποκοριστικῶς,
2057 1540 2235 1604 prae-

178 1634 454 1707 terquam
500 1624 662 1706 quod
705 1644 841 1686 cum
885 1622 1197 1704 Talmasio
1243 1619 1590 1709 Ἡρυλλον
1629 1621 1874 1705 legunt,
1921 1631 1991 1685 ut
2028 1622 2230 1686 statim

174 1727 462 1809 seqnitur
489 1725 647 1807 apud
682 1723 950 1810 Hesych.
984 1722 1235 1805 (Valck.
1268 1726 1345 1788 ad
1373 1723 1646 1789 Theocr.
1680 1723 1891 1787 Adon.
1924 1744 1983 1807 p.
2009 1722 2134 1789 2⁰1
2151 1722 2226 1789 B.

176 1826 253 1893 C.
290 1827 491 1893 voluit
512 1824 921 1911 ’Ὴρυκλον),
972 1827 1211 1891 efficere
1239 1827 1563 1906 videntur,
1610 1827 1928 1912 scripsisse
1963 1823 2232 1911 Sophro-

177 1952 317 1995 nem
380 1930 667 2004 mimum,
732 1929 795 1991 in
850 1949 966 2011 quo
1026 1926 1351 1994 Herculem
1407 1930 1820 1993 introduxerit
1875 1949 2230 2015 pygmaeum

174 2055 308 2097 eum
352 2030 612 2116 gruibus
656 2040 1059 2115 pugnantem,
1108 2032 1345 2115 qualem
1387 2031 1660 2116 picturae
1706 2032 2088 2096 vasculariae
2132 2050 2230 2094 re-

173 2143 618 2220 praesentant,
680 2132 1018 2199 cavendum
1061 2133 1206 2196 mihi
1264 2133 1548 2211 videtur,
1613 2154 1691 2197 ne
1754 2133 1928 2197 huius
1984 2132 2228 2217 generis

174 2238 394 2300 minos
423 2246 674 2322 praeter
702 2235 1130 2299 necessitatem
1162 2237 1479 2321 fingamus.
1545 2234 1709 2300 Nam
1754 2230 1885 2299 cum
1915 2236 2028 2314 iis,
2076 2254 2230 2318 qnae

173 2339 247 2403 de
292 2338 500 2403 mimis
545 2338 767 2402 tradita
814 2347 993 2414 sunt,
1052 2338 1208 2402 haud
1267 2340 1489 2423 optime
1537 2338 1937 2405 conveniunt.
2014 2334 2227 2423 ltaque

172 2442 317 2506 mihi
361 2438 467 2506 vel
511 2438 915 2504 Prometheus
958 2439 1062 2505 ille
1109 2453 1427 2524 suspectus
1473 2444 1673 2520 foret,
1720 2441 1839 2506 nisi
1868 2441 1931 2505 in
1961 2452 2228 2506 mentem

174 2563 577 2619 revocarem,
627 2544 767 2626 qnid
806 2541 870 2604 in
913 2543 1016 2606 illa
1054 2543 1321 2625 fingendi
1349 2544 1631 2608 libertate
1661 2543 2079 2627 procreaverit
2105 2541 2219 2608 so·

174 2647 372 2732 phron
392 2694 412 2722 ‚
461 2644 624 2709 nullo
657 2645 834 2708 modo
867 2664 1048 2731 posse
1077 2646 1387 2730 exputari.
1449 2643 1680 2710 Verum
1712 2646 2053 2730 intelligere
2082 2645 2226 2709 nihi

174 2750 430 2826 videor,
482 2769 592 2812 cur
632 2748 697 2811 in
744 2747 845 2811 illa
890 2746 1183 2833 Hesychii
1220 2749 1431 2835 glossa
1477 2748 1552 2811 de
1596 2739 1770 2812 titulo
1800 2747 1965 2811 mimi
1997 2748 2226 2832 cogite-

173 2873 347 2929 mus,
396 2852 621 2916 nullam
658 2872 796 2915 esse
836 2870 1101 2915 causam.
1165 2846 1396 2932 Quidni
1443 2851 1603 2916 enim
1644 2850 1998 2915 muliercula
2043 2870 2225 2933 quae-

171 2954 309 3019 dam
342 2953 674 3019 Herculem
700 2950 1226 3037 ὑποκοριστικῶς
1256 2942 1713 3019 antestaretur?
1758 2950 1912 3035 Quis
1949 2964 2224 3019 nostrum

172 3079 297 3122 non
329 3058 603 3122 audivit.
638 3055 787 3121 Aeli
816 3055 903 3118 du
929 3057 1088 3118 mein
1127 3053 1476 3120 Gottchenl
1493 3060 1526 3119 ?
1556 3067 1621 3119 ut
1650 3055 1725 3120 de
1757 3053 1927 3122 Italis
1959 3069 2218 3137 taceam,

169 3160 662 3224 diminutivorum
703 3157 1160 3223 amantissimis.
1226 3156 1406 3241 Quod
1449 3159 1501 3223 si
1548 3158 1679 3242 quis
1719 3145 1986 3243 reliquos
2017 3160 2222 3224 titulos

171 3261 629 3338 considerabit,
676 3260 993 3347 apparebit
1037 3258 1422 3345 Sophronem
1465 3272 1963 3345 repraesentasse
2008 3262 2071 3323 in
2129 3260 2220 3325 his

167 3362 454 3430 homines
497 3383 534 3427 e
575 3363 746 3450 plebe
788 3363 1056 3429 maxime
1100 3364 1359 3449 petitos,
1418 3365 1725 3446 vitamque
1782 3363 2216 3446 quotidianam.

170 3465 310 3531 Hoc
337 3467 670 3532 referenda
698 3465 987 3532 videntur
1030 3467 1210 3531 etiam
1253 3466 1494 3530 nomina
1538 3464 1799 3541 Siculis,
1846 3476 1914 3528 ut
1952 3466 2215 3542 videtur,

166 3567 499 3635 maxinnam
528 3579 759 3654 partem
792 3570 1073 3654 propria,
1122 3570 1318 3653 qualia
1349 3579 1494 3634 sunt
1526 3563 1782 3635 Κοικόα
1830 3567 2088 3654 (Athen.
2124 3563 2218 3630 ῙΧ

166 3694 229 3759 p.
258 3668 507 3738 281)ss-
539 3667 667 3735 4⁰⁹
696 3672 855 3751 A),
900 3666 1157 3759 ‘Palym
1207 3673 1443 3757 (Apoll.
1492 3672 1568 3734 de
1610 3692 1787 3756 prou.
1823 3691 1880 3753 p.
1915 3668 2043 3734 342
2073 3666 2211 3752 C.)‚

164 3766 404 3842 Φύοκα
451 3773 689 3860 (Apoll.
736 3774 811 3838 de
857 3776 999 3840 adv.
1043 3795 1105 3860 p.
1141 3771 1330 3858 623),
1377 3775 1593 3860 partim
1642 3796 1678 3838 a
1720 3784 1899 3860 poeta
1931 3774 2102 3851 ficta,
2151 3784 2218 3837 ut

163 3878 350 4000 filium
407 3877 736 3963 piscatoris
791 3876 1158 3962 thynnorum
1203 3878 1449 3943 vocavit
1476 3874 1882 3946 Κωθωνίαν
1931 3898 1966 3940 a
2015 3870 2214 3943 κῶθω

168 4047 1074 4117 ἱΑμᾶᾸῦειΧΙρίδῠΒ
1124 4050 1639 4170 eoddil'eunvvgty
1639 4046 2216 4102 αἷκεσαῖτὰνθεὸν

234 4123 456 4189 §mie
431 4115 622 4181 negas*
698 4118 786 4171 nib
820 4118 999 4170 Schwe
970 4120 1173 4186 eight:
1319 4112 1440 4170 iver)
1443 4115 1572 4179 lgm.
