2764 4738
950 387 1120 477 sA'r.
1156 415 1255 488 ιν,
1285 419 1369 478 26
1401 448 1483 460 -
1509 417 1611 478 28.
2146 411 2267 478 173

236 587 464 645 naverit
490 597 677 664 poeta,
706 587 925 656 nescio,
957 587 1063 644 uisi
1094 583 1242 665 quod
1274 586 1522 646 fortasse
1553 584 1626 645 ad
1654 604 1881 665 parcum
1913 597 1972 646 ct
2001 606 2262 648 severum

236 670 566 730 Sabinorum
597 674 802 731 victum
834 674 1109 750 respexit,
1142 672 1263 731 Iuv.
1311 670 1408 742 ΙΙΙ,
1444 675 1563 733 179
1609 670 1687 732 ib.
1722 673 1896 751 intpp.
1973 673 2260 747 Quantum

227 776 360 815 non
386 759 587 815 milvus
622 760 880 828 oberret,
934 776 1009 816 ex
1065 756 1405 836 proverbiali
1464 757 1746 816 locutione
1805 758 1876 816 dc
1935 756 2263 830 latifundiis,

234 853 510 920 qnantum
528 843 926 911 milm‘volant,
961 843 1037 900 cf.
1085 842 1312 901 Petron-
1346 846 1448 904 37.
1482 841 1672 901 Iuven.
1706 841 1809 913 ΙΧ,
1841 847 1920 904 54
1953 862 2039 923 sq.
2071 842 2261 902 Schol-

234 926 363 985 luv.
392 926 430 998 1,
467 932 601 990 109.
674 931 875 987 Iratus
901 930 1036 986 deos
1064 928 1282 986 habere
1324 926 1416 985 vel
1448 929 1622 986 iratis
1653 929 1746 986 dis
1789 938 1966 986 natus
1990 947 2115 987 esse
2159 949 2261 1006 pu·

235 1012 479 1084 tabatur,
521 1015 837 1093 quicunque
888 1014 1095 1094 insigni
1141 1013 1462 1071 calamitate
1509 1011 1900 1090 affligebatur,
1961 1013 2037 1072 cf.
2085 1015 2258 1092 intpp.

232 1095 430 1155 Horat.
460 1111 571 1158 sat.
608 1097 679 1168 ΙΙ,
712 1102 772 1169 3,
804 1101 868 1159 8.
907 1095 1146 1156 phaedr.
1180 1097 1278 1166 lv,
1315 1101 1413 1167 19,
1453 1103 1548 1160 15.
1592 1098 1785 1177 Itaque
1817 1100 1870 1157 in
1902 1096 2261 1159 iureiurando

230 1180 377 1242 deos
403 1185 576 1242 iratos
608 1183 1078 1261 adprecabantur‚
1110 1184 1216 1240 nisi
1247 1181 1412 1241 dictis
1443 1193 1663 1242 starent
1701 1183 1901 1257 (Drak.
1934 1181 2006 1242 ad
2036 1183 2158 1242 Liv.
2191 1184 2261 1258 ΙΙ,

230 1272 342 1338 45,
376 1273 492 1339 14),
525 1280 583 1329 et
612 1271 667 1328 in
701 1270 869 1327 titulis
900 1267 1130 1327 deorum
1148 1269 1287 1326 iram
1316 1269 1556 1327 minitari
1589 1269 1774 1327 solent
1804 1270 1877 1340 ei,
1909 1271 2000 1348 qui
2032 1269 2264 1329 laeserit

234 1365 337 1412 ant
362 1355 612 1413 iniuriam
659 1356 866 1413 fecerit
910 1353 1112 1431 (Spec.
1161 1354 1341 1432 epigr.
1388 1373 1444 1431 p.
1479 1358 1604 1427 68).
1667 1353 1739 1412 Ut
1768 1356 1990 1413 omnino
2023 1356 2260 1414 miseros

234 1436 374 1498 deos
416 1442 591 1498 iratos
634 1439 846 1498 habere
893 1439 1188 1510 dicebaut,
1238 1436 1381 1518 quod
1416 1458 1676 1498 sermone
1709 1440 1962 1518 populari
2007 1441 2259 1518 inprimis

234 1525 491 1583 usitatum
525 1526 701 1584 fuisse
732 1523 985 1595 videtur,
1037 1526 1114 1583 ita
1146 1526 1312 1583 etiam
1346 1544 1448 1582 cos
1479 1527 1571 1603 qui
1603 1525 1915 1584 inconsulte
1945 1526 2037 1584 vel
2067 1546 2261 1604 parum

236 1609 541 1687 prudenter
569 1630 744 1688 agere
776 1607 1102 1668 viderentur
1134 1611 1233 1682 (cs.
1267 1611 1440 1688 intpp.
1459 1610 1692 1668 Terent.
1726 1608 1904 1669 Andr.
1937 1610 2256 1682 lv,1‚⁴0).

236 1693 379 1754 Idem
412 1693 694 1774 significat
722 1695 940 1754 habere
958 1696 1193 1773 genium
1222 1696 1527 1753 simistrum
1560 1696 1659 1767 (cs.
1693 1693 1764 1753 ad
1796 1693 1865 1768 ΙΙ,
1905 1701 2004 1758 11.
2040 1696 2155 1755 Ιιιν.
2184 1696 2260 1766 Χ,

240 1785 351 1844 129
386 1782 507 1840 fato
539 1783 768 1839 sinistro
798 1783 1081 1857 genitus),
1114 1779 1257 1860 quod
1290 1791 1474 1839 tamen
1523 1779 1591 1837 ad
1615 1800 1853 1838 avarum
1884 1782 2061 1859 magis
2092 1784 2261 1840 etiam

233 1878 488 1945 spectat,
536 1868 665 1946 quia
703 1868 905 1944 genius
949 1866 1101 1924 laute
1147 1865 1395 1925 vivendo
1427 1863 1677 1942 gaudere
1720 1866 2022 1943 putabatur
2067 1874 2142 1939 (v.
2191 1865 2262 1925 ad

230 1951 300 2023 V,
336 1957 507 2024 151).
551 1953 867 2010 Avaritiam
914 1971 983 2011 eo
1028 1952 1265 2010 maxime
1312 1951 1624 2028 significat,
1666 1950 1812 2030 quod
1842 1953 1895 2010 iu
1928 1953 2066 2030 ipsis
2098 1951 2262 2010 Com·

228 2038 494 2116 pitalibus
526 2056 653 2095 eum
683 2056 856 2115 parce
887 2038 1079 2096 vivere
1112 2035 1267 2096 dicit.
1312 2035 1400 2095 De
1434 2037 1584 2095 sesto
1635 2038 2045 2114 Compitalinm
2074 2038 2153 2097 cf.
2190 2037 2261 2096 D.

229 2121 396 2200 Luigi
427 2121 629 2193 Nau-di,
660 2121 752 2182 dei
783 2124 1030 2199 compifi,
1064 2123 1213 2180 feste
1246 2141 1278 2180 c
1305 2122 1532 2199 giuochi
1563 2122 1842 2198 compitali
1874 2121 2023 2199 degli
2055 2124 2262 2182 antichi

229 2228 261 2267 c
291 2208 442 2267 dcll'
475 2209 662 2267 antico
695 2209 937 2285 compito
959 2206 1367 2285 Savignanese.
1391 2206 1588 2265 Pesar.
1612 2212 1796 2269 1827.
1827 2211 1886 2268 4.
1920 2206 2260 2283 Hertzhcrg,

226 2291 295 2353 dc
329 2292 438 2351 diis
471 2292 631 2351 Rom.
662 2303 807 2372 patr.
841 2292 863 2351 l
893 2313 943 2352 c.
982 2297 1057 2354 17
1090 2312 1214 2373 sqq.
1244 2292 1467 2351 Merkel
1510 2291 1579 2349 ad
1612 2290 1774 2352 Ovid.
1811 2293 1942 2351 fast.
1973 2313 2028 2372 p.
2063 2292 2258 2352 CLVI.

225 2380 464 2439 CCXIX
513 2401 599 2460 sq.
659 2380 971 2438 institutum
1017 2378 1220 2438 dicitur
1262 2400 1295 2437 a
1329 2376 1530 2436 Servio
1559 2377 1740 2438 Tullio
1781 2380 2262 2458 instauratumque

223 2477 429 2544 postea
462 2466 533 2522 ab
561 2464 822 2543 Augusto
855 2464 1039 2538 (Suet.
1084 2463 1234 2540 Aug.
1268 2468 1409 2535 31),
1452 2473 1511 2521 ct
1540 2465 1595 2522 in
1627 2464 1896 2523 honorem
1928 2463 2133 2523 Larum
2165 2485 2263 2523 ce-

224 2550 590 2619 lebrabatur,
623 2552 781 2609 scriis
812 2550 1160 2628 concaptivis
1190 2548 1430 2649 ·(.Mariu
1478 2549 1549 2609 fr.
1581 2552 1722 2608 Arv.
1767 2569 1822 2628 p.
1874 2553 2014 2611 128.
2043 2549 2261 2609 Merkel

226 2634 298 2695 ad
331 2635 499 2695 ΟιίιΙ.
532 2636 665 2694 fast.
697 2656 755 2714 p.
794 2635 967 2695 CLIV
1000 2642 1154 2713 sqq.)
1187 2636 1240 2692 in
1274 2636 1509 2713 eiusque
1558 2635 1738 2692 sacris
1770 2653 2059 2692 servorum
2092 2654 2260 2712 prae-

225 2724 394 2800 cipua
423 2721 615 2780 officia
645 2731 807 2780 crant
853 2722 945 2799 qui
1006 2730 1136 2778 tuuc
1182 2717 1381 2777 cadem
1441 2739 1548 2797 qua
1579 2720 1633 2776 in
1669 2718 2057 2777 Saturnalibus
2090 2720 2262 2778 liber-

224 2818 346 2866 tate
379 2805 735 2884 gaudebant,
780 2806 856 2865 cf.
907 2802 1074 2864 Dion.
1108 2805 1230 2863 Hal.
1265 2802 1363 2875 lv,
1402 2809 1512 2865 14·
1572 2799 1823 2862 Ἔπειτα
1853 2798 2004 2862 κατὰ
2039 2800 2264 2873 πάντας

228 2890 502 2951 ἕκεὲευσε
527 2886 669 2960 τούς
701 2885 1219 2985 στενωπούςὶεράς
1235 2890 1809 2961 κατασκευασθῆναι
1835 2885 2177 2957 καλιάδας(
2148 2884 2262 2949 υπὸ

224 2978 326 3036 τῶ
372 2971 653 3053 γειτόνων
675 2972 869 3058 ἥρωσι
890 2973 1424 3072 προνωπίοις,καί
1449 2971 1673 3042 θυσίας
1691 2968 2264 3049 αὑτοῖςένομοθέτη-

227 3081 277 3119 o.
348 3057 752 3119 ἐπιτελεῖσθαι
773 3055 925 3118 καθ’
946 3059 1198 3118 ἕκαστον
1228 3053 1522 3128 ἐνιαυτὸν,
1560 3054 1849 3127 πελάνους
1864 3053 2264 3156 εἰσφερούσης

225 3137 487 3217 ἑκάστης
494 3143 726 3214 οἰκίας.
780 3148 838 3202 'l
836 3142 927 3213 οἷς
957 3142 1021 3201 δὲ
1061 3138 1135 3201 τὰ
1168 3142 1317 3243 περι
1350 3144 1471 3201 τῶν
1490 3138 1770 3220 γειτόνων
1801 3137 1952 3243 ἱερὰ
1960 3142 2265 3202 συντελοῦ-

226 3251 371 3289 σιν
364 3227 420 3288 ”ν
444 3227 569 3297 τοῖς
596 3228 960 3310 προνωπίοις
988 3224 1058 3287 οὐ
1084 3249 1224 3297 τους
1256 3224 1649 3308 ἐλευθερους,
1688 3222 1832 3285 ἀλλὰ
1853 3223 1992 3295 τούς
2015 3222 2265 3296 δούλους

223 3310 396 3385 aa&
425 3312 708 3411 naupeival
730 3334 792 3371 τε
826 3312 928 3371 καὶ
958 3309 1402 3407 συνιερουργεῖν
1440 3345 1524 3355 —-
1579 3309 1654 3384 ἢν
1678 3306 1763 3369 ε”τι
1794 3334 1893 3370 και
1930 3306 2080 3372 καθ
2110 3307 2265 3386 ἡμᾶς

222 3395 444 3480 εορτὴν
485 3396 725 3476 ἄγοντες
759 3394 1048 3474 Ῥωμαῖοι
1091 3396 1425 3468 διετέλουν,
1474 3391 1696 3474 ὀλίγαις
1733 3393 1983 3476 ὕστερον
2014 3393 2266 3495 ἡμέραις

221 3486 346 3545 τῶν
374 3481 685 3561 Κρονίων,
722 3479 938 3560 σεμνὴν
970 3479 1033 3539 ἐν
1057 3479 1190 3552 ταῖς
1214 3476 1369 3540 πάνυ
1402 3480 1504 3540 καὶ
1529 3482 1834 3554 πολυτελῆ,
1879 3477 2264 3556 Ᾱομπιτάλια

222 3564 802 3668 npooayopeumec
811 3562 995 3639 αὐτὴν
1023 3564 1119 3624 ε’πῖ
1145 3587 1264 3624 των
1293 3566 1639 3624 στενωπῶν·
1687 3598 1767 3609 -
1802 3587 1902 3623 και
1933 3561 2261 3641 φυλάττου-

224 3674 324 3713 σιν
352 3648 459 3713 τὸν
486 3649 741 3735 αρχαῖον
770 3647 1026 3727 ἐθισμὸν
1071 3649 1168 3709 ε’πι
1193 3651 1311 3709 τῶν
1336 3650 1552 3728 ἱερῶν,
1588 3645 1689 3708 διὰ
1724 3651 1843 3709 τῶν
1869 3645 2264 3747 θεραπόντων

221 3760 366 3807 τους
394 3733 602 3832 ἥρωας
629 3738 1010 3813 ἱλασκομενοι
1047 3734 1150 3794 και
1181 3730 1339 3793 ἅπαν
1367 3731 1435 3795 τὰ
1469 3733 1682 3794 δοῦλον
1710 3731 1905 3793 αὐτῶν
1932 3730 2266 3815 ἀφαιροῦν-

221 3843 321 3893 τες
348 3820 413 3881 ἐν
434 3818 567 3891 ταῖς
594 3818 848 3904 ἡμέραις
878 3819 1151 3889 ἐκείναις.
1206 3820 1396 3892 Quare
1428 3819 1570 3878 Cato
1618 3827 1689 3893 (r.
1721 3840 1770 3878 r.
1804 3824 1864 3892 5,
1893 3824 1957 3892 4)
1995 3818 2065 3878 de
2097 3818 2264 3877 vilico

223 3909 389 3968 dicit·
440 3906 620 3975 „Rcm
667 3904 904 3964 divinam
936 3907 1043 3964 uisi
1105 3905 1542 3983 compitalibus
1525 3925 1579 3963 ιιι
1628 3907 1869 3983 compito
1915 3923 1984 3964 nc
2029 3904 2266 3962 i'aciat.‘⁶

223 3992 505 4053 Solebant
534 3992 825 4068 agricolae
872 3991 1088 4069 epulari
1136 3991 1192 4049 in
1234 3992 1494 4069 compitis
1541 3991 1641 4063 (cf.
1687 3991 1862 4049 inscr.
1914 3989 2072 4049 Grut.
2125 3991 2265 4057 106,

230 4083 328 4143 13.
361 4077 536 4139 Fabr.
569 4080 714 4147 232,
749 4080 934 4150 610),
973 4073 1122 4136 unde
1176 4086 1343 4135 uncta
1388 4076 1707 4153 compitalia
1747 4075 1977 4136 audiunt
2008 4072 2264 4150 (Authol.
