2764 4738
912 425 1645 489 PROLEGOMENA.
2106 449 2302 493 ccxm

240 597 364 675 rit,
398 606 464 660 et
494 616 648 661 vero
679 593 883 659 codex
916 616 951 660 a
975 590 1197 659 Kolbio
1229 595 1477 677 antiqno
1510 602 1736 658 tantum
1770 614 2023 659 numero
2056 608 2299 663 notatus

241 709 377 775 est,
442 718 642 781 neque
686 716 887 774 novo,
952 716 1067 779 quo
1111 707 1253 760 tunc
1308 716 1519 760 omnes
1573 697 1749 760 codd.
1813 697 2087 782 insigniti
2129 711 2294 763 sunt.

240 796 444 882 Igitur
474 797 729 863 Rolbius
760 809 826 862 ut
855 798 1007 862 alios
1038 798 1118 860 ita
1152 797 1309 862 bunc
1354 797 1491 861 cod.
1539 817 1622 864 ex
1651 798 1989 881 antiquiore
2023 802 2299 885 catalogo

240 899 303 963 in
336 922 513 964 suum
546 900 892 976 transtulit,
940 900 1211 982 quamvis
1254 899 1317 962 in
1349 898 1714 964 bibliotheca
1745 920 1867 963 non
1897 903 2295 985 reperiretur.

237 998 423 1064 Hunc
452 1012 655 1066 autem
687 1001 953 1065 codicem
999 998 1338 1065 Pithoeano
1380 1001 1635 1064 similem
1679 1021 1817 1066 esse
1852 1014 1968 1066 tam
2002 1025 2175 1086 quam
2207 1005 2301 1069 lac

235 1101 383 1166 lacti
404 1147 425 1179 ,
458 1103 620 1185 quod
649 1102 845 1180 aiunt,
880 1113 1151 1188 apparet.
1196 1092 1511 1165 ‘Habemus
1544 1100 1896 1167 Iuvenalem
1931 1116 1994 1170 et
2021 1103 2299 1169 Persium

239 1204 677 1280 coniunctum,
739 1214 1051 1287 utrumque
1096 1204 1343 1268 scholiis
1390 1215 1796 1282 exornatum,
1859 1217 1923 1270 et
1965 1206 2189 1270 scholia
2236 1206 2301 1270 in

235 1301 605 1370 Iuvenalem
649 1305 860 1369 eadem
905 1306 1093 1368 fuisse
1138 1304 1247 1383 iis,
1311 1327 1466 1388 quae
1526 1326 1687 1370 nunc
1732 1327 1967 1391 quoque
2013 1308 2076 1370 in
2107 1308 2301 1372 altero

240 1408 389 1471 cod.
444 1403 640 1489 Sang.
690 1416 979 1482 exstant,
1026 1406 1522 1471 verisimillimum
1572 1419 1702 1487 est,
1764 1407 2096 1486 habemus,
2147 1408 2302 1492 quod

236 1529 378 1572 rem
423 1508 701 1585 coniicit,
764 1506 1017 1571 eundem
1062 1507 1277 1572 mirum
1322 1505 1526 1572 Persii
1570 1508 1852 1573 indicem.
1941 1507 2150 1592 Quare
2210 1529 2305 1573 me

240 1609 516 1674 nondum
576 1610 961 1673 coniecturae
1013 1610 1287 1695 poenitet
1345 1609 1485 1672 olim
1558 1612 1898 1694 propositae
1960 1606 2298 1691 (Zeitschr.

240 1712 289 1775 Γ.
331 1714 417 1773 Α.
456 1708 574 1783 W.
615 1708 779 1774 1838
809 1732 869 1794 p.
906 1706 1074 1776 1050
1103 1711 1267 1794 sq.)‚
1301 1709 1705 1783 pithoeanum
1739 1713 2009 1776 codicem
2044 1713 2302 1776 eundem

241 1835 386 1876 cum
420 1813 533 1877 hoc
571 1809 981 1897 sangallensi,
1016 1814 1112 1896 qui
1147 1813 1356 1876 fraude
1389 1812 1530 1877 inde
1563 1814 1855 1877 abductus
1887 1811 2047 1896 (quis
2080 1813 2300 1891 nescit,

240 1925 396 1997 quot
426 1915 606 1977 could.
643 1912 781 1977 olim
815 1935 849 1977 e
881 1913 1247 1981 bibliotheca
1277 1913 1665 1998 sangallensi
1700 1917 1857 1987 furto
1889 1914 2069 1977 ablati
2102 1915 2300 1996 sint?)

241 2017 311 2082 in
363 2015 780 2083 bibliothecam
828 2010 1049 2080 Mattb.
1101 2013 1395 2093 Corvini,
1443 2027 1506 2079 ct
1553 2014 1768 2081 deinde
1816 2015 1876 2090 in
1907 2012 2300 2080 Pithoeorum

238 2138 466 2181 manus
511 2117 881 2201 pervenerit.
973 2115 1259 2182 Ceterum
1322 2138 1456 2180 cum
1521 2117 1581 2180 in
1636 2118 1964 2199 digerendo
2018 2128 2304 2202 apparatu

238 2218 466 2282 critico
512 2217 747 2281 Pithoei
788 2219 1052 2283 editione
1100 2241 1221 2282 non
1269 2218 1598 2304 potuissem
1656 2219 1781 2296 uti,
1836 2220 1946 2283 sed
1996 2218 2304 2302 excerptis

242 2331 485 2384 tantum
517 2321 905 2403 quibusdam,
953 2323 1176 2386 factum
1226 2332 1354 2398 est,
1406 2331 1472 2385 ut
1511 2320 1799 2417 quaedam
1848 2320 2301 2399 omitterentur,

240 2443 403 2507 quae
448 2423 770 2490 editionem
815 2424 976 2488 illam
1019 2433 1233 2487 nactus
1275 2423 1339 2487 in
1385 2422 1704 2488 Addendis
1750 2424 2055 2508 proposui.
2143 2419 2302 2486 Illud

241 2527 430 2590 facile
473 2526 873 2609 intelligitur,
922 2524 1082 2594 hunc
1123 2524 1259 2597 cod.
1296 2545 1421 2592 non
1452 2543 1592 2588 esse
1626 2525 1890 2591 eiusdem
1923 2522 2304 2588 auctoritatis

240 2628 316 2693 in
359 2624 617 2706 Persio,
663 2649 838 2718 quam
882 2626 944 2690 in
987 2623 1264 2691 Iuvenali
1310 2624 1527 2703 babet,
1574 2626 1732 2690 sicut
1776 2646 1891 2700 nec
1933 2625 2304 2689 scholiorum

242 2731 315 2793 in
345 2740 601 2814 utroque
633 2740 811 2814 poeta
842 2730 1052 2793 eadem
1086 2727 1245 2792 ratio
1278 2728 1467 2792 fuisse
1498 2727 1763 2791 videtur.
1829 2724 2002 2809 Quae
2033 2748 2136 2792 res
2167 2749 2304 2792 sae-

242 2829 383 2916 pius
431 2829 757 2894 observata
800 2841 916 2904 est.
1006 2824 1295 2903 Ceterum
1337 2828 1399 2892 in
1449 2828 1587 2892 cod.
1642 2826 1916 2911 Sangall,
1963 2850 2133 2894 saec.
2179 2826 2298 2908 IX,

245 2934 351 3018 qui
383 2933 721 3017 catalogum
752 2930 1152 3005 bibliothecae
1185 2929 1315 2994 eius
1349 2931 1626 2994 continet
1663 2932 1754 3011 (v.
1792 2928 1988 2994 Orell.
2025 2950 2121 3014 ep.
2159 2931 2295 2995 crit.

243 3035 327 3098 ad
389 3032 604 3098 Madv.
667 3056 728 3118 p.
774 3030 965 3116 XIX)
1022 3031 1140 3096 iam
1202 3043 1752 3098 commemorantur
1792 3030 2037 3110 Persae·2·‚·
2095 3029 2308 3095 Persii

246 3145 677 3201 commentum.

422 3266 580 3333 Cod.
612 3267 1013 3334 bibliothecae
1043 3268 1287 3354 Regiae
1331 3267 1751 3338 Londt'nenst's
1779 3267 1910 3353 (ρ),
1962 3266 2132 3330 cuius
2175 3265 2301 3348 qui·
2337 3293 2387 3343 ρ.

245 3371 502 3438 busdam
550 3372 703 3436 locis
753 3371 1118 3435 mentionem
1163 3371 1311 3436 facit
1354 3369 1696 3434 Bentleius.
1793 3367 2054 3433 Collatio
2103 3367 2177 3431 ab
2223 3388 2299 3430 eo

252 3477 421 3539 sacta
451 3474 617 3539 edita
647 3484 745 3537 est
773 3470 1034 3537 Classic.
1068 3469 1277 3544 lourn,
1310 3469 1537 3537 XVIII
1568 3494 1627 3556 p.
1662 3468 1747 3534 62
1776 3492 1906 3554 sqq.

419 3621 645 3690 Varias
684 3624 979 3702 lectiones
1024 3623 1278 3707 margini
1321 3622 1600 3686 editionis
1642 3620 1924 3686 Iuntinae
1970 3622 2030 3685 in
2085 3620 2299 3683 biblio-
2336 3639 2396 3689 φ·

250 3729 423 3793 theca
472 3726 821 3791 Dresdensz‘
858 3736 1141 3789 servatae
1184 3724 1505 3808 adscripsit
1555 3723 1635 3788 G.
1682 3721 1735 3787 F
1754 3724 2149 3799 abriciu8‚
2213 3723 2292 3786 cf.

248 3852 428 3915 supra
459 3823 822 3914 p.CxV11¹.
882 3825 1034 3891 lude
1070 3828 1355 3911 quaedam
1391 3829 1679 3891 annotavi
1712 3827 1847 3914 (φ).

417 3979 764 4045 Potuerunt
807 3981 950 4044 talia
988 3979 1158 4063 plura
1203 3977 1445 4064 colligi,
1492 3980 1601 4044 sed
1647 3979 1707 4042 in
1741 3979 2077 4063 scriptore,
2127 3975 2296 4039 cuius

249 4097 338 4149 tot
381 4082 561 4149 codd.
608 4083 724 4146 iam
772 4079 979 4147 collati
1029 4082 1193 4161 sint,
1241 4102 1363 4145 non
1408 4102 1556 4166 opus
1597 4080 1672 4146 iis
1715 4099 1854 4145 esse
1898 4077 2125 4164 putavi.
2201 4073 2295 4139 Ita
