2764 4738
769 461 1056 558 scum..x
1077 462 1182 524 Au
1228 461 1398 525 sAr.
1439 463 1516 537 v,
1561 467 1862 529 exv-⁷5.
2203 457 2332 528 329

458 638 561 699 69.
604 636 758 696 Eece
787 636 960 695 aliud
984 653 1121 695 cras
1151 636 1350 713 egerit
1375 635 1481 695 hos
1510 655 1736 710 annos‚·
1782 632 1838 694 id
1867 645 1988 696 est:
2021 634 2143 697 Hoc
2171 656 2324 710 cras,

292 718 442 802 quod
472 724 587 792 ais,
635 740 811 780 anuos
843 722 1055 801 eliquat
1084 730 1142 780 et
1172 722 1453 780 consumit
1495 721 1588 782 vel
1618 722 1936 800 praeterire
1969 723 2125 781 facit.

292 810 378 868 Et
410 827 641 885 semper
676 808 924 885 paulum
964 807 1084 865 erit
1120 806 1323 880 ultra3
1363 805 1419 864 id
1450 818 1575 879 est,
1608 805 1918 866 differendo
1949 826 2177 886 semper
2205 817 2326 867 stu·-

292 890 474 965 dium,
522 890 740 952 desidia
783 892 987 951 nullum
1033 892 1196 951 finem
1240 892 1522 966 inveniet3
1580 894 1710 973 quia
1750 890 1879 953 dum
1925 894 2145 953 venerit
2174 912 2326 965 cras,

290 976 440 1039 aliud
472 987 768 1056 superest,
800 974 948 1056 quod
980 979 1180 1036 iterum
1213 975 1462 1037 differas.

462 1069 564 1126 70.
608 1064 761 1122 Nam
797 1064 1060 1140 quumvis
1089 1082 1279 1141 prope
1310 1073 1386 1122 te.
1434 1063 1594 1123 Hune
1625 1062 1804 1123 locum
1837 1072 2004 1142 poeta
2034 1082 2142 1142 per
2170 1064 2327 1122 simi-

287 1146 576 1207 litudinem
620 1146 833 1218 redae,
884 1145 1033 1228 quod
1078 1159 1168 1207 est
1210 1168 1393 1226 genus
1451 1146 1697 1209 vehiculi
1756 1159 1995 1229 quatuor
2054 1160 2325 1220 rotarum,

290 1235 583 1311 exprimit,
630 1230 861 1292 diceus:
917 1233 1084 1292 Licet
1128 1232 1231 1290 sub
1276 1253 1387 1291 uuo
1431 1243 1652 1293 temone
1698 1233 2052 1313 praecedens
2095 1243 2156 1293 et
2197 1235 2330 1294 sub-

291 1337 539 1398 sequens
581 1329 708 1376 rota
751 1316 1050 1389 decurrat,
1095 1337 1372 1397 uunquam
1414 1329 1606 1379 tamen
1649 1321 1936 1398 posterior
1976 1318 2331 1398 praeceden-

290 1415 406 1463 tem
459 1405 859 1482 consequitur,
916 1402 1053 1461 licet
1112 1421 1286 1481 parvo
1340 1407 1524 1481 spatio
1576 1406 1942 1483 interposit03
2003 1403 2326 1464 tantundem

290 1491 475 1567 prior,
521 1501 782 1568 quantum
815 1492 875 1546 et
918 1490 1206 1566 posterior
1248 1487 1509 1548 volvitur.
1570 1489 1653 1548 lta
1701 1502 1761 1550 et
1792 1511 1893 1549 uos
1924 1488 2128 1562 docet,
2174 1488 2323 1570 quod

290 1574 472 1644 diem,
516 1594 678 1654 quam
708 1571 1019 1632 differendo
1052 1570 1358 1633 doctrinam
1391 1573 1712 1655 perdimus,
1759 1596 2035 1656 uunquam
2066 1574 2158 1635 die
2190 1595 2329 1635 cou-

291 1670 569 1739 sequente
602 1658 671 1717 ad
704 1657 885 1717 studia
918 1677 1267 1736 reparamus.

461 1749 563 1806 73.
608 1745 915 1804 Libertate
945 1763 1090 1821 opus
1120 1754 1229 1803 est.
1273 1741 1363 1804 Ad
1396 1746 1725 1824 sapientiam
1758 1744 2117 1817 hortaturus,
2148 1756 2329 1805 mate-

289 1829 428 1887 riam
460 1829 605 1888 hanc
635 1830 743 1888 sibi
774 1827 1022 1906 delegit,
1062 1826 1256 1888 dicens
1276 1872 1291 1898 ‚
1336 1831 1512 1889 solum
1560 1830 1794 1890 liberum
1825 1848 1957 1890 esse
1988 1832 2324 1909 sapientem.

289 1912 525 1972 Constat
552 1926 735 1973 autem
768 1924 828 1973 et
867 1911 1217 1992 Aristippum
1258 1916 1342 1974 sic
1372 1917 1608 1975 iuvenes
1640 1915 1829 1975 solere
1860 1914 1930 1974 ad
1963 1914 2200 1974 studium
2233 1935 2329 1975 sa-

288 1999 537 2078 pientiae
583 1997 821 2061 bortari.
882 1996 1175 2058 Libertate
1222 2019 1362 2078 opns
1408 2011 1533 2072 est,
1582 2009 1843 2079 tanquam
1874 2001 1923 2059 si
1953 1998 2202 2070 diceret,
2235 2020 2332 2059 sa-

290 2085 501 2160 pientia
530 2085 584 2141 in
617 2084 870 2143 omnibus
902 2085 1232 2144 necessaria
1266 2095 1375 2144 est.
1548 2086 1682 2144 Non
1712 2086 1858 2156 hac,
1894 2105 2049 2164 qua,
2076 2095 2145 2144 ut
2171 2087 2330 2164 quis-

290 2186 402 2246 que
465 2168 679 2227 Velina
697 2193 718 2241 ‚-
787 2188 895 2228 non
937 2167 1084 2228 illam
1132 2169 1456 2229 libertatem
1492 2168 1657 2241 dicit,
1718 2191 1880 2250 quam
1933 2168 2166 2252 quisque
2223 2191 2330 2250 per

288 2255 778 2314 manumissionem
839 2256 979 2314 civis
1040 2254 1322 2314 Romanus
1382 2256 1568 2315 factus
1614 2258 2016 2337 consequitur3
2081 2260 2136 2316 in
2181 2257 2331 2316 tribu

288 2336 493 2398 Velina
538 2342 767 2401 censeri
806 2346 861 2412 ¹,
904 2340 1179 2420 publicum
1226 2342 1562 2402 frumentum
1604 2344 1901 2422 acciperet
1947 2340 2051 2404 sed
2094 2361 2219 2403 eam
2264 2342 2331 2402 li-

288 2423 603 2495 bertatem,
661 2445 806 2506 quae
851 2425 922 2484 de
966 2425 1149 2486 studio
1211 2428 1601 2507 philosophiae
1664 2431 1934 2488 nascitur.
2011 2428 2277 2488 *Velin
2296 2448 2332 2487 a

287 2510 534 2568 tribus
593 2531 894 2570 numero
950 2512 1273 2571 aliarum
1332 2515 1654 2573 tribuum
1714 2515 2083 2575 accessit.
2160 2512 2329 2574 Nam

290 2596 414 2674 qui
486 2597 686 2655 circa
764 2595 1098 2656 Velinum
1170 2598 1401 2657 lacum
1476 2597 1960 2671 habitabant,
2046 2598 2329 2659 Romam

290 2679 647 2740 translati
704 2692 893 2740 sunt.
980 2682 1252 2743 Romae
1307 2695 1545 2742 autem
1601 2695 1771 2743 erat
1825 2681 2330 2756 consuetudo,

290 2775 368 2823 ut
425 2785 717 2838 omues,
788 2768 911 2846 qui
976 2787 1067 2828 ex
1125 2769 1704 2828 manumissione
1777 2770 1978 2828 cives
2039 2768 2332 2828 Romani

292 2849 632 2923 fiebant,
698 2853 766 2911 in
810 2871 1110 2911 numero
1155 2854 1423 2912 civium
1484 2852 1967 2913 Romanorum
2014 2855 2333 2915 frumen-

292 2945 428 2994 tum
484 2936 852 3014 publicum
913 2940 1417 3016 acciperent!¹
1486 2938 1644 3018 Ergo
1686 2957 1889 2999 sensus
1944 2951 2065 2998 est:
2127 2940 2332 3000 Liber-

291 3030 444 3092 tate,
486 3022 592 3080 boc
638 3032 728 3080 est
770 3024 1079 3101 sapientia,
1124 3021 1388 3083 utendum
1436 3035 1559 3096 est,
1607 3044 1715 3082 non
1763 3035 1946 3083 autem
1990 3023 2121 3094 illa,
2167 3045 2332 3106 quam

292 3104 522 3165 Publius
584 3109 855 3178 emeruit,
914 3109 1006 3188 qui
1061 3127 1168 3187 per
1218 3117 1496 3168 tesseram
1535 3110 1862 3169 scabiosum
1891 3107 2012 3189 sur
2054 3109 2331 3188 possidet,

290 3187 348 3251 id
379 3202 473 3252 est
500 3203 823 3271 corruptum
855 3203 917 3252 et
944 3204 1107 3272 putre
1138 3194 1496 3254 frumentum.

464 3282 567 3339 75.
613 3280 739 3337 Heu
781 3282 1015 3338 steriles
1055 3281 1219 3350 veri,
1268 3277 1323 3338 id
1368 3290 1461 3340 est
1503 3281 1686 3359 ignari
1714 3282 1999 3341 veritatis.
2065 3278 2210 3339 Sunt
2239 3282 2332 3363 qui

292 3363 617 3423 existimant
647 3363 964 3423 libertatem
997 3383 1101 3443 per
1130 3364 1307 3423 solam
1338 3368 1829 3426 manumissionem
1862 3369 2185 3446 acquirere.

299 3448 522 3523 Quibus
553 3467 670 3507 una
708 3450 995 3525 Quiritem
1036 3453 1268 3530 vertigo
1296 3448 1501 3530 sucit;
1550 3454 1677 3531 quia
1720 3452 2110 3531 *quotiens
2147 3456 2173 3491 2
2203 3472 2334 3512 ma-

293 3534 833 3606 numittebaut‚
905 3554 1036 3594 eos
1094 3536 1314 3615 alapa
1381 3556 1797 3616 percussos
1872 3538 2333 3616 circumage-

290 3618 504 3692 bant,
552 3630 626 3678 et
668 3620 957 3680 liberos
997 3621 1583 3693 confirmabant,
1628 3621 1812 3682 unde
1852 3625 2332 3684 manumissio

292 3700 537 3776 dicta,
582 3703 769 3785 quod
824 3712 1074 3765 manu*
1113 3708 1236 3766 eius
1280 3707 1869 3766 *mitteretur.⁸⁴¹
2047 3710 2331 3785 Quiritem

292 3800 479 3849 autem
522 3791 888 3868 singulariter
930 3792 1164 3852 abusive
1211 3790 1382 3864 dixit,
1431 3793 1660 3852 licentia
1708 3794 1950 3871 poetica.
2016 3793 2160 3853 Nam
2190 3796 2335 3854 sicut

283 3884 469 3953 pater
514 3878 880 3955 conscriptus
910 3897 1022 3937 nou
1063 3875 1302 3953 dieitur,
1349 3880 1430 3939 ita
1477 3898 1582 3939 nee
1633 3879 1920 3956 Quiritem
1960 3877 2155 3942 dicere
2198 3900 2332 3961 pos-

296 3979 508 4019 sumus.

298 4077 320 4128 l
364 4082 422 4128 et
454 4103 524 4115 —
558 4081 805 4128 censetur
838 4078 982 4144 vulg.
1537 4082 1573 4137 2
1604 4098 1740 4150 quos
1774 4081 1912 4137 Pitb.

297 4145 329 4198 3
365 4160 558 4198 manus
591 4150 818 4200 immitt.
856 4147 1012 4200 Febr.
