2764 4738
512 430 802 476 cmxxvm
1163 406 1893 473 PROLEGOMENA.

512 579 950 646 Frontonis
993 576 1206 644 codice
1253 577 1478 664 legitur
1520 579 1610 665 (p.
1660 576 1748 644 86
1791 579 1888 643 erl.
1916 576 2181 661 Rom.)=
2249 575 2573 645 Caecilius

511 684 747 767 s[ae]pe
789 683 1104 767 [dog-atus
1136 682 1274 765 legi
1295 680 1618 744 emendavi
1622 709 1646 761 ,-
1691 693 1760 746 nt
1786 683 1852 745 in
1883 681 2021 745 cod.
2056 678 2368 746 luvenalis
2399 679 2574 745 Lan-

514 785 832 850 rcntianoz
870 780 1075 847 LEGI
1104 779 1285 847 EGO
1316 778 1646 848 NICEVS
1667 780 1904 848 Amo.
1926 770 2566 848 SERBIU'ROME.

514 884 653 950 ET.
684 870 1028 950 EHDAvl
1073 884 1134 948 h.
1181 906 1240 947 e.
1288 886 1444 970 apud
1480 883 1803 962 Servium,
1852 884 1954 948 ubi
1997 886 2153 948 salso
2179 883 2382 948 Anid.
2415 886 2573 969 legit

514 985 773 1052 Bandin.
818 998 939 1051 eat.
988 985 1179 1051 Laur.
1231 985 1402 1052 Lau.
1438 985 1500 1050 11
1528 1009 1588 1071 p.
1624 985 1772 1053 159.
1842 985 2141 1051 Solebant
2168 998 2368 1051 autem
2398 987 2574 1051 codi-

513 1110 645 1156 cem
688 1089 868 1154 mocio
915 1090 1275 1175 descriptum
1324 1110 1459 1153 cum
1499 1089 1654 1153 libro
1710 1088 1997 1173 probatae
2055 1087 2192 1153 fidei
2249 1090 2568 1167 conferre,

515 1200 583 1255 ut
622 1190 769 1255 vitia
825 1189 939 1255 hoc
997 1193 1170 1256 modo
1218 1194 1460 1257 detecta
1507 1179 1927 1254 emendarent.
2002 1187 2077 1253 In
2123 1189 2570 1274 subscriptione

515 1291 836 1357 Boethii
879 1294 1058 1355 modo
1104 1304 1435 1358 memorata
1482 1293 1663 1357 etiam
1706 1292 1822 1356 hoc
1876 1293 2133 1376 legiturz
2205 1288 2573 1356 CONTRA

520 1391 912 1460 CODICEM
952 1383 1404 1459 RENATIV.
1440 1380 1519 1459 ST
1546 1390 1944 1459 CORREXI
1987 1389 2139 1477 QVI
2183 1389 2575 1458 CONFEC-

517 1492 691 1561 TVS
721 1494 836 1560 AB
867 1493 984 1561 ΕΟ
1009 1495 1180 1561 EST
1210 1493 1694 1561 THEODORO
1727 1491 2225 1579 ANTIQARIO
2257 1492 2412 1578 QVI
2439 1482 2572 1560 ffl‘:

516 1593 1030 1662 PALATINVS
1067 1598 1137 1680 :si
1204 1594 1270 1661 Id
1320 1599 1396 1663 ad
1437 1598 1729 1662 maiorem
1773 1598 1947 1661 fidem
1979 1618 2012 1660 a
2047 1598 2278 1662 duobus
2308 1599 2441 1663 fere
2471 1599 2573 1661 in-

521 1700 923 1779 stituebatur,
971 1711 1040 1765 ut
1067 1700 1227 1765 alter
1254 1701 1678 1784 corrigendum
1712 1699 2050 1783 exemplum
2081 1709 2362 1778 teneret,
2408 1700 2576 1765 alter

517 1803 896 1866 emendatum
927 1802 1187 1888 legeret.
1250 1799 1388 1884 Qun
1436 1803 1510 1866 de
1555 1821 1626 1866 rc
1674 1800 1959 1866 Sidonius
1990 1802 2366 1886 Apollinaris
2396 1804 2568 1887 (epp.

514 1901 600 1984 V,
651 1905 803 1988 15)2
881 1904 1140 1970 Librum
1200 1904 1408 1987 igitur
1465 1903 1568 1967 hic
1624 1906 1756 1988 ipse
1813 1903 2107 1989 deportat
2172 1903 2581 1988 heptateuchi

515 2010 820 2093 seriptum
860 2027 1096 2070 summa
1138 2006 1472 2070 velocitate
1488 2052 1508 2081 ‚
1552 2025 1784 2068 summo
1812 2007 2019 2070 nitore
2038 2051 2057 2081 ‚
2104 2026 2475 2091 quamquam
2507 2015 2575 2069 et

516 2131 557 2172 a
599 2108 778 2173 nobis
820 2109 1119 2173 relectum
1163 2116 1228 2171 et
1267 2116 1709 2171 retractatum.
1758 2106 1995 2192 Defert
2026 2117 2090 2170 et
2115 2108 2392 2171 volumen
2415 2128 2577 2192 pro·

507 2211 847 2295 phetarum
866 2257 884 2285 ,
945 2209 1097 2272 licet
1132 2230 1227 2272 me
1272 2208 1522 2272 absente
1567 2208 1893 2272 decursum
1910 2256 1931 2286 ,
1996 2229 2113 2272 sua
2163 2220 2364 2273 tamen
2408 2231 2575 2273 cura

516 2332 822 2397 manuque
864 2309 941 2374 de
981 2313 1393 2395 supervacuis
1433 2312 1758 2376 sententiis
1785 2311 2223 2391 eruderatum,
2271 2332 2383 2375 nec
2409 2331 2573 2376 scm-

508 2435 635 2500 per
689 2414 798 2476 illo
857 2422 1079 2476 contra
1133 2412 1384 2498 legente
1398 2459 1420 2489 ,
1482 2416 1596 2500 qui
1634 2415 2021 2499 promiserat
2072 2435 2320 2500 operam
2363 2434 2563 2478 suam.

514 2514 681 2579 ldem
714 2515 773 2578 in
806 2512 1348 2599 subscriptionibus
1379 2527 1730 2580 annotatum
1755 2560 1774 2593 ,
1821 2526 1888 2578 ut
1914 2516 1978 2579 in
2018 2514 2132 2580 hac
2172 2513 2467 2580 Marcia
2488 2516 2567 2580 ni

518 2615 899 2700 Capellae
932 2617 1114 2700 (apud
1149 2616 1330 2681 Grot.
1364 2619 1558 2702 praef.
1599 2613 1785 2681 Sirm.
1820 2619 1895 2680 ad
1928 2616 2175 2682 Ennod.
2212 2638 2346 2703 epp.
2380 2616 2432 2695 I,
2483 2617 2569 2683 19

513 2741 573 2804 p.
606 2718 649 2784 6
680 2720 758 2784 cl.
792 2716 1004 2782 Burm.
1039 2719 1113 2782 ad
1144 2714 1356 2784 Voles.
1396 2720 1468 2783 de
1502 2721 1639 2784 crit.
1674 2743 1733 2805 p.
1773 2717 1966 2805 181)=
2015 2718 2291 2785 Securus
2315 2720 2561 2786 Melior

516 2821 710 2887 Felia:
756 2819 843 2883 V.
894 2820 1006 2904 Sp.
1056 2840 1212 2883 com.
1262 2823 1517 2884 consist.
1565 2823 1786 2886 rhetor
1828 2822 1911 2887 R.
1961 2843 2050 2886 eat
2088 2821 2578 2886 mendosissimis

518 2921 989 3007 eatemplaribus
1032 2921 1430 2986 emendabam
1473 2934 1696 2987 contra
1730 2925 1983 3010 legente
2025 2925 2326 2989 Deuterio
2371 2925 2575 2990 Scho-

517 3026 739 3089 lastico
802 3022 1108 3108 discipulo
1165 3044 1298 3089 meo
1355 3025 1590 3090 Romae
1645 3026 1733 3088 ad
1776 3036 2027 3111 portam
2051 3026 2385 3111 Capenam
2428 3049 2569 3091 cos.

521 3127 776 3190 Paulini
835 3125 922 3189 V.
978 3124 1053 3190 0.
1102 3127 1219 3190 sub
1267 3126 1351 3191 D.
1412 3126 1489 3192 N
1483 3149 1584 3191 on.
1643 3127 2024 3193 Martiarum
2081 3127 2333 3193 Christo
2363 3128 2578 3192 adiu-

518 3238 720 3292 vante.
796 3226 938 3292 Tali
981 3229 1329 3294 adiumento
1371 3250 1624 3313 prorsus
1669 3231 1991 3295 destitutus
2033 3232 2146 3294 suit
2187 3228 2436 3294 Flavius
2468 3226 2577 3293 lu-

514 3331 630 3395 lius
672 3340 733 3393 et
773 3331 910 3392 sine
936 3330 1364 3417 antigrapho,
1419 3331 1574 3396 libro
1618 3352 1792 3416 quem
1840 3335 2191 3409 conferret,
2240 3352 2412 3395 suum
2458 3352 2568 3396 co·

513 3432 705 3497 «licem
739 3431 1060 3496 emendare
1095 3434 1378 3518 tentavit.
1451 3430 1743 3498 Similiter
1771 3435 1993 3520 legitur
2020 3435 2083 3498 in
2113 3433 2570 3520 subscriptione

516 3529 882 3618 Vegetii,
976 3555 1150 3617 quam
1210 3556 1442 3600 mecum
1506 3536 1969 3600 communicavit
2026 3536 2390 3601 amicissime
2451 3534 2572 3601 Fr.

516 3634 818 3711 HaasiuS‚
870 3646 934 3700 ut
979 3659 1011 3701 e
1056 3636 1232 3701 codd.
1294 3636 1667 3702 restituenda
1719 3637 1996 3703 videtur:
2066 3637 2164 3702 Fl.
2212 3638 2575 3724 Eutropius

515 3736 837 3801 emendavi
888 3740 1026 3802 sine
1095 3741 1482 3824 exemplario
1562 3736 2156 3825 Constantinopolim
2231 3743 2573 3806 consulatu

518 3836 957 3904 Valentiniani
1003 3839 1301 3925 Augusti
1340 3828 1492 3906 VH
1525 3849 1592 3904 et
1629 3840 1876 3906 Abieni
1903 3852 1964 3916 ¹,-
2025 3854 2090 3907 et
2127 3843 2192 3906 in
2235 3863 2349 3922 ea,
2398 3865 2555 3926 quae

515 3940 576 4002 in
623 3938 925 4007 Lucani
970 3944 1151 4008 codd.
1196 3943 1511 4008 invenitur
1555 3941 1801 4029 (Burm.
1850 3946 1925 4009 dc
1951 3943 2079 4009 vita
2107 3943 2197 4008 N.
2232 3943 2472 4011 Heinsii
2501 3967 2568 4031 p.

517 4094 537 4145 Ι
582 4094 663 4146 Cf.
702 4095 1013 4163 Cannegiet.
1053 4096 1116 4149 ad
1152 4095 1342 4151 Avian.
1380 4114 1431 4167 p.
1471 4099 1571 4152 2⁵7
1598 4114 1675 4165 sq.

718 4441 779 4510 ’ῆι
