2764 4738
445 399 578 470 294
968 403 1236 467 SCHOL.
1278 402 1387 466 AD
1420 402 1589 468 sAT.
1619 404 1719 480 m,
1754 410 1785 470 1
1807 410 1971 469 -7.

445 571 668 656 quando
727 588 915 636 autom
973 596 1175 638 nomen
1233 587 1357 649 est,
1417 576 1709 658 epitheton
1752 577 1959 651 sumit,
2013 586 2079 637 ut
2123 585 2218 637 eat
2260 576 2495 636 claram

446 680 615 720 mane
633 705 653 733 ,
684 662 776 722 vel
807 680 976 722 nam
1003 682 1215 723 novum
1238 670 1285 724 ¹.

615 750 678 809 2.
720 749 1039 808 Fene-otras
1071 750 1300 820 intrat,
1333 759 1399 808 et
1422 757 1664 826 angust.
1706 747 1979 827 Figuute
2010 745 2159 828 quod
2189 745 2286 808 lux
2309 747 2494 828 prima

443 850 551 911 per
590 833 878 893 fenestras
922 835 1115 894 intrat.
1167 833 1340 894 Mane
1384 834 1609 894 scilicet
1649 853 1757 913 per
1798 834 1969 893 rimas
2010 835 2392 894 fenestrarum
2421 853 2495 895 ae

444 929 561 977 tota
592 918 690 976 lux
719 915 991 990 iufundit,
1034 929 1095 980 et
1136 938 1208 979 ea
1236 919 1363 998 capi
1394 939 1504 978 non
1535 929 1727 998 potest
1755 919 1941 999 piger.

615 1008 677 1066 8.
719 1004 1073 1063 Indomitum
1099 1005 1423 1065 Falernum
1438 1048 1464 1077 ,
1522 1002 1579 1064 id
1610 1014 1705 1065 cst
1744 1006 1932 1064 vinum
1974 1003 2186 1065 multae
2234 1004 2493 1079 virtutis,

443 1097 505 1148 ut
532 1088 809 1167 Virgilius
837 1095 864 1128 2
891 1091 1004 1149 aitt

861 1184 926 1234 et
951 1176 1163 1235 darum
1191 1174 1425 1235 Bacchi
1449 1175 1745 1235 domitura
1771 1193 2072 1255 saporem,

442 1269 504 1320 et
531 1257 802 1319 Lucanus
821 1263 877 1319 ³:

695 1346 1043 1405 Indomitum
1070 1345 1277 1405 Meroe
1306 1364 1522 1424 cogens
1549 1363 1827 1423 spumare
1855 1346 2193 1406 Fater-nm.

444 1427 662 1490 Sensus
693 1440 880 1490 autem
912 1432 1024 1491 iste
1054 1441 1175 1492 est:
1223 1431 1362 1490 Tam
1409 1428 1504 1490 diu
1548 1430 1865 1490 hesterno⁴
1892 1450 2103 1510 sopore
2135 1429 2493 1510 deprimitur,

439 1524 503 1574 ut
548 1516 771 1594 possint
812 1516 903 1588 hi,
965 1517 1058 1596 qui
1103 1517 1273 1576 nimia
1318 1516 1601 1576 ehrietate
1644 1516 1867 1594 gravati
1918 1528 2083 1588 sunt,
2144 1528 2256 1576 tam
2312 1517 2492 1597 longo

441 1620 646 1746 5:322
686 1601 1234 1766 {2³3322225‚‘¹2¹i‚¹3·
1257 1600 2493 1766 02¹?1k2'2223‘332332132'1“1:32³&ssss

438 1791 600 1831 mons
647 1771 944 1831 Falernus.
1016 1771 1127 1832 Vel
1170 1772 1360 1833 aliter.
1439 1772 1634 1832 Utrum
1678 1782 1890 1831 tantum
1934 1771 2275 1845 dormimus,
2326 1784 2389 1833 ut
2429 1776 2489 1834 in

437 1867 597 1916 tanto
643 1864 935 1937 tempore,
981 1858 1076 1938 qui
1119 1856 1424 1918 Falernum
1453 1856 1680 1930 bibunt,
1727 1877 2086 1938 concoquere
2131 1860 2385 1937 possint,
2429 1858 2488 1920 id

439 1952 532 2002 est
584 1941 893 2021 digerere?
948 1941 1104 2003 Unde
1148 1954 1209 2002 et
1247 1942 1410 2004 crudi
1453 1940 1712 2002 dicuntur
1753 1941 2045 2022 indigesti.
2128 1946 2247 2005 Aut
2275 1957 2487 2025 quanto

439 2028 842 2109 concoquimus
886 2028 1224 2101 Falernum,
1266 2038 1365 2088 aut
1405 2038 1667 2109 quantum
1712 2029 1961 2089 sufficiat
1986 2029 2230 2090 Falerno
2261 2041 2488 2111 tempus

437 2113 493 2172 in
525 2112 689 2172 nobis
720 2115 1104 2193 despumare,
1149 2112 1205 2174 id
1237 2124 1329 2174 est
1357 2112 1792 2175 defervescere.

611 2204 671 2261 4.
723 2200 944 2275 Quinta
989 2203 1124 2260 dam
1170 2200 1368 2273 linea,
1430 2198 1559 2260 dnm
1614 2199 1811 2260 umbra
1854 2198 2022 2260 medii
2062 2201 2234 2282 styli,
2288 2202 2381 2282 qui
2427 2203 2487 2262 in

438 2284 735 2364 horologio
769 2295 891 2357 est,
924 2287 1167 2366 quintam
1201 2287 1406 2346 lincam
1436 2287 1728 2365 attigerit3
1766 2306 1872 2366 pro
1904 2286 2032 2359 hoc,
2064 2307 2133 2347 ac
2165 2288 2213 2347 si
2244 2286 2489 2363 diceret,

437 2392 616 2454 usque
648 2368 719 2431 ad
751 2372 944 2431 boram
975 2374 1245 2454 quintam.

608 2463 667 2521 5.
717 2460 811 2518 En
843 2461 989 2538 qaid
1015 2461 1197 2538 agis?
1253 2459 1432 2519 Unum
1477 2477 1553 2517 ex
1597 2456 1893 2517 comitibus
1936 2455 2153 2519 inducit
2193 2459 2489 2537 castigan-

435 2555 550 2605 tem
580 2543 789 2604 tamdiu
824 2543 1152 2605 dormientis
1186 2543 1456 2605 desidiam
1488 2555 1548 2602 et
1577 2542 1856 2603 dicentem
1883 2566 1899 2602 ε
1937 2541 2083 2616 Quid
2113 2543 2320 2603 tamdiu
2351 2544 2489 2604 dor·

434 2627 576 2702 mis,
621 2650 747 2689 cum
787 2631 896 2688 iam
944 2641 1140 2690 aestus
1185 2630 1530 2692 meridianus
1574 2631 1876 2709 coeperit?
2053 2631 2344 2689 Canicula
2389 2650 2489 2688 ar-

435 2714 815 2776 dentissimum
848 2713 1039 2788 sidus,
1072 2737 1234 2797 quam
1265 2714 1395 2775 ideo
1428 2717 1697 2774 insanam
1727 2717 1841 2786 ait,
1887 2712 2035 2794 quod
2067 2715 2168 2773 sub
2200 2726 2326 2774 ortu
2358 2717 2489 2776 eiua

434 2801 590 2861 multi
621 2811 960 2880 aegrotent,
993 2812 1089 2861 ant
1118 2812 1278 2861 certe
1308 2803 1562 2860 insanam
1580 2843 1599 2874 ,
1628 2802 1850 2860 nimiam
1870 2842 1887 2873 ‚
1917 2811 1980 2859 ut
2008 2799 2281 2880 Virgilius
2307 2806 2365 2859 ³:

766 2888 1047 2946 Insanum
1078 2897 1293 2946 vatem.

607 2989 667 3052 6.
711 2989 797 3048 Et
811 2990 1032 3068 patula
1055 3009 1273 3068 pecus,
1321 2986 1376 3048 id
1423 2999 1549 3061 est,
1598 2988 1707 3048 iam
1739 2985 2084 3048 meridianae
2117 2988 2293 3047 horae
2325 3001 2489 3062 sunt,

433 3075 490 3134 in
535 3072 734 3155 quibus
777 3075 900 3133 sole
961 3074 1384 3135 ferventissimo
1439 3084 1627 3135 tactae
1684 3084 1919 3153 segetes
1975 3084 2368 3134 maturescunt
2425 3085 2493 3136 et

434 3178 649 3239 pecora
678 3161 925 3218 nemoris
957 3158 1183 3219 umbras
1215 3161 1528 3240 requirunt.
1573 3159 1648 3219 Ut
1674 3159 1948 3238 Virgilius
1971 3163 2030 3219 ⁶:

644 3244 822 3304 Nunc
849 3247 1025 3304 etz'am
1051 3247 1306 3323 pecudes
1338 3246 1577 3304 umbras
1606 3255 1671 3304 et
1691 3242 1948 3324 frigora
1991 3255 2257 3323 captant.

434 3326 588 3391 Ordo
618 3339 739 3390 este
785 3330 870 3389 En
903 3328 1035 3410 quid
1063 3332 1229 3409 agis?
1273 3350 1416 3390 unus
1447 3331 1527 3389 ait
1556 3333 1818 3391 comitum
1849 3328 2165 3389 dormienti.

604 3436 665 3494 ⁷.
713 3434 934 3491 Veram
961 3452 1055 3491 ne.
1099 3434 1321 3493 Itane?
1389 3432 1698 3493 Personam
1729 3433 1890 3511 ponit
1918 3433 2359 3511 interrogantis:
2403 3452 2482 3493 an

429 3536 571 3578 vere
630 3515 977 3578 meridianae
1035 3518 1214 3579 horae
1274 3520 1407 3579 sint.
1615 3519 1790 3579 Ocius
1847 3519 2011 3577 adsit
2064 3518 2176 3577 huc
2226 3519 2479 3597 alt'qm's.

430 3602 629 3663 Verba
657 3614 789 3662 sunt
816 3604 1103 3682 surgentis
1134 3601 1205 3663 de
1235 3624 1468 3677 somno,
1511 3603 1603 3664 vel
1631 3604 1890 3664 vocantis
1922 3603 2191 3674 famulos,
2235 3613 2295 3662 et
2326 3601 2481 3683 quod

429 3685 593 3748 tarde
623 3688 1043 3769 respondeant,
1074 3690 1411 3763 irascentis3
1443 3700 1504 3750 et
1530 3690 1823 3751 clamantis
1851 3707 2096 3767 pueros,
2127 3698 2187 3749 et
2215 3689 2480 3751 irascen-

431 3775 538 3847 tis,
568 3773 719 3855 quod
747 3773 961 3835 tardius
991 3772 1379 3855 respondeant
1408 3776 1690 3838 clamanti.

434 3969 458 4021 1
498 3966 646 4034 Virg.
686 3967 873 4034 Georg.
911 3966 999 4030 111,
1037 3969 1159 4024 325.
1631 3969 1667 4025 2
1701 3966 1852 4032 Virg.
1890 3919 2174 4031 GeorgJV,
2215 3965 2338 4019 102.

430 4038 462 4089 3
500 4036 700 4088 Lucan.
736 4035 810 4097 X,
853 4036 970 4090 163.
1639 4039 1674 4090 4
1709 4036 1837 4100 Leg.
1875 4036 2155 4087 diuturno.

432 4108 462 4159 5
499 4105 689 4172 virgil.
728 4105 862 4159 Aen.
898 4104 988 4172 111,
1018 4105 1135 4158 ⁴⁴3.
1644 4107 1677 4158 6
1711 4103 1860 4172 Virg-
1902 4106 2002 4157 ecl.
2041 4103 2105 4170 11,
2142 4105 2196 4156 8.
