2764 4738
468 393 599 436 cxx
1133 364 1850 430 PRoLEGonENA.

535 539 628 606 111,
664 539 754 595 32.
790 537 961 591 Cora
978 553 1011 588 u
1027 545 1136 590 tus
1169 537 1476 606 portudu-
1499 537 1567 590 ad
1600 533 1756 589 busta
1789 535 2011 589 cadaver
2032 534 2073 586 i.
2098 534 2189 602 qui
2213 534 2514 604 vispilloaes

798 630 1018 693 possunt
1051 623 1186 675 fleri.

540 728 630 793 111,
666 727 757 782 33.
794 726 929 779 ldem
965 733 1048 778 est
1081 733 1252 778 antem
1274 763 1291 791 ‚
1340 733 1403 777 ut
1435 726 1514 776 ait
1548 725 1897 779 Cornutus
1919 759 1936 788 ,
1980 721 2079 775 suh
2115 736 2310 774 corona
2342 720 2516 781 vendi,

803 812 940 879 quod
963 811 1059 862 suh
1084 812 1237 862 hasta
1261 813 1509 873 trausire3
1538 810 1634 863 suh
1658 825 1848 862 corona
1867 825 1992 861 vero
2015 807 2168 860 vendi
2194 805 2518 869 dicebantur,

802 898 926 965 quia
978 897 1338 964 imponebatur
1385 912 1562 949 eorum
1613 896 1869 964 capitibus
1916 893 2239 947 ramusculus
2295 892 2519 961 [arboris

781 984 940 1034 -sicut
991 982 1140 1034 hodie
1184 980 1264 1048 fit]
1300 982 1449 1049 equis
1487 979 1792 1045 venalibus,
1844 987 1937 1032 aut
1983 980 2106 1046 quia
2140 992 2318 1030 eorum
2352 978 2520 1045 capita

803 1066 1160 1133 radebantur,
1197 1067 1333 1134 quod
1369 1073 1488 1117 erat
1519 1067 1721 1131 signum
1758 1065 2054 1117 servitutis.

540 1153 690 1223 Apud
726 1152 1106 1206 Cornutum
1142 1159 1256 1203 ests
1311 1150 1567 1218 „Signum
1617 1151 1953 1203 venditionis.
2013 1148 2146 1200 Hine
2190 1148 2423 1200 canimus
2469 1146 2522 1198 ia

540 1240 748 1291 cantico
783 1239 848 1291 de
882 1253 1066 1290 cruore
1099 1237 1387 1289 oeeisorum
1422 1243 1478 1288 et
1513 1237 1577 1287 de
1611 1236 1797 1304 capitis
1834 1237 1958 1287 nudi
1992 1236 2029 1287 i.
2072 1233 2248 1287 rasi.“

542 1341 630 1406 lll,
668 1342 755 1396 38.
793 1340 1023 1393 Ποῦ-ἔσω
1055 1347 1091 1391 ¹.
1145 1339 1497 1391 Cornutus
1530 1338 1690 1391 forire
1725 1338 1854 1391 dicit
1892 1337 2024 1405 quod
2062 1335 2201 1388 foras
2242 1336 2353 1401 ire,
2390 1334 2524 1385 uude

804 1426 1023 1477 dicimus
1081 1424 1274 1477 foriens
1332 1424 1569 1486 cloacas,
1645 1424 1699 1474 in
1753 1423 1943 1491 quihus
2001 1430 2233 1474 stercora
2296 1421 2527 1473 defluunt

806 1510 1044 1578 publica,
1081 1525 1197 1562 nam
1234 1510 1462 1562 latrinae
1497 1511 1745 1561 dicuutur
1778 1510 2012 1577 privatae
2050 1506 2101 1575 [a
2125 1507 2369 1569 latendo,
2409 1507 2527 1574 quia

807 1596 862 1647 in
898 1596 1044 1647 domo
1076 1595 1290 1663 latent]-

546 1681 635 1746 nl,
673 1680 772 1737 12ss
796 1695 909 1748 sqq.
972 1680 1191 1748 Quidam
1242 1681 1616 1734 Cornutum
1670 1686 1945 1747 sequentes
2007 1678 2085 1730 sie
2129 1684 2421 1746 exponunt=
2469 1676 2533 1729 sa·

807 1781 900 1833 pro
937 1767 1086 1834 quod.
1156 1766 1402 1833 Togatae
1438 1766 1475 1816 i.
1515 1764 1736 1830 nobilis,
1775 1780 1891 1816 uam
1925 1772 2046 1827 toga
2078 1764 2243 1815 vestis
2279 1770 2363 1815 est
2398 1778 2528 1816 eom·

809 1852 1001 1905 munis.
1053 1853 1222 1904 Curet
1254 1866 1477 1902 currere
1511 1849 1576 1901 ad
1613 1850 1938 1902 salutandam
1975 1850 2189 1901 divitem
2222 1855 2529 1912 matronam,

810 1943 871 1988 ut
890 1952 1001 1989 eam
1027 1951 1180 2008 saepe
1216 1936 1488 1987 salutando
1525 1934 1866 1987 hereditatem
1902 1935 2047 1986 illins
2083 1935 2342 2002 acquirat,
2376 1942 2433 1986 et
2456 1936 2533 1986 sie

811 2022 1138 2090 heredipetas
1198 2022 1548 2091 reprehendit.
1625 2020 1948 2072 Praetorem
1997 2021 2124 2072 dicit
2170 2021 2445 2072 tutelarem
2492 2021 2528 2072 i.

811 2107 1081 2160 viduarum
1117 2115 1478 2176 protectorem.
1550 2104 1753 2159 Viduae
1788 2108 1922 2159 euim
1959 2120 2132 2158 rerum
2168 2121 2382 2159 suarum
2416 2122 2536 2158 con-

810 2193 1101 2246 stituebant
1145 2200 1518 2261 protectorem,
1568 2191 1657 2259 qui
1702 2207 1792 2244 eos
1827 2191 2146 2260 expelleret,
2199 2193 2288 2259 qui
2325 2208 2420 2260 per
2451 2208 2534 2244 sa·

812 2278 1096 2331 lutationes
1119 2294 1296 2329 earum
1324 2279 1643 2330 hereditates
1665 2277 1912 2330 volebant
1934 2278 2223 2345 acquirere.
2260 2276 2537 2332 Ποίων-επ

811 2379 888 2415 sc.
928 2379 1135 2415 servum
1173 2381 1269 2415 uon
1307 2363 1562 2433 praetoris
1599 2364 1876 2430 tutelaris‚
1912 2364 2003 2416 sed
2040 2364 2297 2431 praetoris
2325 2364 2534 2417 urbani.

816 2449 971 2500 Orbis
1003 2463 1078 2499 sc.
1120 2451 1433 2516 pauperihus
1467 2449 1806 2514 vigilantibus
1842 2451 1906 2502 ad
1943 2451 2145 2502 ianuam
2181 2457 2447 2502 matronae
2483 2459 2542 2503 et

814 2527 973 2601 quare
1019 2534 1240 2599 vigilent
1294 2536 1442 2588 dicit.
1515 2535 1600 2587 Ne
1649 2536 1859 2602 collega
1906 2536 1945 2587 i.
1994 2535 2184 2602 aliquis
2232 2550 2536 2603 pauperum.

815 2619 1057 2685 Collegae
1116 2621 1363 2673 dicuntur
1421 2636 1707 2690 pauperes,
1768 2637 1985 2690 quorum
2041 2621 2233 2686 legatio
2294 2629 2413 2673 erat
2469 2622 2539 2674 ad

818 2706 1027 2758 ianuam
1071 2705 1287 2761 divitum
1337 2714 1686 2762 matronarum
1734 2715 2063 2775 exspectare,
2112 2707 2202 2775 qui
2247 2706 2314 2757 ad
2350 2707 2449 2761 hoc
2484 2708 2542 2760 iu

817 2792 930 2844 vita
979 2792 1140 2857 legati
1192 2799 1344 2855 sunt,
1413 2799 1473 2843 nt
1527 2793 1732 2845 labores
1790 2794 2084 2845 sustineant
2134 2800 2188 2845 ct
2237 2810 2539 2861 aerumnas,

820 2879 956 2929 sicut
1002 2892 1177 2929 omnes
1228 2878 1421 2930 divites
1471 2887 1594 2930 sunt
1642 2880 1836 2945 legati,
1890 2880 2037 2931 utin
2072 2879 2341 2947 voluptate
2374 2882 2544 2935 vitam

817 2970 1109 3016 transeant.
1167 2964 1422 3016 Albinam
1458 2970 1514 3016 et
1548 2964 1787 3018 Modiam
1833 2966 2038 3016 nomina
2081 2972 2207 3015 sunt
2240 2966 2541 3032 viduarum,

816 3048 905 3116 qui
940 3063 1062 3100 suos
1096 3056 1363 3117 praetores
1399 3050 1627 3118 hahent,
1678 3050 1764 3119 qui
1810 3065 1900 3102 eos
1950 3050 2250 3104 custodiunt
2284 3059 2341 3104 et
2373 3054 2546 3122 pupil-

818 3133 898 3185 los
934 3149 1133 3187 earum.

560 3220 751 3272 Horum
795 3219 910 3271 loco
955 3219 1088 3287 apud
1140 3219 1506 3274 Cornutum
1556 3222 1682 3274 haec
1735 3222 1976 3274 invenio:
2028 3219 2290 3290 „Propter
2333 3225 2547 3279 nimiam

557 3306 831 3357 avaritiam
869 3305 1032 3370 illud,
1070 3307 1204 3373 quod
1239 3322 1490 3376 pauperes
1525 3306 1698 3360 facere
1733 3307 1951 3374 dehent,
1997 3315 2121 3361 tunc
2156 3308 2348 3362 divites
2384 3310 2549 3364 facie-

555 3390 700 3444 hant.
755 3392 897 3443 Ante
921 3396 1106 3444 ortum
1131 3407 1207 3443 sc.
1248 3392 1376 3443 solis
1412 3400 1465 3444 et
1499 3393 1843 3445 recessionem
1878 3395 2044 3445 noctis
2079 3393 2297 3446 adibant
2330 3396 2545 3462 viduas,

558 3491 776 3544 quarum
811 3476 1128 3530 hereditates
1165 3478 1510 3545 appetebant,
1561 3480 1738 3547 eisque
1789 3480 2065 3532 salutantis
2115 3479 2363 3548 obsequia
2397 3484 2549 3535 exhi-

556 3559 781 3625 bebant,
846 3562 1030 3629 quihus
1080 3563 1328 3616 euntibus
1378 3564 1480 3617 iam
1526 3565 1716 3618 dudum
1763 3566 1874 3617 orbi
1926 3565 2214 3630 vigilabant
2260 3567 2298 3618 i.
2346 3567 2547 3621 lumine

560 3645 787 3713 privati,
826 3648 1095 3699 credentes
1132 3650 1442 3701 adventasse
1479 3651 1643 3714 diem,
1683 3652 1802 3703 dum
1836 3649 2225 3720 praetereuntes
2258 3654 2542 3706 sentirent.

495 3827 519 3880 1
562 3824 646 3878 lo.
683 3840 715 3876 a
751 3827 988 3880 lanusx
1032 3831 1268 3894 „Foroba
1306 3834 1554 3898 asorz‘e,
1586 3836 1744 3901 sot-is
1781 3836 1977 3888 dicitur
2012 3837 2139 3888 haec
2159 3839 2390 3904 serica,
2428 3855 2547 3899 cae,

560 3894 611 3946 id
656 3902 746 3978 est
792 3896 1000 3960 cloaca,
1063 3900 1128 3951 ad
1175 3916 1324 3966 quem
1373 3902 1583 3968 publica
1631 3904 1862 3957 civitatis
1909 3913 2137 3957 stercora
2175 3910 2443 3959 confluunt
2490 3917 2548 3960 et

559 3972 905 4032 proiciuntur.
964 3965 1090 4019 Nom
1142 3969 1381 4021 Iustinae
1430 3971 1677 4024 dicuutur
1719 3988 1751 4024 a
1800 3975 2039 4037 latendo,
2086 3975 2290 4027 scilicet
2337 3978 2549 4030 cloacae

564 4032 798 4100 privatae
820 4072 836 4099 ,
873 4041 1006 4103 qua‘c
1045 4038 1095 4087 iu
1129 4038 1363 4091 domibus
1399 4039 1630 4092 latent.“

723 4409 899 4536 ιχ
