2764 4738
211 599 277 651 et
318 586 459 651 mihi
499 584 957 671 lectoribusque
1004 585 1192 652 taedii
1238 586 1372 671 plus
1411 586 1676 654 afferens
1732 608 1909 677 quam
1965 591 2269 658 utilitatis.

212 704 508 788 Equidem
564 726 692 769 non
754 725 951 791 nego,
1011 705 1068 769 si
1112 702 1339 789 insigni
1385 705 1642 788 quodam
1697 706 1833 771 loco
1890 708 2275 794 egregiorum

216 823 490 888 virorum
545 823 902 889 sententiae
959 835 1245 889 accurate
1298 834 1705 889 recensentur
1745 835 1810 888 et
1850 826 2273 906 aestimantur,

214 943 280 1006 id
313 943 555 1006 multum
589 942 870 1007 utilitatis
900 940 1123 1005 habere
1153 962 1333 1027 posse
1365 942 1444 1004 ad
1488 941 1770 1007 iudicium
1805 943 2183 1009 formandum
2213 955 2281 1011 et

212 1071 387 1124 recte
425 1060 772 1146 disputandi
815 1060 975 1124 viam
1018 1060 1514 1137 monstrandam,
1560 1080 1772 1125 verum
1812 1061 1877 1124 in
1922 1061 2272 1128 universum

215 1199 346 1243 non
376 1199 620 1263 possum
654 1199 884 1262 negare
904 1223 923 1255 ‚
972 1198 1058 1246 ex
1096 1196 1230 1242 meu
1273 1178 1577 1243 sententia
1608 1178 1853 1242 nimium
1885 1178 1998 1243 sibi
2030 1181 2275 1265 placere

218 1297 442 1362 multos
475 1292 619 1362 VV.
654 1295 799 1360 m).
831 1296 895 1364 iu
940 1296 1204 1361 diversis
1248 1297 1576 1361 sententiis
1617 1297 2014 1362 recensendis
2045 1308 2109 1362 et
2136 1319 2280 1382 per-

221 1415 596 1493 lustrandis,
645 1436 778 1481 cum
825 1434 1118 1501 persaepe
1158 1414 1430 1480 taediosa
1475 1415 1589 1480 hac
1629 1436 1813 1501 opera
1858 1436 1962 1480 res
1992 1416 2120 1500 ipsa
2151 1437 2277 1480 non

222 1534 470 1597 multu·
515 1543 982 1618 promoveatur,
1044 1533 1366 1618 disputatio
1422 1545 1621 1598 autem
1680 1534 2042 1600 obscuretur
2079 1536 2277 1621 potius

222 1673 397 1735 qum
458 1652 821 1716 illustretur.
885 1647 953 1716 ld
1012 1652 1270 1735 denique
1332 1669 1633 1736 nunqunm
1696 1654 1825 1727 fere
1872 1655 2273 1743 assequimur,

224 1782 293 1833 ut
328 1770 453 1833 iam
495 1769 763 1852 priorum
808 1769 980 1836 libris
1024 1770 1240 1853 aliquis
1284 1790 1499 1836 carere
1552 1772 1778 1860 possit,
1836 1771 1946 1836 sed
1987 1773 2033 1837 ii
2077 1775 2278 1838 denuo

222 1909 470 1973 semper
507 1887 869 1971 inspiciendi
927 1898 994 1953 et
1049 1889 1406 1955 consulendi
1466 1900 1633 1954 sunt.
1711 1887 1920 1972 Quare
1975 1890 2274 1973 equidem,

223 2025 622 2093 quaecuuque
651 2006 728 2069 ad
758 2004 1039 2071 Persium
1069 2007 1488 2075 illustrandum
1532 2007 1756 2092 scripta
1800 2020 1980 2087 sunt,
2029 2009 2281 2092 diligen·

224 2134 323 2189 ter
350 2124 585 2208 perlegi
604 2167 624 2201 ,
675 2134 741 2187 et
767 2124 1043 2210 quicquid
1076 2124 1217 2189 inde
1250 2125 1477 2190 hauriri
1508 2126 1702 2212 potuit
1722 2172 1742 2204 ‚
1786 2126 1850 2190 in
1880 2147 2053 2192 usum
2084 2147 2280 2191 meum

226 2242 546 2319 converti,
609 2241 871 2330 denique
927 2242 1204 2313 omuibus
1260 2255 1546 2309 accurate
1604 2244 1969 2311 examinatis
2032 2256 2096 2310 et
2144 2265 2282 2329 per-

226 2361 619 2448 pouderatis,
688 2360 846 2447 quod
904 2380 1118 2427 verum
1176 2362 1321 2430 mihi
1379 2362 1700 2429 videbatur
1741 2364 2026 2450 proposui
2070 2374 2134 2429 et
2174 2384 2285 2429 ctu·

224 2481 499 2565 pbeeret
546 2479 803 2548 firmavi.
862 2478 996 2545 Hoc
1040 2481 1216 2544 modo
1267 2502 1439 2545 usum
1484 2483 1900 2546 commentarii
1945 2483 2285 2548 faciliorem

232 2610 296 2661 et
334 2598 809 2663 commodiorem
854 2598 1156 2663 redditum
1198 2621 1338 2665 esse
1386 2611 1568 2686 puto,
1618 2622 1750 2665 cum
1801 2601 2000 2666 stetim
2032 2601 2171 2684 quid
2207 2601 2283 2666 do

234 2737 465 2800 quaque
520 2735 596 2780 re
652 2726 719 2780 et
774 2738 886 2781 cur
928 2717 1013 2784 ita
1057 2718 1317 2782 sentiam
1359 2729 1647 2803 appareat
1702 2719 1884 2784 nullis
1938 2718 2287 2802 ambagibus

230 2845 494 2914 ίοαιιιι,
529 2845 597 2900 et
622 2834 959 2920 ubicunque
990 2835 1361 2913 erraverim,
1393 2836 1573 2905 facile
1604 2835 1661 2899 id
1694 2836 1886 2920 possit
1914 2835 2287 2922 deprehendi

236 2964 299 3019 et
335 2953 679 3018 emendari.
738 2951 960 3037 Neque
1002 2954 1149 3019 illud
1194 2953 1452 3037 denique
1495 2955 1653 3040 apud
1694 2975 1924 3038 aequos
1966 2965 2031 3020 et
2059 2955 2288 3039 peritos

238 3072 524 3136 invidiam
580 3071 729 3135 mihi
785 3072 1085 3137 fuctumm
1143 3093 1361 3156 spero,
1426 3074 1585 3157 quod
1643 3091 1753 3150 ea,
1817 3093 1968 3157 quae
2029 3074 2105 3136 ab
2150 3072 2288 3137 aliis

240 3201 533 3276 congesta
560 3191 773 3256 inveni
794 3234 814 3268 ,
861 3201 930 3256 nt
955 3192 1287 3259 communis
1316 3191 1469 3256 iuris
1494 3191 1872 3257 adhibuerim
1895 3239 1913 3270 ,
1946 3191 2077 3273 quis
2107 3211 2287 3274 quem

238 3307 435 3374 tocu-
494 3309 722 3394 primus
776 3309 1118 3375 adhibuerit
1168 3331 1376 3396 perum
1434 3311 1751 3379 sollicitus.
1819 3309 1981 3374 Nam
2026 3329 2180 3392 quae
2223 3307 2288 3372 in

237 3426 404 3492 hisee
435 3438 723 3492 versatur
748 3428 938 3493 anxia
966 3439 1031 3492 et
1059 3428 1262 3514 putida
1293 3451 1476 3507 cura,
1528 3451 1702 3514 quam
1735 3429 1971 3514 quidam
2002 3427 2289 3513 pietatem

236 3556 299 3610 et
335 3546 699 3629 religionem
742 3557 986 3631 putant,
1049 3570 1165 3613 nec
1205 3549 1428 3613 litteris
1473 3549 1636 3613 utilis
1680 3567 1795 3613 nec
1840 3547 2075 3612 liberali
2106 3544 2288 3611 disci-

241 3664 399 3747 plina
442 3665 628 3749 digua
670 3675 793 3730 est.
851 3664 1016 3729 Nam
1063 3668 1259 3752 pusilli
1304 3669 1489 3732 animi
1518 3679 1654 3747 est,
1702 3668 1762 3732 in
1793 3668 2011 3733 talibus
2041 3663 2141 3730 vel
2172 3664 2288 3750 ipsi

240 3785 490 3868 gloriam
536 3804 875 3869 quaerere,
920 3786 1023 3849 vel
1070 3786 1430 3851 eximiorum
1459 3788 1729 3852 virorum
1762 3788 1997 3852 laudem
2031 3805 2283 3869 ponere.

245 3900 602 3986 Quicunque
660 3904 826 3968 enim
883 3904 946 3967 in
1005 3902 1117 3969 hnc
1173 3927 1244 3971 re
1302 3917 1588 3972 versatus
1634 3917 1762 3986 est,
1821 3907 1938 3972 scit
1981 3906 2285 3993 profecto,

243 4022 564 4086 maximum
609 4042 818 4088 eorum
866 4034 1138 4108 partem,
1200 4047 1352 4109 quae
1405 4026 1713 4090 afferenda
1769 4034 1949 4105 sunt,
2010 4025 2095 4088 ita
2147 4042 2288 4088 esse
