2764 4738
868 402 1612 467 PnoLEGouENA.
2122 430 2255 474 ινιι

195 573 551 640 Ennianum
623 593 868 642 versum
921 595 961 639 a
1015 571 1259 643 Lucilio
1327 571 1764 658 reprehensum
1826 589 2258 644 commemorat

193 675 457 742 Servius
503 677 611 747 (ad
655 672 838 761 Virg.
883 676 1050 741 Aen.
1082 672 1206 754 xl,
1238 671 1433 760 601),
1486 671 1818 741 Pacuvium
1862 699 1985 743 non
2030 682 2254 747 abiisse

194 778 472 843 illaesum
521 779 706 843 docet
748 777 848 842 vel
888 797 1108 842 versus
1151 778 1303 862 apud
1351 775 1625 841 Nonium
1667 778 1750 864 (s.
1785 802 1850 843 v.
1898 781 2252 863 exordium,

196 882 280 943 fr.
312 877 575 958 xxix,
608 877 757 960 63)2
812 877 1034 943 Utrum
1076 880 1279 944 tmktis
1323 888 1613 944 contorto
1665 881 1879 966 aliquo
1925 904 2012 947 ex
2052 884 2256 950 Pacu-

196 984 382 1046 viano
415 981 739 1059 exordio,
787 976 967 1065 atque
1008 982 1085 1045 ad
1129 982 1265 1046 ,eius
1308 979 1701 1046 Dulorestem
1744 980 1969 1058 Lucilii
2012 1006 2254 1052 versum

195 1085 388 1168 (apud
420 1082 629 1149 Prisc.
650 1083 716 1148 X
742 1105 802 1167 p.
821 1080 970 1161 907,
1010 1086 1086 1147 fr.
1104 1081 1297 1165 XIX,
1330 1081 1441 1167 8)=
1484 1081 1781 1148 Rausuro
1830 1088 2120 1173 tragicus
2149 1088 2264 1175 ‘qui

197 1188 494 1250 emissa
530 1183 751 1271 perdit
785 1183 1045 1259 Oreste,
1077 1186 1285 1250 retulit
1312 1185 1592 1252 Naekius
1624 1186 1790 1272 (opp.
1828 1211 1887 1274 p.
1922 1186 2044 1254 105
2059 1191 2252 1273 sqq.)‚

197 1289 300 1371 qui
347 1288 509 1352 alios
553 1307 789 1371 quoque
830 1284 1056 1352 Lucilii
1094 1288 1265 1352 locos
1309 1288 1519 1352 similis
1565 1292 1907 1373 argumenti
1935 1294 2257 1377 ingeniose

200 1388 521 1455 metavit.
592 1388 811 1454 Talem
851 1410 1170 1454 censuram
1215 1390 1277 1453 in
1317 1390 1473 1454 libro
1521 1391 1755 1456 decimo
1801 1396 2171 1477 potissimum
2220 1417 2257 1460 a

198 1491 443 1558 Lucilio
466 1494 685 1555 factam
709 1513 847 1557 esse
870 1513 1185 1577 possemus
1201 1494 1317 1557 iam
1336 1493 1690 1558 coniectura
1709 1497 1975 1581 assequi,
2009 1497 2127 1562 nisi
2145 1517 2258 1562 ex·

197 1606 391 1659 staret
421 1595 719 1658 disertum
748 1594 1158 1659 testimonium
1188 1593 1342 1678 apud
1361 1595 1553 1659 schol.
1579 1595 1732 1660 Hor.
1752 1609 1871 1662 sat.
1904 1596 1960 1675 1,
1996 1597 2099 1677 10,
2135 1597 2250 1663 522

202 1695 409 1761 cone}
454 1695 747 1760 Lucilius
766 1705 1039 1781 propter
1065 1694 1484 1759 urbanitatem
1515 1696 1752 1762 dicitur
1797 1710 1860 1764 et
1899 1710 2104 1764 mutat
2127 1723 2253 1786 pro

198 1819 271 1862 eo
316 1797 495 1883 quod
535 1795 823 1861 emendat
850 1798 1130 1883 positum
1175 1806 1288 1861 est.
1353 1796 1535 1862 Facit
1576 1809 1778 1863 autem
1807 1800 2092 1866 Luoe’lius
2120 1825 2254 1866 cum

197 1901 400 1973 alias,
449 1909 581 1962 tum
625 1898 732 1962 vel
763 1901 828 1963 in
872 1901 1060 1962 tertio
1105 1899 1268 1963 lae'bro
1288 1946 1310 1974 ,
1360 1910 1427 1963 et
1468 1920 1629 1963 nono
1678 1911 1740 1965 et
1782 1901 2033 1967 decinw.
2102 1902 2254 1969 Inde

198 2001 385 2085 igitur
424 1999 507 2065 ad
552 2000 802 2085 primam
845 2002 1095 2065 satiram
1136 2002 1615 2086 componendam
1657 2004 1920 2069 animum
1964 2006 2255 2070 sumsisse

200 2102 443 2166 videtur
487 2098 764 2167 Persius.
832 2101 1051 2187 Neque
1099 2105 1567 2191 negligendum,
1617 2106 1734 2170 dici
1764 2104 2042 2171 Persium
2072 2105 2257 2172 Luci·

201 2202 352 2268 liani
407 2203 549 2270 libri
606 2205 840 2269 initium
898 2205 1189 2271 imitatum
1246 2227 1428 2285 esse,
1515 2208 1678 2272 unde
1738 2207 2041 2274 Heusdius
2083 2209 2158 2295 (l.
2207 2210 2248 2273 l.

202 2329 265 2392 p.
302 2305 425 2374 177
456 2305 626 2391 sqq.)
671 2308 969 2388 coniecit,
1029 2305 1330 2374 Lucilium
1379 2330 1614 2395 quoque
1661 2331 1696 2373 u
1737 2330 1807 2376 se
1849 2311 1979 2396 ipso
2021 2311 2255 2396 vitupe-

204 2411 397 2473 rando
430 2410 671 2474 initium
701 2411 889 2476 fuisse
911 2457 930 2490 ,
976 2422 1043 2476 ut
1070 2412 1223 2476 alios
1256 2411 1476 2476 deinde
1508 2424 1811 2497 carperet.
1884 2410 2012 2478 Iam
2057 2414 2248 2479 schol.

202 2512 275 2576 ad
307 2507 362 2590 1,
394 2513 441 2577 2
468 2512 824 2591 annotavit,
872 2513 1032 2578 hunc
1064 2534 1159 2578 vs.
1193 2525 1450 2577 sumtum
1485 2535 1622 2580 esse
1654 2514 1727 2580 de
1771 2513 1991 2579 Lucilii
2033 2518 2249 2601 primo,

202 2615 356 2697 quod
387 2615 468 2678 ad
498 2636 598 2679 vs.
635 2614 670 2679 1
703 2615 901 2700 potius
932 2615 1238 2699 pertinere
1266 2615 1385 2680 iam
1417 2616 1903 2684 animadversum
1942 2627 2062 2683 est.
2126 2615 2253 2683 Sed

203 2717 345 2780 mihi
374 2716 615 2800 quidem
646 2737 995 2801 persuasum
1028 2728 1162 2797 est,
1207 2718 1664 2803 intelligendum
1713 2739 1851 2784 esse
1883 2739 2005 2783 non
2037 2716 2254 2784 Lucilii

204 2818 418 2882 librum
453 2819 744 2903 primum,
792 2818 901 2884 sed
933 2819 1151 2885 decimi
1181 2821 1440 2886 initium.
1509 2817 1686 2903 Quod
1730 2820 1785 2886 si
1832 2822 2078 2884 omniuo
2123 2822 2256 2886 imi-

200 2930 361 2984 tatus
407 2929 509 2984 est
551 2918 846 3000 Persius,
903 2922 1252 3006 quaeritur,
1313 2944 1454 2987 num
1501 2925 1764 2988 sortasse
1826 2924 1887 2987 id
1939 2945 2174 3007 quoque
2218 2945 2255 2987 a

200 3020 444 3087 Lucilio
489 3023 816 3100 sumserit,
869 3026 1026 3106 quod
1077 3025 1391 3110 prologum
1449 3025 1800 3090 choliambis
1861 3027 2255 3111 compositum

200 3126 429 3189 satirae
475 3125 754 3189 versibus
806 3124 1176 3192 hexametris
1231 3127 1493 3213 scriptae
1556 3129 1901 3213 proposuit,
1965 3127 2119 3211 quod
2179 3128 2254 3192 ab

204 3248 317 3291 usu
346 3227 789 3311 praefationum
811 3272 830 3304 ,
877 3249 1025 3309 quas
1071 3229 1337 3311 pedestri
1368 3251 1651 3294 sermone
1683 3230 2049 3296 carminibus
2082 3250 2259 3316 prae-

201 3329 420 3393 missas
451 3350 488 3393 a
519 3325 826 3405 Martiali,
877 3326 1076 3393 Statio
1107 3330 1240 3393 aliis
1272 3331 1566 3415 legimus,
1614 3341 1675 3396 et
1717 3352 1754 3394 a
1797 3329 2035 3397 Seneca
2078 3343 2255 3416 atque

203 3430 491 3496 Thrasea
531 3431 785 3514 scriptas
829 3451 969 3496 esse
1012 3432 1342 3497 verisimile
1374 3443 1471 3498 est
1511 3430 1761 3515 (Quint.
1799 3429 1973 3510 vlu,
2009 3432 2075 3513 3,
2110 3434 2253 3516 31),

200 3535 586 3617 aliquatenus
630 3542 834 3597 tamen
879 3534 1139 3598 recedit.
1215 3530 1344 3598 Iam
1404 3536 1724 3600 considera
1782 3535 1926 3599 mihi
1975 3534 2254 3600 Petronii

200 3639 400 3701 locum
431 3639 586 3716 (sat.
622 3634 664 3697 4
693 3634 858 3719 sq.),
906 3636 1005 3700 uhi
1036 3639 1417 3721 Agamemno
1438 3684 1457 3716 ,
1504 3647 1818 3722 postquam
1854 3638 1927 3701 de
1958 3660 2254 3723 perverso

198 3746 517 3823 parentum
550 3747 728 3820 atque
761 3737 1184 3821 magistrorum
1214 3740 1414 3803 studio
1451 3738 1515 3801 in
1548 3739 1896 3804 erudiendis
1928 3763 2252 3825 puerorum

198 3841 464 3927 ingeniis
508 3839 698 3916 dixit,
763 3838 913 3905 haec
957 3840 1154 3904 addit:
1214 3839 1343 3904 Sed
1381 3862 1461 3904 ne
1503 3863 1599 3903 me
1631 3851 1825 3929 putes
1869 3840 2256 3926 improbasse

194 3942 514 4008 schedium
556 3950 575 3984 ¹
606 3941 977 4007 Lucilianae
1019 3942 1440 4027 t’rnprobe'tatzk
1454 3990 1473 4018 ,
1523 3942 1697 4028 quod
1731 3945 1932 4006 sentio
1950 3990 1969 4016 ,
2020 3952 2085 4006 et
2124 3945 2257 4027 ipse

204 4100 222 4150 l
265 4096 346 4148 Cf.
391 4096 548 4164 Apul.
604 4096 666 4147 de
718 4097 812 4148 deo
861 4097 1003 4148 Socr.
1054 4112 1100 4164 p.
1142 4097 1241 4150 3⁶4
1279 4096 1456 4150 Ena-‚2
1515 4097 1618 4149 Sed
1669 4102 1732 4149 ut
1780 4113 1862 4149 me
1899 4095 2254 4163 omnifariam
