2764 4738
425 720 434 753 l

535 392 668 462 248
1044 396 1307 459 scum..
1350 399 1459 459 An
1506 398 1670 460 SAT.
1713 400 1760 473 1,
1801 403 2023 464 2-4,

706 573 769 632 2.
812 568 841 598 ¹·
876 569 1060 645 Quis
1099 571 1310 647 leget
1338 569 1574 629 haec?
1616 567 1813 630 Hunc
1840 589 2131 630 versum
2171 566 2251 631 de
2280 532 2569 631 Lucilii

401 630 456 717 ἶ]
538 656 765 735 primo
824 656 1230 713 transtulit
1268 654 1363 726 ¹⁴¹,
1415 666 1477 713 et
1520 656 1795 715 humanae
1825 658 1975 714 vitae
2003 657 2139 714 vitia
2167 658 2467 735 increpans
2498 658 2572 716 ab

537 738 906 801 admiratione
937 741 1150 818 incipit.
1208 739 1361 798 Dicit
1404 751 1590 799 antem
1639 741 1779 798 sibi:
1821 739 1970 799 Min’
2002 761 2106 820 pro
2150 743 2403 801 mihine?
2473 742 2573 801 Fi·

536 844 679 905 gura
711 820 1062 903 synaeresis.
1231 824 1381 884 Min’
1428 836 1492 883 tu
1534 827 1743 885 estad?
1800 824 1898 884 Sic
1942 826 2411 904 pronunciandum
2457 839 2571 899 est,

538 912 700 993 qnasi
744 910 815 969 de
859 930 924 970 re
966 931 1075 969 non
1121 907 1423 970 manifesta
1467 909 1677 969 audiat.
1845 912 2027 970 Nemo
2072 913 2361 985 Hercule,
2411 913 2576 972 affir-

536 1001 741 1057 mative
772 1006 833 1054 et
862 993 1282 1054 adverbialiter.
1452 997 1684 1054 Nemo?
1724 995 2047 1073 lutet-rogat
2075 995 2367 1056 admirans.

707 1086 769 1145 3.
811 1082 995 1141 Nemo
1055 1099 1194 1158 ergo
1249 1081 1299 1139 si
1342 1091 1509 1139 acuta
1550 1081 1774 1159 prima²
1811 1079 1982 1152 dicit,
2030 1081 2257 1141 Persius
2299 1081 2441 1142 dicit
2482 1084 2583 1142 vel

537 1170 652 1228 duo
684 1167 903 1226 lecturi
934 1175 1145 1224 erunt.-
1189 1175 1248 1224 et
1291 1184 1417 1225 cnm
1459 1168 1801 1245 repetitione
1844 1166 2029 1225 intulit
2058 1168 2157 1226 vel
2181 1178 2241 1226 et
2266 1170 2397 1249 qnia
2427 1168 2576 1228 bane

535 1254 794 1314 vitiorum
826 1253 1115 1311 materiam
1147 1248 1362 1309 dubitat
1392 1253 1559 1310 etiam
1592 1271 1627 1310 a
1655 1253 1852 1331 paucis
1881 1252 1994 1331 legi
2014 1296 2031 1324 ‚
2078 1254 2404 1314 intercisive
2437 1252 2577 1311 dixit

539 1340 636 1400 vel
649 1383 669 1410 ,
716 1358 827 1397 non
872 1335 1119 1407 addens,
1168 1356 1344 1407 nnus,
1389 1336 1482 1397 vel
1522 1348 1663 1397 tres.
1834 1339 2039 1397 Nemo.
2100 1337 2363 1398 Persistit
2388 1341 2449 1398 in
2480 1360 2573 1410 eo,

537 1422 689 1506 qnod
716 1423 885 1482 dixit:
930 1424 1115 1481 Nemo
1142 1422 1421 1481 Hercule.
1601 1424 1796 1501 Turpe
1835 1433 1899 1482 et
1934 1424 2309 1483 miserabile!
2358 1425 2573 1504 Turpe,

536 1513 585 1570 si
614 1509 755 1580 dno,
788 1518 848 1569 et
874 1508 1229 1579 miserabile,
1272 1508 1322 1565 si
1352 1527 1549 1579 nemo,
1581 1517 1642 1567 et
1670 1509 1831 1586 quasi
1862 1509 2098 1586 corrigit
2127 1508 2402 1568 dicendoz

481 1596 594 1659 f
705 1599 766 1656 ⁴.
817 1595 1065 1670 Quare?
1119 1612 1192 1652 ne
1221 1593 1372 1652 milei
1399 1590 1756 1669 Polydamas
1778 1634 1796 1664 ,
1829 1591 1886 1652 id
1916 1603 2041 1664 est,
2076 1594 2400 1654 multinuba.
2463 1594 2577 1654 Po-

536 1678 792 1761 lydamas
838 1689 1025 1738 antem
1069 1676 1260 1748 Nero,
1302 1677 1452 1758 qnod
1494 1679 1678 1738 multis
1708 1680 1893 1757 nupsit
1925 1683 1988 1753 ὅς
2037 1690 2135 1737 aut
2162 1679 2313 1759 qnod
2345 1680 2574 1741 timidus

535 1776 597 1827 et
638 1764 876 1824 imbellis
918 1764 1057 1836 fuit,
1100 1774 1163 1821 nt
1204 1762 1350 1842 apud
1399 1764 1698 1824 Homerum
1730 1761 2012 1823 inducitur
2039 1763 2404 1845 Polydamas.

543 1852 860 1923 Troiades,
908 1848 1145 1908 Romani
1173 1851 1543 1927 accipiuntur.
1604 1849 1719 1909 Alii
1750 1847 2157 1928 Polydamanta
2199 1853 2390 1931 populi
2443 1872 2572 1930 per-

534 1956 728 1996 sonam
761 1936 1068 2012 accipiunt‚
1112 1953 1256 2014 quae
1288 1936 1494 2015 loquax
1524 1945 1616 1993 est
1644 1945 1705 1994 et
1733 1938 1955 2013 inepta,
1997 1937 2308 1995 cuiusmodi
2339 1950 2572 1996 naturae

535 2023 642 2081 fuit
672 2019 1042 2100 Polydamas=
1088 2019 1366 2081 Troiades
1398 2039 1536 2081 vero
1567 2021 1900 2081 nobiliores.
2078 2023 2105 2053 ‘
2129 2024 2235 2082 La
2254 2025 2568 2092 beonem,

535 2109 701 2189 qnia
746 2106 993 2166 Labeo
1038 2108 1445 2166 transtulit
1485 2103 1724 2166 Iliada
1769 2116 1844 2166 et
1885 2104 2293 2184 Odysseam
2325 2114 2390 2180 ⁴,
2420 2127 2574 2168 ver-

534 2194 693 2254 bum
737 2212 827 2253 ex
872 2191 1132 2263 verbo,
1178 2190 1506 2253 ridicule
1555 2193 1773 2263 satis,
1818 2189 2002 2271 qnod
2044 2192 2274 2252 verba
2322 2196 2571 2273 potins

534 2299 738 2360 qnam
785 2295 1078 2336 sensnm
1125 2288 1433 2336 secutus
1479 2278 1599 2336 sit.
1686 2277 1870 2337 Eius
1911 2287 2032 2337 est
2074 2276 2212 2337 ille
2256 2298 2568 2339 versus:

619 2360 925 2424 Crudum
968 2360 1369 2424 manduces
1415 2362 1804 2437 Priamum,
1857 2361 2289 2444 Priamique
2340 2366 2571 2446 pisin-

1854 2454 2052 2509 nos.⁵
2081 2455 2109 2484 ⁶

532 2723 557 2778 1
598 2722 704 2775 Boe
739 2722 985 2774 sebol.ad
1005 2721 1130 2773 vs.l
1165 2719 1491 2840 {efferendum
1528 2719 1732 2788 putavit
1759 2716 2567 2785 G.Pinzgorusiaten.1.iuztg.

597 2807 649 2844 a.
691 2792 823 2844 1823
862 2808 914 2842 n.
953 2792 1018 2843 77
1056 2805 1105 2856 p.
1147 2791 1168 2842 l
1217 2793 1267 2842 0.

527 2863 563 2917 2
599 2861 855 2912 adiuncta
875 2874 1109 2926 persona
1143 2857 1319 2911 Vinet.
1360 2860 1411 2909 in
1449 2874 1549 2922 mg.

528 2931 560 2984 3
598 2930 848 2981 Sinnerns
894 2929 1072 2988 (catal.
1117 2927 1263 2977 codd.
1312 2928 1439 2978 bibl.
1482 2929 1729 2979 Beruens.
1773 2924 1792 2978 l
1833 2942 1883 2992 p.
1925 2928 2023 2979 554
2041 2925 2145 2994 sq.)
2195 2941 2260 2976 ex
2299 2924 2569 2990 Ugntionis

593 3001 706 3051 sive
755 2997 1062 3062 Engecionis
1110 2997 1443 3048 vocabulario
1490 3004 1622 3047 msto
1678 2998 1801 3047 baec
1841 2995 2017 3046 affert:
2085 2994 2215 3055 „Fit
2268 2995 2389 3045 bine
2435 2995 2572 3046 Poli-

596 3069 774 3120 damns
822 3067 873 3117 id
923 3074 1005 3118 est
1054 3065 1335 3116 multicnba
1398 3067 1526 3129 (leg.
1572 3065 1902 3126 multinuba)
1963 3072 2015 3114 et
2065 3064 2435 3128 multigamus,
2488 3066 2569 3131 qni

593 3138 785 3189 multas
821 3136 978 3186 babet
1014 3148 1228 3194 uxores,
1278 3135 1416 3185 sicut
1451 3134 1550 3185 l'nit
1584 3131 1750 3194 Nero,
1803 3133 1893 3198 qui
1927 3133 2097 3183 dictus
2133 3141 2213 3184 est
2250 3132 2568 3194 Pelidamas,

596 3222 712 3257 nam
748 3206 943 3256 dicitnr
979 3205 1062 3254 vir
1097 3202 1259 3254 fuisse
1293 3205 1514 3254 omnium
1552 3203 1823 3255 mulierum
1860 3209 1915 3253 et
1949 3203 2136 3252 mulier
2170 3203 2396 3252 omnium
2432 3204 2568 3253 viro·

596 3290 728 3327 rum.
791 3273 934 3325 Unde
983 3271 1226 3322 Persius:
1280 3270 1362 3323 Ne
1396 3274 1531 3321 milui
1563 3271 1874 3322 Poetdamas
1897 3276 1952 3321 et
1991 3270 2249 3322 Troiades
2269 3270 2569 3322 Labeonem

583 3341 1023 3412 praetulerint.“
1110 3340 1252 3405 Quae
1303 3340 1480 3391 eadem
1541 3340 1790 3403 leguntur
1848 3341 1977 3406 npnd
2042 3340 2115 3390 lo.
2169 3354 2198 3389 a
2235 3339 2418 3390 lanua.
2480 3339 2569 3389 Pa·

593 3414 734 3480 pias:
779 3408 1149 3478 „Polydamas
1172 3408 1224 3459 id
1262 3418 1343 3461 est
1379 3409 1687 3473 multinuba,
1724 3408 1809 3478 qui
1845 3409 2032 3459 multas
2058 3415 2229 3468 amat,
2265 3423 2386 3472 gen.
2405 3409 2570 3477 poly-

592 3482 929 3532 damantis.“

523 3551 558 3600 4
591 3550 823 3602 Iliadum
860 3554 918 3599 et
951 3546 1019 3601 m
1054 3562 1212 3597 :ceam
1245 3546 1330 3600 ed.
1372 3563 1450 3615 pr.

524 3619 555 3669 5
583 3620 867 3686 phisingos
907 3617 962 3668 P.
1005 3563 1124 3667 ὕίιι.
1191 3615 1393 3666 Homeri
1443 3630 1523 3666 vs.
1573 3622 1655 3665 est
1707 3612 1769 3664 11.
1818 3607 1871 3676 ὃ,
1911 3615 2010 3666 35:
2059 3607 2213 3678 ὤμόν
2252 3609 2571 3682 βεβρώθοις

589 3687 847 3755 Πρίαμον
872 3679 1149 3753 Πριάμοιό
1178 3701 1236 3734 τε
1267 3678 1488 3738 παῖδας.
1526 3681 1610 3733 ΕΙ.
1650 3680 1868 3733 Vinctus
1905 3684 1955 3733 in
1992 3683 2146 3747 epist.
2183 3683 2248 3733 ad
2288 3682 2342 3733 P.
2382 3682 2571 3734 Danie-

590 3755 727 3818 lem,
763 3769 913 3822 qnam
952 3755 1003 3804 in
1040 3754 1414 3820 prolegomenis
1452 3754 1701 3816 integram
1740 3752 1919 3817 posui,
1968 3752 2042 3802 ita
2080 3752 2173 3801 boc
2208 3752 2376 3802 schol.
2418 3752 2571 3803 affert

590 3840 656 3874 ex
690 3825 866 3875 codice
937 3821 1007 3872 lo.
1060 3821 1206 3873 Tillii
1244 3822 1544 3873 Brionensis
1591 3821 1843 3886 episcopi:
1895 3819 2110 3879 „Labeo
2158 3828 2307 3885 poeta
2345 3820 2568 3872 Latinus

592 3892 728 3956 fuit,
817 3900 878 3944 nt
939 3889 1250 3953 Fulgentius
1311 3892 1363 3941 in
1426 3890 1560 3941 libro
1620 3897 1672 3939 et
1715 3888 2045 3951 mologiarum
2107 3890 2218 3950 ait,
2300 3891 2392 3954 qui
2456 3906 2570 3941 ear-

589 3977 702 4014 men
754 3969 807 4013 et
856 3975 980 4026 opus
1031 3959 1332 4010 Homericon
1384 3960 1549 4009 vertit
1594 3959 1644 4006 in
1726 3958 1923 4008 atinum
1967 3965 2019 4007 et
2045 3956 2238 4023 placuit
2274 3973 2375 4010 non
2405 3961 2569 4022 magis

589 4031 914 4082 auditoribus
948 4042 1099 4094 qnam
1134 4028 1437 4078 lectoribus.
1488 4026 1618 4078 Eins
1641 4041 1822 4077 versus
1846 4034 1958 4078 est:
2004 4025 2239 4077 Crudum
2276 4027 2569 4077 manduces

589 4101 871 4154 Priamum
897 4097 1254 4163 Priamusque
1279 4097 1598 4164 pisinnus.“
1637 4094 1717 4146 Cf.
1741 4094 1860 4148 lsid.
1880 4095 2045 4161 origg.
2067 4092 2177 4145 Xs.
2199 4110 2250 4145 v.
2285 4099 2563 4161 pisinum.
