2764 4738
749 451 823 514 A.
872 438 1113 514 PERSII
1154 449 1434 513 FLACCI
1477 451 1683 514 VITA.
2110 449 2239 517 239

359 622 453 684 Ad
483 622 530 681 1.
573 623 793 684 Auctor
820 625 931 684 iste
962 626 1186 684 nomine
1212 622 1393 684 Aulus
1427 623 1657 684 Persius
1688 621 1929 681 Flaccus
1955 665 1972 693 ,
2003 624 2231 685 natione

186 710 416 770 Tuscus
461 709 593 781 suit3
641 719 733 769 est
773 711 920 769 enim
961 720 1129 769 natus
1172 711 1229 768 in
1272 709 1502 768 Etruria
1530 707 1861 779 Vulturis,*
1908 726 2084 788 eques
2117 709 2231 769 Ro·-

185 814 421 865 manus,
465 813 683 873 genere
726 795 1108 865 clarissimus,
1154 795 1426 854 affinitate
1459 795 1619 874 primi
1663 791 1873 852 ordinis
1915 795 2053 853 viris
2095 814 2231 854 eou-

185 883 436 951 iunetns,
467 881 715 940 carmine
747 882 1031 940 satiricus.
1074 880 1258 939 Natus
1290 878 1470 959 pridie
1502 898 1678 937 nonas
1694 878 2027 938 Decembris
2053 879 2230 939 Fabio

187 965 429 1026 Persico
471 964 700 1024 Vitellio
742 965 1034 1046 Lucioque
1066 966 1424 1036 consulibus,
1469 963 1721 1025 decessit
1749 963 1802 1021 a’
1849 976 2050 1023 octavo
2082 964 2230 1023 Kall.

185 1050 529 1111 Decembris
560 1070 707 1109 anno
737 1054 943 1110 aetatis
976 1070 1114 1111 suae
1158 1053 1481 1129 trigesimo,
1528 1052 1666 1109 vitio
1699 1049 2003 1121 stomachi,
2051 1048 2231 1109 Rubio

183 1134 372 1196 Mario
418 1136 651 1195 Assinio
698 1135 879 1194 Gallio
925 1136 1247 1196 consulibus
1293 1134 1364 1195 ad
1406 1146 1660 1195 octavum
1706 1135 1998 1194 miliarium
2042 1136 2097 1193 in
2140 1136 2232 1195 via

186 1222 378 1302 Appia
423 1223 477 1280 in
520 1219 767 1300 praediis
811 1223 954 1282 suis.
1028 1220 1200 1281 Pater
1242 1223 1365 1281 eius
1412 1223 1663 1280 consorti
1708 1221 1945 1279 nominis
1989 1220 2231 1280 Flaccus

185 1309 441 1366 moriens
487 1305 724 1366 eundem
771 1306 1028 1366 Persium
1073 1307 1336 1385 pupillum
1381 1308 1607 1386 reliquit
1647 1325 1916 1365 annorum
1948 1306 2073 1365 sere
2106 1325 2231 1368 sex.

187 1393 391 1452 Fulvia
436 1390 675 1451 Sisenna
721 1401 902 1451 mater
943 1391 1126 1451 Persii
1173 1394 1361 1471 nupsit
1406 1394 1607 1451 marito
1638 1411 1742 1451 suo
1772 1391 1982 1450 Flacco
2013 1402 2232 1451 mortuo

189 1476 414 1536 cuidam
445 1476 618 1557 equiti
652 1476 903 1536 Romano
923 1519 941 1549 ,
984 1479 1080 1556 qui
1109 1477 1313 1537 Fusius
1345 1475 1674 1549 dicebatur,
1719 1479 1811 1556 qui
1840 1477 2099 1537 Persium
2130 1497 2234 1537 ex-

190 1564 322 1621 tulit
364 1564 514 1620 intra
555 1581 771 1642 paucos
814 1583 1012 1621 annos.
1075 1562 1411 1642 Studuitque
1454 1562 1685 1622 Persius
1718 1582 1896 1642 usque
1928 1560 1998 1620 ad
2030 1582 2232 1622 anuum

191 1647 298 1707 ΧΠ
329 1650 537 1707 aetatis
569 1667 707 1707 suae
738 1648 1012 1718 Vulturis,
1049 1646 1178 1707 inde
1209 1648 1422 1707 Romae
1455 1646 1601 1727 apud
1631 1649 2050 1726 grammaticum
2082 1646 2235 1707 Ren-

195 1734 342 1792 nium
387 1732 752 1793 Palamonem
799 1743 859 1792 et
902 1731 1048 1812 apud
1090 1733 1374 1793 rhetorem
1420 1732 1736 1811 virginium
1784 1733 2029 1792 Flavum.
2098 1732 2235 1793 Cum

197 1828 357 1878 esset
415 1838 685 1877 annorum
750 1822 825 1880 16
889 1820 1019 1891 (sic)
1081 1817 1324 1878 amicitia
1372 1821 1562 1897 coepit
1600 1819 1682 1877 uti
1727 1819 1892 1877 amici
1937 1820 2234 1891 (Annaei)

198 1903 469 1974 Cornuti,
515 1906 593 1962 ita
637 1914 698 1962 ut
741 1924 1017 1983 nunquam
1063 1905 1133 1963 ab
1178 1924 1249 1963 eo
1297 1902 1622 1963 discederet
1665 1902 1887 1963 indutus
1936 1904 2234 1976 (bubulus)

197 2008 420 2069 quoque
466 1986 859 2067 aliquantulum
905 1989 1279 2068 philosophia.
1346 1988 1577 2048 Amicos
1610 1989 1801 2049 habuit
1830 2008 1864 2048 a
1890 1991 2068 2067 prima
2099 1988 2239 2049 ado-

199 2075 478 2134 lescentia
518 2072 747 2133 Cesinm
779 2074 1013 2133 Bassum
1046 2087 1270 2153 poetam
1303 2086 1362 2134 et
1393 2074 1734 2133 Call'uruium
1778 2073 2099 2147 staturam,
2144 2076 2236 2155 qui

201 2158 435 2218 Statura
477 2161 605 2218 vivo
654 2159 853 2219 Persio
895 2161 1114 2218 iuvenis
1147 2162 1425 2238 migravit.
1493 2160 1677 2219 Coluit
1706 2170 1766 2219 ut
1795 2171 2011 2239 patrem
2044 2162 2238 2221 Servi·

200 2246 328 2303 lium
371 2244 819 2315 Momentanum3
879 2247 1144 2323 cognovit
1185 2265 1291 2324 per
1335 2244 1636 2304 Cornutum
1682 2248 1916 2304 amicum
1964 2258 2025 2305 et
2053 2246 2238 2305 Luca-

201 2350 363 2400 num,
412 2330 643 2412 probum
675 2332 883 2401 virum,
937 2350 1282 2411 aequaevum
1332 2341 1392 2390 et
1433 2329 1742 2390 adiutorem
1777 2331 2030 2393 Cornuti.
2094 2330 2235 2392 Nam

202 2416 482 2475 Cornutus
512 2417 606 2474 illo
638 2426 898 2495 tempore
932 2428 1201 2495 tragycus
1237 2417 1341 2474 l'uit
1372 2428 1569 2476 sectae
1599 2419 1895 2494 poeticae,
1944 2420 2035 2498 qui
2069 2419 2241 2477 libros

201 2502 590 2580 philosophiae
653 2502 895 2581 reliquit.
973 2501 1089 2562 Sed
1148 2502 1413 2561 Lucanus
1474 2500 1619 2561 adeo
1679 2503 1986 2562 mirabatur
2030 2505 2240 2581 scripta

202 2587 420 2657 Persii,
474 2597 534 2645 ut
574 2588 669 2646 vix
713 2592 990 2646 retineret
1034 2607 1098 2647 se
1144 2589 1477 2647 recitantem
1509 2589 1720 2665 scripta
1751 2590 1873 2647 eius
1904 2607 1939 2648 a
1970 2589 2240 2647 clamore.

201 2673 275 2731 Et
305 2682 364 2731 ut
396 2669 613 2750 quidam
648 2669 870 2742 dicunt,
917 2674 1071 2750 prins
1103 2673 1285 2732 Basso
1316 2672 1558 2732 docente
1601 2670 1823 2744 didicit,
1869 2684 2070 2751 postea
2102 2694 2240 2733 vero

203 2757 554 2836 disciplinam
600 2760 722 2816 eius
769 2759 926 2836 egiss
961 2762 1055 2830 (Τ)
1105 2770 1164 2818 et
1208 2756 1278 2817 ad
1323 2758 1629 2817 Cornutum
1661 2759 1826 2817 alium
1857 2758 2147 2817 doctorem
2178 2777 2240 2816 se

203 2842 522 2913 transtulit3
566 2841 713 2901 unde
745 2843 814 2902 ad
847 2854 1140 2923 utrumque
1171 2845 1401 2902 istorum
1444 2854 1694 2917 satyram
1741 2845 1998 2921 scripsit,
2046 2844 2244 2921 penul-

204 2930 392 2986 timam
439 2927 719 2999 Cornuto,
766 2928 1009 2987 ultimam
1054 2949 1192 2987 vero
1235 2929 1439 2987 Basso.
1510 2929 1637 2987 Fuit
1679 2947 1894 2987 morum
1928 2928 2244 2987 lenissimo-

204 3033 358 3081 rum,
405 3012 785 3073 verecundiae
818 3014 1140 3091 virginalis,
1190 3015 1406 3073 formae
1437 3013 1739 3091 pulchrae,
1789 3014 2016 3091 pietatis
2048 3016 2244 3084 mirae,

204 3097 478 3177 pudicus,
524 3117 664 3176 erga
697 3109 965 3168 matrem,
1012 3118 1245 3158 sorores
1277 3110 1338 3158 et
1366 3101 1587 3157 amitam
1622 3100 1725 3157 fuit
1768 3098 1937 3176 frugi.
2001 3099 2246 3179 Reliquit

205 3186 359 3243 circa
400 3187 527 3245 200
573 3186 838 3242 sestertia
882 3186 1046 3242 matri
1089 3195 1148 3243 et
1179 3185 1503 3254 sororibuS,
1550 3186 1776 3263 scriptis
1808 3195 1993 3244 tamen
2027 3184 2095 3243 ad
2129 3204 2246 3243 ma-

203 3279 350 3327 trem
382 3266 654 3327 codicillis
687 3269 1032 3346 [sestertium
1067 3281 1156 3329 est
1186 3289 1292 3328 una
1339 3269 1479 3328 libra
1513 3281 1572 3328 et
1601 3272 1769 3330 tertia
1811 3291 1946 3350 pars
1991 3271 2246 3348 alterius]

205 3354 432 3431 rogavit
459 3364 693 3412 matrem
726 3364 786 3413 et
815 3374 1046 3413 sorores
1066 3398 1083 3425 ,
1126 3366 1188 3413 ut
1216 3353 1417 3414 darent
1448 3356 1695 3413 Cornuto
1728 3359 1999 3434 magistro
2032 3376 2133 3415 suo
2165 3360 2248 3418 90

207 3441 509 3510 sestertia,
557 3449 649 3510 et,
693 3450 752 3497 ut
796 3440 889 3497 alii
937 3440 1158 3510 volunt,
1205 3440 1328 3518 plus
1376 3451 1436 3499 et
1480 3438 1729 3518 pondera
1774 3443 1994 3518 argenti
2038 3441 2149 3499 XX
2191 3452 2249 3500 et

206 3525 381 3583 libros
414 3524 571 3583 cirea
599 3528 682 3586 40
716 3525 957 3603 Crisippi
990 3526 1110 3583 sive
1143 3525 1535 3584 bibliothecam
1584 3546 1738 3583 suam
1784 3537 1976 3584 totam.
2035 3525 2249 3585 Verum

206 3629 241 3668 a
274 3606 529 3669 Cornuto
571 3609 806 3667 sublatis
855 3610 1010 3669 libris
1057 3613 1346 3689 pecuniam
1394 3610 1620 3690 reliquit
1660 3613 1821 3669 matri
1853 3621 1912 3669 et
1942 3612 2249 3680 sororibuS,

208 3714 349 3773 quas
378 3696 504 3771 ipse
536 3693 767 3754 Persius
801 3696 906 3753 sibi
937 3693 1185 3755 heredes
1218 3696 1460 3755 fecerat.
1517 3695 1757 3773 Scripsit
1800 3716 1931 3755 raro
1964 3708 2023 3756 et
2055 3695 2249 3764 tarde3

210 3779 355 3838 hunc
387 3782 567 3857 ipsum
602 3780 797 3838 librum
830 3781 1219 3859 imperfectum
1253 3781 1510 3860 reliquit3
1556 3800 1759 3840 versus
1801 3782 2012 3860 aliquot
2042 3780 2251 3860 dempti

211 3875 341 3923 sunt
372 3866 563 3922 ultimo
595 3865 773 3935 libro,
820 3885 995 3945 quos,
1042 3867 1200 3945 quasi
1231 3867 1487 3924 finiturus
1520 3877 1712 3937 esset,
1759 3866 1963 3926 leviter
2003 3870 2255 3926 correxit

213 3948 495 4009 Cornutus
528 3959 588 4009 et
618 3948 822 4010 Caesio
848 3951 1049 4009 Bassio
1080 3953 1314 4031 petenti,
1349 3963 1409 4010 ut
1439 3953 1559 4030 ipse
1591 3949 1794 4011 ederet
1823 3949 2050 4010 tradidit
2079 3950 2254 4012 eden-

212 4068 232 4087 ‘
267 4066 320 4118 ln
357 4082 523 4131 marg.
563 4068 860 4119 adnotatum
898 4074 1007 4118 est=
1048 4066 1155 4118 Hae
1189 4065 1485 4128 Vulturae,
1536 4070 1716 4119 harum
1753 4068 2125 4136 Vultnrarum,
2167 4087 2255 4122 no·

280 4151 392 4188 men
430 4137 663 4188 civitatis
700 4138 751 4188 in
787 4137 1034 4199 Etruria,
1072 4151 1200 4202 quae
1237 4145 1319 4188 est
1353 4152 1475 4205 pars
1510 4136 1749 4190 Tusciae.
