2764 4738
869 425 1035 485 SAT.
1069 426 1139 499 11,
1176 432 1204 488 1
1242 460 1325 472 —
1356 430 1418 488 3.
2086 418 2210 486 119

352 594 407 654 Si
437 597 560 676 quis
591 594 820 656 diversa
851 598 1186 675 scriptorum
1230 594 1466 656 eandem
1499 616 1617 657 rem
1665 598 2015 656 tractantium
2048 597 2210 673 inge·

207 683 283 740 nia
308 700 648 759 cognoscere
679 683 867 760 cupit,
899 683 948 740 is
977 679 1148 741 adeat
1175 679 1527 741 Alcibiadem
1558 682 1627 750 11,
1659 684 1752 762 qui
1784 684 1934 740 inter
1962 680 2208 738 Platoni-

203 785 286 825 ωε
311 765 556 845 dialogos
587 777 851 826 servatus
882 777 994 839 est,
1025 767 1259 826 Luciani
1291 768 1572 848 navigium
1603 779 1643 826 t.
1673 767 1750 827 111
1781 788 1835 846 p.
1855 770 1979 828 247
2011 763 2101 824 ed.
2122 764 2208 839 R„

204 850 451 911 luvenalis
483 854 715 910 satiram
747 852 821 911 X.

307 936 388 996 De
442 938 762 1008 Macrino,
810 938 902 996 eui
964 935 1196 997 Persius
1242 937 1387 997 hanc
1434 938 1664 997 satiram
1709 937 2031 1016 inscripsit,
2078 934 2210 994 nihil

205 1033 368 1081 notum
410 1033 535 1092 est,
584 1033 820 1100 praeter
861 1022 1133 1100 paucula,
1176 1041 1323 1102 quae
1369 1023 1552 1083 schol.
1588 1020 1835 1081 tradidit.

303 1127 354 1165 v.
373 1113 400 1168 1
413 1111 559 1170 -3.
581 1107 743 1167 Diem
757 1108 998 1167 natalem
1016 1113 1368 1186 propriumet
1386 1109 1686 1168 amicorum
1706 1119 1957 1166 sanctum
1978 1108 2210 1165 festum-

199 1211 291 1269 que
317 1193 599 1251 habebant
627 1191 860 1251 Romani
893 1193 1056 1266 (Hor.
1084 1211 1258 1251 carm.
1298 1193 1395 1265 w,
1431 1199 1530 1264 11,
1567 1199 1663 1256 17.
1682 1193 1811 1252 Tib.
1833 1192 1930 1263 lv,
1964 1198 2020 1262 5,
2067 1199 2083 1252 Ι
2126 1212 2209 1270 sq.

196 1277 507 1350 luven.xll‚
531 1283 590 1350 1)
617 1288 679 1337 et
694 1279 852 1337 vario
869 1276 1033 1336 modo
1051 1278 1439 1338 celebrabant.
1475 1278 1562 1337 cf.
1583 1279 1647 1336 C.
1666 1278 1731 1337 F.
1754 1277 2055 1346 Scbubert,
2073 1277 2210 1334 «tiss.

195 1358 256 1419 dc
285 1362 477 1421 ritibus
507 1361 885 1422 Romanorum
928 1361 1255 1422 celebrandi
1299 1361 1423 1422 dies
1468 1363 1708 1422 nataleS.
1755 1363 1988 1421 Helmst.
2028 1365 2211 1424 1750.

198 1445 337 1505 [lona
366 1447 662 1507 mittebant
689 1451 879 1517 varia,
911 1458 971 1507 et
1001 1450 1048 1506 si
1095 1450 1187 1528 qni
1234 1449 1438 1508 litteris
1469 1448 1768 1516 vacabant,
1799 1449 1836 1506 ii
1869 1448 2045 1507 libros
2076 1448 2216 1505 ιιιιιί-

198 1551 369 1590 corum
400 1535 626 1592 nomine
672 1535 1009 1612 inscriptoS‚
1051 1535 1288 1592 natalitii
1319 1534 1513 1604 titulo,
1545 1545 1603 1591 nt
1633 1535 1713 1592 ait
1743 1534 2085 1591 Censorinus
2119 1530 2214 1602 (de

195 1615 275 1673 die
303 1628 410 1674 nat.
461 1623 555 1690 1),
601 1618 913 1676 mittebant.
960 1617 1049 1677 Cl'.
1093 1618 1328 1677 Lucian.
1375 1618 1634 1678 Macrob.
1668 1622 1727 1680 2.
1774 1617 1940 1677 Dion.
1989 1617 2110 1675 Hal.
2143 1614 2215 1676 de

192 1720 355 1779 comp.
386 1722 477 1760 w.
517 1708 544 1763 1
584 1701 658 1759 ib.
694 1700 932 1761 Schaef.
969 1723 1023 1779 p.
1054 1707 1113 1764 5.
1149 1703 1285 1762 Dies
1317 1704 1521 1762 natalis
1552 1723 1735 1762 annos
1763 1703 2052 1771 lubenter,
2089 1703 2213 1760 sine

190 1797 335 1842 certo
379 1785 704 1844 discrimine
747 1788 987 1845 fluentes
1038 1788 1141 1858 (cf.
1199 1786 1365 1865 Virg.
1421 1786 1637 1864 Georg.
1683 1787 1726 1856 1,
1759 1791 1857 1859 6),
1910 1788 2001 1866 qui
2033 1806 2107 1844 ex
2138 1806 2214 1843 eo

193 1880 538 1928 numerantur
568 1881 629 1928 et
673 1870 1033 1939 ordinantur,
1080 1873 1324 1949 apponit.
1378 1873 1709 1940 Candzdus,
1757 1869 1902 1949 quod
1935 1870 2219 1946 significat

192 1953 270 2022 id,
323 1939 476 2034 quod
513 1957 711 2013 nitenti
757 1953 993 2034 quadam
1037 1954 1164 2015 luce
1210 1955 1498 2033 perfusum
1558 1966 1649 2014 est
1693 1952 1884 2025 (Serv.
1931 1953 2001 2011 ad
2050 1954 2215 2030 Virg.

194 2037 389 2116 Georg.
420 2039 518 2109 111,
550 2044 680 2110 82),
710 2041 855 2099 sicut
894 2037 966 2099 de
1011 2039 1266 2098 omnibus
1298 2051 1633 2119 usurpatur,
1665 2059 1810 2118 quae
1841 2057 2116 2118 prospera
2147 2058 2217 2096 ac

192 2125 325 2183 laeta
356 2135 488 2183 sunt
519 2125 670 2194 (Tib.
716 2125 811 2195 ΠΙ,
861 2129 921 2195 6,
952 2127 1036 2187 30
1065 2127 1320 2184 candzda
1334 2123 1507 2204 fata)
1528 2168 1544 2194 ,
1593 2129 1669 2183 ita
1700 2126 1989 2202 aptissime
2021 2121 2091 2181 de
2123 2121 2215 2182 die

192 2207 413 2279 dieitur,
460 2212 554 2289 qui
595 2210 869 2269 laetitiam
912 2209 1080 2268 affert
1110 2209 1363 2281 (Petron.
1418 2215 1584 2280 127),
1616 2207 1763 2268 unde
1797 2207 2024 2268 Ovidius
2055 2208 2215 2280 (Her.

191 2293 328 2358 xvi.
347 2299 499 2366 318)
518 2296 627 2353 ait:
658 2292 1006 2365 „Candidior
1020 2293 1200 2355 medio
1218 2316 1332 2353 nox
1352 2298 1463 2354 erit
1493 2295 1581 2353 illa
1614 2294 1772 2353 die.“
1820 2292 2031 2352 Eodem
2052 2291 2216 2350 modo

191 2378 380 2439 Graeci
410 2375 629 2452 λευκὴν
651 2378 883 2459 ἡμέραν
913 2380 1123 2451 dicunt,
1155 2403 1207 2439 v.
1231 2379 1432 2440 Blomf.
1449 2383 1625 2459 gloss.
1644 2380 1862 2440 Aesch.
1884 2380 2049 2438 Pers.
2070 2383 2215 2441 306.-

190 2466 455 2524 Natalem
491 2467 803 2524 candidum
848 2478 1053 2524 vocant
1084 2466 1289 2524 Tibull.
1327 2467 1372 2538 1,
1407 2472 1466 2535 7,
1498 2471 1578 2528 63
1612 2486 1694 2544 sq.
1730 2463 1893 2525 Ovid.
1927 2465 2099 2523 Trist.
2144 2464 2217 2534 V,

190 2556 242 2621 5,
275 2555 350 2613 13
381 2571 492 2629 sq„
522 2550 617 2609 nbi
646 2552 848 2627 genius
880 2552 1085 2610 natalis
1116 2551 1533 2629 intelligendum
1584 2551 1740 2609 Diem
1773 2553 1944 2626 igitur
1974 2551 2216 2607 natalem

191 2638 417 2695 uelim-e
466 2637 676 2714 lapillo
707 2638 953 2713 signare
996 2636 1222 2695 iubetur
1266 2636 1573 2695 Macrinus.
1634 2636 1854 2694 Etenim
1890 2646 1949 2693 ιιι
1982 2634 2218 2712 Phylar-

189 2721 315 2779 chus
345 2721 600 2781 narravit
648 2719 824 2799 (apud
869 2722 1084 2780 Zenob.
1119 2741 1368 2799 paroem.
1414 2720 1511 2789 vl,
1546 2725 1644 2782 13.
1679 2718 1836 2778 Suid.
1867 2740 1915 2778 s.
1950 2741 2003 2780 v.
2037 2715 2216 2791 λευκὴ

189 2801 393 2887 ἡμέρα,
428 2806 505 2864 cf.
551 2805 735 2865 Lucbt
775 2804 847 2864 ad
878 2805 1039 2886 Phyl.
1074 2828 1129 2885 p.
1179 2811 1324 2879 134)
1359 2805 1610 2884 Scythae
1656 2808 1851 2885 quovis
1883 2805 2009 2874 die,
2056 2816 2222 2880 prout

190 2893 267 2950 vel
297 2893 509 2951 laetum
555 2891 649 2950 iel
692 2891 978 2950 infelicem
1024 2903 1371 2951 transactum
1403 2892 1748 2961 censebant,
1809 2890 2081 2948 calculum
2123 2900 2219 2947 aut

189 2976 358 3034 album
389 2988 491 3035 aut
520 2987 700 3034 atrum
732 2976 1037 3055 pharetrae
1056 2977 1444 3046 immittebant,
1477 2977 1567 3057 qui
1598 2987 1731 3055 post
1761 2986 1992 3033 mortem
2024 2994 2058 3032 a
2088 2993 2221 3051 pro-

190 3058 398 3139 pinquis
445 3061 978 3133 dinumerabatur,
1042 3072 1103 3121 et
1146 3063 1326 3121 simile
1368 3062 1500 3141 quid
1553 3059 1624 3120 de
1669 3061 1987 3119 Thracibus
2050 3056 2221 3117 tradit

190 3143 388 3205 Plinius
422 3145 517 3217 (H.
550 3146 623 3204 N.
655 3145 779 3216 vll,
809 3151 913 3218 40,
946 3152 1077 3217 41).
1117 3147 1273 3206 Hunc
1306 3166 1555 3217 morem,
1588 3157 1650 3204 ut
1679 3146 1785 3204 hoc
1819 3147 1944 3203 loco
1964 3144 2218 3214 Persius,

188 3230 256 3289 ita
282 3232 380 3290 alii
411 3229 785 3291 Romanorum
816 3232 1127 3310 scriptores
1159 3233 1489 3309 saepissime
1522 3242 1919 3310 respexerunt,
1970 3231 2048 3288 cf.
2074 3229 2215 3287 Plin.

189 3334 305 3394 epp.
337 3317 439 3386 VI,
475 3321 575 3387 11,
606 3320 669 3378 3.
716 3314 863 3376 Stat.
912 3315 1051 3374 Silv.
1100 3316 1198 3386 lv,
1244 3322 1304 3388 6,
1356 3321 1452 3379 18.
1495 3316 1669 3375 Mart.
1719 3316 1866 3387 Vlll,
1905 3320 2009 3386 45,
2049 3320 2110 3377 2.
2141 3313 2219 3381 Χ,

191 3404 280 3473 38,
309 3407 350 3464 4
382 3422 473 3481 aq.
502 3401 605 3472 xl,
634 3405 738 3472 36,
774 3407 831 3472 1,
861 3403 953 3481 qui
983 3402 1084 3473 lx,
1117 3407 1219 3472 52,
1249 3406 1288 3463 3
1322 3422 1409 3481 sq.
1442 3403 1552 3459 aitz
1600 3401 1807 3471 „Felix
1853 3412 2090 3481 utraque
2124 3401 2220 3458 lux

189 3483 414 3567 diesque
431 3488 595 3545 nobis
612 3488 1255 3565 Stgnandimetiortbus
1277 3488 1575 3565 lapz‘llz‘5.“
1610 3486 1756 3545 Prae
1789 3488 2000 3545 ceteris
2031 3496 2217 3543 autem

189 3569 266 3629 die
312 3572 484 3633 natali
529 3592 633 3632 auo
678 3573 915 3652 quisque
954 3575 1133 3649 genio
1166 3571 1560 3643 sacrificabat,
1620 3583 1680 3631 et
1733 3575 1959 3650 antiqno
1996 3568 2219 3650 quidem

191 3675 332 3717 nore
362 3660 500 3716 vino
529 3668 742 3716 tantum
774 3668 835 3716 et
863 3657 1050 3728 thure,
1081 3676 1266 3736 neque
1298 3676 1436 3716 vero
1467 3657 1674 3728 hostia,
1706 3658 1855 3737 quia,
1887 3668 1948 3715 ut
1978 3666 2221 3715 testatur

191 3738 361 3802 Varro
394 3740 568 3821 (apud
616 3742 911 3801 Censorin.
959 3746 1046 3814 2),
1077 3762 1150 3802 ea
1178 3742 1292 3814 die,
1334 3763 1444 3822 qua
1473 3744 1580 3821 ipsi
1627 3743 1806 3801 lucem
1839 3742 2220 3820 accepissent,

192 3825 549 3888 aliiademere
568 3827 868 3901 nolebant3
901 3828 979 3886 cf.
1013 3826 1150 3886 cod.
1183 3826 1645 3899 Theodos.XVl,
1682 3832 1780 3898 10,
1817 3831 1930 3889 122
1976 3826 2217 3899 „Nullus

194 3943 267 3955 —
305 3912 514 3973 Larem
560 3914 731 3991 igne,
789 3932 949 3973 mero
998 3916 1279 3986 Genium,
1344 3912 1590 3972 Penates
1649 3911 1846 3971 nidore
1891 3921 2217 3987 veneraturi,

195 3996 455 4059 accendat
487 3999 712 4070 lumina,
756 3999 1001 4077 imponat
1032 4009 1177 4069 tura,
1209 4010 1367 4059 serta
1398 3995 1767 4077 suspendat.“
1828 3995 1991 4069 Quod
2034 4009 2218 4055 tamen

196 4100 290 4142 non
319 4103 549 4164 semper
591 4084 672 4143 ita
714 4083 1072 4144 observatum
1121 4094 1239 4156 est,
1293 4085 1369 4143 cl'.
1405 4082 1758 4161 Hertzbcrg,
1818 4080 1889 4143 de
1921 4079 2026 4141 diis
2060 4080 2217 4139 Rom.
