2764 4738
526 387 651 458 126
1358 392 1528 455 SA'r.
1565 394 1636 467 11,
1668 397 1768 457 33.

522 559 885 623 avertendam
922 563 1437 638 effascinationem,
1480 584 1656 644 quare
1704 576 1815 625 tam
1846 564 2117 642 frequens
2162 583 2350 624 rerum
2380 565 2560 644 turpi·

523 649 768 709 cularum
801 668 936 708 usus
967 659 1127 721 erat,
1171 651 1264 729 qui
1295 652 1350 710 in
1382 652 1557 710 bullis
1592 653 1760 710 etiam
1792 652 2152 726 agnoscitur,
2181 669 2322 728 quas
2351 669 2560 729 puero-

522 753 641 793 rum
673 733 835 793 collis
880 733 1274 812 appendebant
1314 745 1392 808 (v.
1441 733 1511 793 ad
1541 736 1615 808 V,
1645 740 1773 806 31).
1827 734 2024 813 Itaque
2055 735 2245 793 talium
2275 746 2560 812 gestuum,

519 820 613 899 qui
643 820 982 879 obscoenam
1013 830 1075 879 et
1102 821 1262 879 simul
1292 822 1753 880 contumeliosam
1770 820 2236 897 significationem
2250 819 2558 891 habebant,

522 906 1012 984 frequentissimus
1052 906 1107 963 in
1153 905 1418 965 arcendis
1460 905 1975 965 effascinationibus
2005 924 2137 963 usus
2169 914 2314 975 erat,
2361 915 2424 962 ut
2453 905 2562 963 ho-

519 989 725 1070 dieque
742 989 885 1069 apud
903 989 1335 1069 Neapolitanos,
1365 993 1484 1071 qui,
1516 1003 1576 1050 ut
1605 991 1714 1050 hoc
1744 1001 1891 1061 utar,
1920 987 2328 1050 celeberrimos
2357 1001 2559 1067 gestus

520 1094 790 1135 cornuum
820 1085 882 1134 et
896 1075 986 1135 fici
1004 1073 1144 1155 (sar
1173 1079 1227 1135 le
1255 1095 1439 1135 corna
1459 1087 1520 1136 et
1547 1095 1715 1134 mano
1742 1075 1970 1153 insta-a)
2003 1075 2075 1133 ab
2106 1077 2349 1155 antiquis
2379 1073 2559 1133 tradi-

518 1171 611 1219 tos
655 1162 709 1219 in
741 1171 1031 1240 utramque
1079 1172 1293 1240 partem
1324 1158 1613 1233 adhibent,
1644 1159 1715 1221 ad
1745 1180 1977 1239 gravem
2009 1161 2263 1219 iniuriam
2294 1162 2557 1239 infligen-

520 1243 646 1305 dam
677 1256 737 1305 et
764 1244 835 1305 ad
852 1246 1331 1306 effascinatiouem
1349 1245 1673 1317 arcendam,
1703 1267 1757 1304 v.
1786 1246 1998 1305 Joriol.
2018 1246 2054 1303 Ι.
2087 1266 2142 1325 p.
2161 1249 2242 1308 89
2274 1266 2401 1325 sqq.
2434 1251 2556 1308 155

518 1329 1286 1495 1231,03“.:¹¹2;‚¹{2‘}3¹.‘1‘¹.23
1331 1332 1444 1480 ‘¹1¹3‘
1445 1344 1509 1480 1‘3
1553 1333 2558 1496 “34:32¹{.⁵.2:.¹;‘:5³3{,2.5⁰;⁵:12522¹:

733 1458 751 1488 s
1287 1460 1303 1476 ·
1493 1460 1510 1476 ·
1556 1460 1596 1488 99

518 1501 704 1559 medio
737 1502 962 1560 sustulit
1007 1503 1192 1580 digito
1238 1503 1592 1582 frontemque
1625 1503 1992 1581 repugnantis
2024 1504 2273 1580 εἰμεν*
2346 1502 2556 1560 Salina

517 1605 761 1667 quoque,
792 1588 952 1646 euius
981 1588 1089 1645 vim
1135 1587 1409 1667 quandam
1441 1588 1742 1648 salutarem
1772 1607 1968 1646 omnes
1999 1588 2125 1647 sere
2154 1586 2344 1666 populi
2374 1607 2560 1664 agno-

515 1682 683 1730 scunt
724 1691 905 1752 eaque
950 1682 1210 1752 tanquam
1253 1671 1530 1733 medicina
1573 1683 1803 1732 utuntur
1848 1672 2012 1742 (Plio.
2060 1672 2133 1732 fl.
2172 1671 2247 1730 N.
2286 1671 2559 1743 XXVIII.

521 1761 578 1827 1.
608 1761 686 1829 23
717 1762 778 1828 4,
808 1763 909 1830 7),
955 1759 1290 1836 praesertim
1334 1759 1392 1817 iu
1424 1755 1660 1835 magicis
1715 1755 2012 1817 adhibetur
2056 1758 2416 1828 cerimoniis,
2462 1759 2560 1816 ubi

515 1841 642 1900 fere
675 1852 767 1900 ter
794 1841 1089 1921 despuitur
1132 1845 1324 1916 (Varr.
1358 1843 1425 1902 R.
1471 1843 1540 1903 R.
1575 1844 1619 1915 1,
1648 1847 1710 1914 2,
1740 1847 1843 1905 27.
1886 1842 2010 1902 Tib.
2052 1842 2097 1914 1,
2137 1846 2199 1913 2,
2246 1847 2355 1905 55.
2388 1843 2556 1921 Virg.

517 1927 636 1986 Cir.
681 1931 827 1988 371.
874 1928 1042 2006 Prop.
1083 1928 1138 1988 V
1182 1928 1338 2007 [lv]‚
1399 1935 1474 1999 7,
1537 1933 1642 1991 37.
1704 1928 1929 1988 Petron.
1980 1932 2120 1991 131.
2180 1929 2259 1987 cf.
2321 1928 2556 2000 Grimm,

515 2011 806 2072 Deutsche
848 2013 1033 2090 Myth.
1079 2034 1132 2092 p.
1182 2019 1351 2081 634).
1414 2016 1724 2094 Praecipue
1767 2025 1988 2085 antem,
2036 2015 2085 2072 si
2141 2013 2266 2092 quis
2325 2015 2555 2073 nimium

515 2094 761 2175 optando
789 2098 882 2157 vel
909 2095 1187 2159 laudando
1217 2097 1478 2159 invidiam
1510 2118 1575 2159 se
1607 2101 1917 2159 suscitasse
1947 2097 2253 2171 metuebat,
2283 2100 2342 2158 in
2374 2100 2557 2158 sinum

514 2181 768 2261 spuendo
807 2182 951 2241 hauc
1007 2181 1421 2262 deprecabatur
1469 2185 1742 2256 (Theocr.
1788 2185 1888 2256 vl,
1932 2189 2013 2247 39
2054 2183 2130 2244 ib.
2188 2186 2368 2265 intpp.
2411 2184 2555 2244 Luc.
2622 2219 2625 2222 ·

515 2267 663 2346 apol.
708 2271 767 2329 6.
799 2270 985 2345 navig.
1030 2274 1127 2330 15.
1174 2270 1289 2329 Iuv.
1333 2270 1459 2342 Vll,
1511 2275 1631 2332 112
1662 2269 1738 2328 ib.
1771 2269 1998 2342 schah),
2028 2281 2087 2329 et
2118 2272 2347 2328 omnino
2379 2290 2557 2349 quae·

515 2372 737 2433 euuque
765 2353 910 2413 male
968 2356 1218 2415 ominata
1271 2353 1459 2417 videri
1490 2365 1752 2435 poterant
1793 2355 1884 2415 vel
1933 2356 2294 2428 fascinantia,
2336 2375 2411 2415 ea
2452 2352 2557 2416 de·

515 2439 794 2517 spuebant
825 2438 1029 2513 (Plaut.
1061 2439 1224 2500 Asin.
1255 2441 1300 2513 1,
1332 2447 1394 2510 2,
1425 2445 1528 2504 26.
1561 2441 1692 2500 Tib.
1727 2441 1770 2513 1,
1801 2445 1862 2512 2,
1885 2444 1986 2503 98.
2018 2440 2266 2501 Theocr.
2296 2440 2434 2512 XX,
2456 2447 2557 2504 11.

518 2523 809 2604 Theopbr.
841 2522 999 2585 char.
1038 2530 1160 2597 17).
1192 2527 1387 2605 ltaque
1420 2538 1568 2586 teste
1600 2525 1778 2585 Plinio
1811 2525 2095 2597 (XXVIII,
2126 2532 2187 2597 4,
2220 2531 2283 2600 7)
2331 2526 2562 2586 solebat

515 2620 608 2669 ter
650 2629 686 2669 a
740 2611 958 2669 nutrice
1017 2608 1217 2690 adspui
1273 2612 1460 2670 infans
1507 2612 1766 2671 extranei
1813 2611 2132 2670 interventu
2188 2622 2287 2670 aut
2330 2614 2380 2669 si
2421 2610 2558 2670 dor-

511 2691 691 2754 miens
723 2706 1099 2775 spectaretur.
1173 2695 1335 2769 Quod
1373 2694 1540 2756 modo
1586 2697 1931 2768 notavimus,
1971 2694 2027 2755 id
2071 2697 2161 2755 bic
2192 2717 2417 2776 quoque
2451 2718 2558 2757 usn

512 2780 686 2851 venit,
717 2791 778 2840 ut
815 2778 959 2840 idem
999 2779 1148 2860 quod
1194 2783 1471 2841 fascinum
1518 2792 1718 2841 arceat
1764 2784 1838 2841 sit
1879 2783 2046 2841 etiam
2095 2802 2263 2861 quam
2310 2783 2556 2843 maxime

509 2866 1001 2938 contumeliosum,
1059 2887 1183 2926 nam
1228 2887 1395 2946 quem
1442 2869 1566 2946 quis
1611 2886 1825 2926 summa
1868 2867 2103 2927 efficere
2153 2868 2271 2926 vult
2326 2868 2557 2939 iniuria,

510 2969 637 3010 eum
668 2954 949 3030 conspuit,
978 2952 1127 3012 undo
1160 2950 1230 3012 de
1261 2973 1508 3030 persona
1537 2951 1629 3011 vel
1660 2972 1747 3023 re,
1779 2971 1925 3032 quae
1971 2973 2096 3011 cum
2141 2964 2427 3012 contemtu
2458 2954 2557 3013 vel

509 3036 848 3095 contumelia
878 3038 1152 3108 reiicitur,
1181 3035 1391 3097 dicitur
1422 3039 1730 3115 despuere,
1762 3034 2149 3115 προσπτύειν,
2176 3034 2551 3120 meanti-etv,

511 3115 840 3220 eimardus
869 3123 990 3180 sim.
1026 3123 1265 3194 (Hemst.
1298 3123 1368 3182 sd
1399 3123 1541 3181 Luc.
1574 3122 1649 3181 D.
1683 3121 1767 3198 M.
1800 3121 1934 3191 XX,
1982 3123 2261 3201 2.1ntpp.
2299 3123 2553 3202 Hesyeb.

509 3224 560 3264 s.
591 3224 646 3263 v.
680 3200 976 3266 ἀπέπτυσε
1007 3203 1235 3286 λόγους.
1270 3208 1473 3267 Catull.
1504 3207 1574 3280 L,
1608 3211 1706 3269 19.
1726 3206 1889 3266 Pers.
1921 3206 2019 3278 lv,
2051 3206 2183 3286 35),
2214 3227 2555 3287 quamquam

507 3289 597 3349 bis
627 3291 820 3350 verbis
862 3311 1037 3370 saepe
1070 3313 1179 3351 non
1212 3294 1392 3353 solum
1424 3293 1762 3352 contumelia
1791 3289 2103 3364 indicatur,
2135 3290 2237 3351 sed
2270 3293 2419 3372 quod
2451 3312 2554 3353 res

505 3385 769 3455 tauquam
815 3387 1131 3455 portentum
1170 3390 1230 3438 et
1271 3380 1398 3438 mali
1456 3379 1654 3437 ominis
1707 3388 2066 3436 exsecratur.
2143 3375 2279 3437 Inde
2336 3378 2554 3438 salivas

505 3472 675 3520 vocat
706 3462 1004 3533 lustrales,
1039 3462 1185 3543 quod
1217 3484 1345 3523 voe.
1377 3484 1485 3522 non
1517 3466 1671 3542 cogit
1698 3483 1800 3533 ea,
1832 3483 1977 3542 quae
2009 3464 2099 3522 bic
2130 3461 2556 3536 deseribuntur,

506 3544 579 3606 ad
609 3546 756 3607 diem
789 3547 1074 3607 lusti-icum
1116 3551 1376 3621 rel'erre,
1425 3569 1548 3608 cum
1579 3567 1651 3607 en
1696 3550 1879 3626 potius
1925 3559 2332 3608 commemoret
2360 3559 2556 3627 poeta,

508 3650 654 3710 quae
686 3652 761 3691 ex
790 3632 1013 3711 vulgari
1045 3636 1450 3716 superstitione
1482 3634 1680 3693 facere
1724 3635 1946 3693 soleant
1973 3635 2365 3693 mulierculae.
2427 3633 2558 3693 Hoc

506 3713 671 3775 modo
701 3719 949 3796 tangitur
960 3716 1167 3795 frons
1214 3730 1276 3778 ut
1304 3718 1452 3798 apud
1483 3718 1711 3778 Petrou.
1744 3718 1781 3778 l.
1813 3719 1873 3790 l.,
1907 3738 2052 3798 quae
2082 3721 2255 3797 genio
2287 3716 2555 3778 dedicata

507 3811 634 3861 erat
666 3801 856 3875 (Serv.
889 3802 961 3862 ad
1004 3804 1167 3883 Vlrg.
1202 3805 1328 3866 Ecl.
1363 3805 1463 3877 vl,
1494 3809 1581 3875 3),
1611 3800 1759 3863 unde
1804 3815 1999 3875 erant,
2060 3805 2153 3884 qui
2208 3804 2399 3863 fronte
2444 3804 2553 3863 bo

505 3887 668 3946 minis
700 3889 957 3966 inspecta
986 3890 1174 3950 futura
1190 3889 1593 3969 praedicerent
1623 3892 2039 3968 (metoposcopae
2061 3890 2138 3949 cf.
2173 3887 2336 3948 Suet.
2355 3889 2471 3949 Tit.
2490 3894 2552 3952 2.

507 3971 651 4032 Pliu.
683 3972 928 4045 XXXV,
963 3978 1064 4047 10,
1095 3979 1199 4048 36,
1228 3980 1332 4038 88.
1364 3976 1479 4034 Ιιιν.
1511 3975 1609 4045 vl,
1643 3978 1812 4047 583).
1843 3974 2098 4035 Eundem
2127 3994 2344 4035 morem
2372 3985 2558 4036 testa·

509 4068 603 4118 tur
647 4060 818 4119 etiam
860 4058 1102 4120 Basilius
1145 4062 1203 4124 in
1245 4061 1479 4121 scholiis
1533 4056 1761 4121 ineditis
1805 4060 1878 4120 ad
1923 4060 2163 4140 Gregor.
2208 4059 2362 4121 Νη.
2407 4059 2558 4142 apud
