2764 4738
712 425 976 488 scum..
1022 426 1127 488 AD
1175 425 1344 488 sAT.
1387 425 1461 501 11,
1492 430 1791 492 25-29.
2122 422 2251 493 283

376 598 485 660 25.
531 596 784 676 Suffure
823 608 1010 658 autem
1054 617 1156 677 pro
1201 599 1453 659 fulmine.
1509 597 1601 658 Ex
1643 617 1717 658 eo
1747 598 1929 669 enin,
1974 594 2121 677 quod
2152 618 2250 658 se·

207 685 424 763 quitur,
484 683 818 761 intelligitur
859 681 1007 763 quod
1054 682 1364 762 praecedit.
1438 684 1670 743 Fulmen
1725 685 1874 744 enim
1934 682 2248 762 praecedit,

210 769 395 829 sulfur
422 769 711 848 sequitur,
743 780 802 829 ut
830 768 1102 846 Virgilius
1128 776 1180 827 ¹:

462 855 546 912 Et
573 855 794 914 circum
822 856 940 914 late
972 856 1101 913 loca
1132 852 1368 934 sufflare
1381 853 1654 933 sumant,

207 941 337 1020 quia
383 936 508 998 dum
555 940 762 1000 fulmen
804 938 1115 1010 ceciderit,
1162 940 1286 998 loca
1332 941 1515 1001 vicina
1545 937 1720 998 odore
1752 938 1985 998 sulfuris
2014 937 2250 1016 implen-

205 1036 322 1086 tur.
377 1022 533 1086 Unde
563 1043 798 1084 sacrum
835 1023 994 1084 dixit.

380 1113 484 1172 26.
527 1112 630 1170 An
682 1112 822 1187 quia
862 1130 979 1169 non
1004 1110 1214 1186 fibris.
1277 1109 1397 1170 Hoc
1436 1107 1605 1168 dicit:
1654 1106 1828 1167 Putas
1858 1106 1997 1168 deos
2027 1119 2248 1168 tuorum

206 1194 489 1255 scelerum
534 1195 771 1266 oblitos,
815 1197 946 1275 quia
989 1215 1099 1254 non
1148 1196 1305 1255 iaces
1351 1195 1673 1254 fulminatus
1719 1195 1774 1253 iu
1821 1194 1959 1254 lucis
1990 1191 2248 1254 bidenta-

205 1280 379 1340 lium?
433 1280 544 1339 ¹'In
598 1300 733 1340 usu
786 1281 968 1352 fuit,
1021 1291 1095 1339 ut
1149 1298 1470 1358 augures
1530 1279 1648 1339 vel
1693 1280 2089 1358 aruspices
2131 1277 2247 1339 ad-

204 1363 412 1426 ducti
499 1362 584 1425 de
668 1365 974 1425 Etruria
1055 1368 1297 1425 certis
1385 1364 1853 1444 temporibus
1935 1364 2248 1424 fulmina

203 1451 776 1528 transfigurata
832 1453 901 1512 in
960 1449 1255 1527 lapides
1319 1452 1515 1510 infra
1590 1460 1868 1509 terram
1938 1449 2249 1510 abscon·

201 1534 509 1606 derexit,
573 1538 783 1596 cuius
850 1537 1387 1614 impetratione
1425 1540 1450 1575 2
1508 1536 1617 1595 rei
1689 1554 1872 1595 oves
1931 1535 2248 1595 immola-

199 1620 339 1680 bau
360 1632 499 1681 tur.
532 1619 559 1647 *
633 1619 755 1683 Huc
800 1641 942 1699 ergo
988 1620 1159 1681 dicit:
1205 1621 1280 1680 Et
1322 1621 1452 1701 quia
1493 1619 1730 1680 necdum
1761 1630 1818 1679 te
1850 1620 2080 1680 fulmine
2111 1639 2247 1699 per-

201 1708 418 1767 culsum
463 1706 726 1785 sepelivit
766 1709 957 1768 caesis
1003 1707 1199 1765 bestiis
1242 1706 1540 1784 Ergenna‚
1580 1704 1712 1765 ideo
1754 1703 1983 1764 derides
2013 1705 2247 1767 lovem?

199 1794 526 1870 Ergennac
567 1811 770 1854 nomen
816 1792 1097 1871 aruspicis
1138 1792 1323 1851 fictum
1368 1789 1673 1850 secuudum
1721 1810 1929 1850 morem
1969 1790 2246 1851 Etruscu-

201 1897 326 1937 rum
362 1881 408 1936 ³.

373 1967 478 2025 27.
520 1963 809 2022 Bidental
832 1966 862 2002 ⁴
903 1971 1092 2021 autem
1135 1959 1265 2022 ideo
1295 1960 1499 2021 dicitur
1529 1960 1773 2032 fulmen,
1816 1970 1914 2019 aut
1942 1960 2072 2039 quia
2102 1957 2245 2020 duos

199 2044 406 2107 dentes
437 2046 676 2117 babeat,
707 2058 805 2106 aut
834 2058 992 2107 certe
1023 2045 1174 2127 quod
1204 2048 1257 2106 in
1289 2066 1361 2107 eo
1394 2047 1552 2117 loco,
1582 2046 1677 2105 ubi
1706 2044 2016 2117 ceciderit,
2046 2044 2245 2105 biden-

198 2143 290 2192 tes
333 2143 666 2193 mactentur.
727 2132 973 2195 Caetera
1018 2143 1203 2192 autem
1251 2133 1477 2210 fulgura
1519 2130 1771 2211 qualibet
1816 2130 2001 2190 hostia
2040 2149 2245 2209 procu-

197 2227 433 2290 rantur,
478 2215 583 2277 sed
614 2218 799 2276 omnia
828 2215 1057 2278 calcare
1091 2218 1255 2276 nefas
1289 2216 1528 2288 dicitur,
1578 2214 1707 2275 ideo
1737 2218 2071 2275 evitandum
2103 2213 2244 2274 dixit

196 2321 359 2363 esse.
543 2303 736 2362 Triste
776 2303 974 2374 iaces,
1024 2300 1082 2362 id
1127 2313 1251 2373 est,
1296 2300 1444 2383 quod
1493 2303 1609 2362 leto
1642 2312 1737 2361 tuo
1768 2301 1860 2360 alii
1892 2302 2085 2362 tristes
2117 2300 2243 2360 efli-

197 2390 440 2448 ciuntur.
499 2390 670 2448 Iaces
693 2431 711 2460 ‚
759 2391 889 2469 quia
932 2389 1202 2447 fulminati
1249 2409 1417 2469 supra
1464 2400 1670 2447 terram
1716 2388 1884 2466 positi
1928 2408 2037 2446 nou
2086 2406 2243 2446 man-

197 2472 405 2534 dantur
434 2475 762 2552 sepulturae
804 2478 845 2533 ⁵.
904 2473 1287 2533 ‘Bidenta
1310 2476 1338 2533 l
1377 2472 1665 2533 dicitur
1706 2474 1918 2532 locus
1960 2492 2184 2532 sacro
2216 2476 2244 2514 ⁶

197 2578 615 2639 percussus
673 2559 1023 2630 fulmine,
1080 2561 1196 2639 qui
1256 2557 1562 2618 bidente
1625 2558 1712 2617 ab
1754 2557 2240 2637 aruspicibus

194 2655 741 2716 consecratur,
802 2664 1007 2724 quem
1065 2645 1373 2704 calcare
1433 2645 1649 2704 nefas
1691 2652 1826 2703 est.
1850 2642 1878 2673 ⁸
1951 2643 2107 2720 Ergo
2152 2643 2240 2702 bis

194 2728 398 2789 eadem
444 2728 516 2790 de
558 2731 723 2790 coelo
766 2740 957 2800 tacta,
1001 2749 1147 2810 quae
1193 2730 1410 2809 expiari
1441 2749 1552 2788 non
1583 2739 1820 2806 possunt
1850 2728 1956 2786 nisi
1986 2726 2241 2800 bidente,

196 2813 483 2888 bidental·
548 2826 779 2876 caetera
822 2815 1104 2894 fulgurata
1148 2816 1432 2875 immolata
1484 2813 1735 2895 qualibet
1776 2813 1964 2873 hostia
2003 2823 2243 2874 tenean-

197 2911 295 2958 tur
331 2906 370 2961 ⁷.

369 2990 476 3049 29.
524 2988 662 3046 Aut
700 2986 975 3085 quidnam
1005 2996 1134 3057 cst,
1180 3005 1318 3064 qua.
1382 2983 1501 3044 Aut
1530 2982 1686 3044 dicas
1716 2984 1882 3108 mibi,
1926 3002 2037 3064 qua
2067 2983 2241 3044 confi-

195 3069 388 3132 dentia
420 3072 566 3132 tales
597 3074 820 3150 superis
852 3071 1026 3131 offers
1061 3074 1313 3150 preces?

199 3227 224 3277 1
264 3223 412 3290 Virg.
450 3223 582 3276 Aen.
621 3223 685 3288 n,
725 3224 846 3286 698,
889 3223 974 3273 ubi
1011 3222 1122 3274 late
1154 3225 1374 3274 caeQrcum

193 3295 231 3349 2
266 3296 322 3343 in
344 3296 660 3360 patratione
685 3291 819 3343 Pilb.
858 3291 1063 3344 Marcil-
1095 3292 1368 3356 Bulenger.
1398 3306 1510 3358 opp.
1541 3306 1588 3356 p.
1617 3289 1738 3343 ⁴3⁰.
1779 3289 1949 3342 Crem.
1980 3289 2042 3341 ad
2070 3288 2237 3342 schol.

264 3361 379 3412 lnv.
407 3361 494 3424 Vl,
520 3361 634 3414 587.
678 3361 886 3426 Miiller,
925 3360 1136 3412 Etruslt.
1166 3359 1208 3410 ll
1237 3376 1287 3427 p.
1323 3360 1439 3414 ¹72.
1470 3358 1635 3411 Orell.
1687 3358 1820 3410 lllud
1856 3359 2041 3427 probat
2076 3358 2236 3409 Salm-

265 3431 329 3482 ad
367 3430 529 3480 Solin.
608 3467 621 3480 .
657 3431 778 3481 803.

193 3501 228 3553 3
264 3504 364 3549 aut
380 3515 486 3564 pro
511 3447 744 3565 φυτιὶἰὸοι
762 3501 980 3565 posuit,
1018 3511 1143 3548 nam
1169 3503 1227 3548 et
1244 3500 1516 3549 rusticum
1538 3512 1725 3548 nomen
1751 3501 1831 3546 est
1862 3495 1983 3547 add.
2009 3495 2091 3545 ed.
2121 3510 2198 3562 pr.

195 3571 230 3622 t
263 3567 480 3634 Papiasa
523 3567 843 3631 „Baletium
881 3567 1094 3629 fulmen,
1135 3566 1217 3617 vel
1254 3567 1387 3663 qu‘od
1414 3566 1492 3616 bis
1516 3581 1544 3616 a
1579 3565 1792 3617 fulmine
1816 3579 2109 3632 percussum
2134 3569 2236 3627 est,

262 3652 407 3703 qnasi
428 3637 506 3687 lus
523 3603 721 3700 dentes,
755 3638 838 3687 vel
858 3635 1169 3686 sacrificium
1194 3643 1292 3686 est.
1303 3636 1340 3663 ‘⁴
1393 3632 2235 3697 lo.·1·nua=„132·dontal‚atis,

265 3721 381 3757 neu.
423 3721 538 3770 gen.
594 3673 738 3756 lecu’s
786 3704 838 3755 in
887 3721 986 3771 qun
1038 3703 1225 3754 fulmen
1262 3703 1404 3753 cadit
1441 3703 1517 3753 sic
1554 3704 1723 3753 dictus
1759 3717 1791 3754 a
1828 3702 2125 3753 bidentibus
2163 3701 2237 3752 ibi

262 3775 604 3836 sacrificatis,
634 3775 718 3825 vel
740 3773 934 3840 aliquid
962 3772 1174 3824 fulmine
1199 3787 1531 3840 percussum,
1571 3771 1809 3823 Persius.
1853 3770 2035 3823 Triste
2057 3773 2238 3822 iaceas

265 3844 401 3894 lucis
435 3843 777 3908 evitandumq
779 3859 844 3892 ue
882 3841 1181 3893 bt‘fldental

197 3911 344 3964 SCf.
387 3912 449 3963 0.
489 3911 696 3972 muner,
737 3910 949 3963 Etrusk.
989 3909 1118 3976 111».
1162 3910 1279 3962 173.

195 3981 228 4032 6
261 3981 494 4032 seeundo
529 3982 612 4031 ed.
654 3996 731 4046 p.r

191 4049 223 4103 7
259 4049 336 4100 lte
373 4049 476 4114 leg.
514 4050 742 4100 videtur.
791 4048 888 4100 Ed.
927 4063 1048 4117 pr.=
1095 4063 1202 4097 non
1239 4051 1477 4113 ponunt
1516 4050 1624 4098 nisi
1667 4045 1951 4100 immolata
1994 4044 2235 4113 quelibet

259 4119 473 4178 amnia.
514 4117 789 4182 bidental,
826 4121 1041 4170 caetera
1060 4117 1309 4183 fulgura
1346 4121 1652 4169 teneantur.
