2764 4738
759 437 1020 499 SCHOL.
1053 439 1155 499 AD
1196 438 1363 499 SAT.
1397 439 1470 511 V,
1504 442 1681 501 52-
1704 442 1806 502 58.
2181 438 2308 506 327

273 610 567 669 affectare.
624 609 830 668 Aliter.
893 608 963 668 Ut
1002 611 1197 669 variae
1243 610 1463 688 figurae
1508 610 1822 681 bominum,
1866 622 1925 671 et
1967 631 2156 671 rerum
2198 632 2308 671 nou

271 715 413 754 unus
472 716 642 766 usus,
700 694 780 753 ita
821 697 1015 754 variae
1071 716 1291 775 quoque
1352 695 1704 766 voluntates,
1763 715 1871 755 nec
1920 694 2067 756 idem
2111 716 2308 756 omnes

271 790 560 859 appetunt.
732 782 816 839 Ec
853 799 1053 839 rerum
1099 782 1357 840 decolor
1400 802 1562 840 usus.
1621 781 1813 840 Variis
1858 783 2078 841 actibus
2109 785 2163 842 in
2194 784 2309 842 vita

271 876 527 926 utuntur.

441 956 547 1013 53.
600 953 766 1010 Velle
794 970 960 1009 suum
991 952 1200 1028 cuique
1230 961 1340 1010 est.
1408 951 1541 1011 *Et
1584 952 1961 1029 Virgilius
2000 959 2052 1013 ¹2

533 1037 805 1096 Trahit
839 1053 977 1094 sua
1024 1055 1389 1114 quemque
1434 1039 1656 1115 volup
1677 1048 1816 1096 tas.
1847 1042 1874 1075 ¹⁰¹

443 1127 544 1183 54.
589 1123 714 1181 Sub
769 1122 894 1180 sole
947 1122 1205 1190 recenti,
1268 1122 1371 1180 sub
1428 1125 1664 1199 regione
1718 1123 1929 1182 orienti
1979 1124 2199 1193 vicina,
2252 1133 2313 1181 et

268 1209 519 1278 recenti,
565 1206 805 1266 nondum
839 1207 1095 1284 fatigato.
1156 1205 1234 1264 Et
1270 1206 1434 1266 *est
1487 1208 1605 1266 bic
1647 1227 1816 1267 sens
1837 1227 1914 1268 us
1957 1207 2043 1267 ab
2086 1208 2312 1268 Hora-

271 1295 374 1352 tio
410 1298 437 1332 2
465 1302 798 1352 tractus:

527 1379 670 1436 Hic
711 1386 952 1436 mutat
993 1394 1292 1435 merces
1331 1388 1706 1455 surgente
1751 1398 1788 1437 a
1828 1380 2060 1437 sole.³¹

271 1464 346 1522 Et
375 1463 483 1522 boc
515 1460 683 1522 dicit:
733 1462 892 1520 Hunc
934 1458 1225 1520 delectant
1264 1464 1750 1523 mercimoniorum
1781 1463 1973 1536 lucra,
2016 1460 2143 1523 dum
2174 1465 2313 1523 alias

272 1567 491 1608 merces
523 1547 594 1606 ab
628 1547 712 1607 bis
744 1547 1025 1607 mercibus
1057 1555 1253 1606 mutat.

442 1639 543 1695 55
590 1636 884 1711 Rugosum
906 1634 1121 1710 piper,
1157 1632 1303 1692 bene
1336 1630 1505 1703 dixit,
1550 1633 1838 1711 epitheton
1869 1634 2045 1710 ipsius
2077 1641 2184 1690 est.

273 1720 352 1778 Et
375 1719 663 1796 pallentis·
689 1737 891 1797 grana
930 1719 1154 1776 cumini
1168 1761 1186 1791 ,
1234 1719 1362 1798 quia
1407 1720 1573 1777 etiam
1621 1718 1728 1777 boc
1760 1717 2019 1796 pallidum
2052 1727 2175 1787 est,
2223 1719 2312 1776 vel

271 1805 439 1883 quia,
485 1802 663 1884 quiid
696 1803 923 1873 bibunt,
965 1802 1183 1880 pallere
1215 1804 1471 1873 soleant,
1514 1813 1614 1862 aut
1657 1801 1802 1882 quod
1847 1801 2086 1881 pallidos
2120 1802 2313 1872 saciat,

271 1910 381 1947 uon
415 1887 562 1969 quod
591 1889 822 1968 palleat.
876 1888 984 1947 Est
1026 1888 1174 1947 enim
1206 1890 1548 1947 contrarium
1580 1887 1874 1965 sanguini,
1919 1908 2029 1967 quo
2074 1898 2312 1966 accepto

274 1973 518 2032 tabescit
546 1975 812 2050 sanguis,
844 1984 904 2033 et
932 1973 1184 2033 nascitur
1212 1972 1419 2053 pallor.
1482 1972 1638 2032 Unde
1670 1972 1936 2031 Horatius
1957 1976 2015 2030 ³.

1534 2058 1706 2134 Quod
1728 2058 1791 2117 si

526 2142 822 2202 Pallerem
852 2160 996 2200 casu
1012 2183 1035 2211 ‚
1083 2142 1352 2202 biberent
1377 2162 1653 2221 exangue
1683 2142 1994 2201 cuminum.

445 2231 545 2289 56.
590 2229 701 2287 Hie
727 2237 902 2286 satur
941 2227 1173 2303 irriguo
1217 2229 1447 2285 mavult
1486 2238 1866 2306 turgescere,
1912 2227 2314 2305 pinguescere,

274 2313 404 2393 quia
448 2312 733 2390 pleniores
780 2323 909 2372 sunt
952 2332 1134 2372 venae
1180 2313 1234 2369 in
1281 2332 1512 2383 somno,
1574 2324 1634 2374 et
1691 2332 1898 2390 corpus
1949 2331 2020 2371 eo
2066 2313 2309 2372 inflatur.

270 2399 455 2459 Alium
487 2395 621 2457 dicit
649 2419 843 2457 somno
875 2418 1104 2476 operam
1137 2395 1294 2457 dare.
1452 2401 1645 2459 Satur
1673 2418 1850 2477 ergo,
1892 2398 2019 2456 cibo
2051 2398 2269 2475 plenus.

271 2485 558 2561 Irriguo,
605 2502 710 2554 eo,
757 2481 907 2563 quod
948 2503 1178 2543 somnus
1209 2503 1453 2563 corpora
1493 2486 1722 2562 irrigat,
1769 2495 1831 2542 ut
1859 2482 2131 2561 Virgilius
2159 2486 2189 2523 ⁴
2214 2484 2314 2553 ait,

273 2589 472 2628 somno
504 2569 730 2645 irrigari
760 2588 1023 2646 corpora.

443 2656 545 2714 57.
589 2654 701 2711 Hic
728 2672 929 2731 cumpo
959 2655 1267 2731 indulget,
1313 2664 1412 2712 ant
1439 2671 1637 2733 campo
1667 2651 1907 2724 Martio,
1949 2672 2052 2730 pro
2084 2652 2314 2711 bonori-

269 2738 376 2797 bus
422 2736 752 2815 appetendis
772 2779 790 2807 ,
849 2748 947 2796 aut
1000 2748 1161 2798 certe
1219 2757 1418 2817 campo
1474 2739 1887 2817 agriculturae;
1944 2737 2035 2798 vel
2096 2757 2315 2816 campo,

273 2822 493 2883 lusibus
532 2833 593 2882 et
637 2822 1137 2882 exercitationibus
1183 2834 1387 2894 vacat,
1434 2825 1524 2882 vel
1557 2824 1808 2883 militiae.
1979 2825 2151 2883 Hune
2179 2824 2316 2884 alea

272 2910 562 2987 decoquit.
619 2908 803 2966 Alium
835 2907 1077 2967 studium
1109 2909 1272 2968 aleae
1303 2908 1646 2979 labefactat,
1690 2919 1752 2967 et
1792 2928 1857 2967 re
1890 2909 2154 2968 familiari
2183 2928 2318 2986 spo-

274 2995 472 3055 liatur:
518 2991 663 3054 unde
710 2995 1046 3053 decoctores
1076 3013 1262 3059 rerum
1294 3014 1522 3054 suarum
1553 2991 1880 3054 venditores
1912 2992 2144 3054 dicimus
2174 2994 2318 3052 alie-

272 3100 348 3140 no
378 3098 517 3138 aere
549 3090 814 3155 cogente.

447 3168 548 3226 58.
593 3165 703 3222 Ille
734 3166 792 3223 in
829 3167 1112 3223 Venerem
1136 3165 1361 3242 putris.
1419 3161 1588 3223 Alter
1628 3161 1857 3224 assiduo
1888 3166 2038 3223 coitu
2069 3165 2316 3237 enervis,

272 3250 521 3310 efficitur
548 3246 618 3307 ad
650 3250 1001 3309 concubitum
1032 3250 1242 3308 inutilis
1274 3260 1334 3307 et
1363 3249 1582 3308 solutus
1614 3259 1673 3308 et
1708 3246 2076 3319 libidinosus,
2106 3261 2166 3307 et
2194 3251 2318 3327 ipsa

273 3355 338 3396 re
363 3341 387 3376 ³
416 3336 684 3394 infirmus.
726 3334 969 3413 Legitur
998 3345 1089 3394 et.
1135 3337 1195 3395 in
1230 3336 1514 3393 Venerem
1539 3337 1772 3413 puerit,
1818 3333 1874 3393 id
1904 3345 1997 3393 est
2024 3335 2319 3413 putrescit,

273 3410 586 3481 conficitur.
761 3422 886 3479 Sed
912 3440 1040 3479 cum
1072 3421 1340 3498 lapidosa
1372 3420 1681 3498 cheragra.
1731 3421 2088 3499 Lapides-am
2118 3421 2319 3479 clatra-

267 3526 447 3585 grum
479 3503 617 3565 dicit
646 3507 1006 3564 articularem
1035 3504 1322 3578 morbum,
1366 3502 1425 3563 id
1455 3516 1547 3565 est
1575 3505 1826 3565 dolorem
1858 3526 2148 3576 manuum,
2189 3506 2319 3586 quia

272 3592 718 3669 chiragricorum
749 3591 971 3651 articuli
1003 3590 1298 3651 tubercula
1328 3589 1574 3663 babent,
1619 3610 1763 3671 quae
1813 3589 2011 3669 lapidis
2058 3588 2317 3651 duritiem

276 3687 555 3737 exercent
598 3687 660 3736 et
701 3687 832 3736 sunt
868 3696 1149 3736 ramorum
1195 3676 1319 3734 sere
1371 3674 1704 3736 tumidorum
1734 3673 2094 3736 similitudine
2124 3696 2317 3755 pares.

270 3762 516 3841 Legitur
567 3772 660 3822 et:
728 3763 1108 3835 curvaverit,
1166 3763 1317 3821 sicut
1372 3772 1575 3823 ventus
1633 3761 1909 3833 arbores,
1975 3762 2070 3821 vel
2126 3781 2318 3823 earum

276 3913 302 3967 1
342 3912 495 3979 Virg.
531 3913 631 3966 ecl.
670 3911 735 3977 11,
774 3914 861 3965 65.
1529 3913 1566 3969 2
1602 3913 1725 3968 Hor.
1770 3920 1873 3967 sat.
1909 3912 1954 3982 Ι,
1991 3915 2046 3979 4,
2080 3913 2172 3971 29.

272 3984 305 4036 3
343 3983 465 4034 flor.
506 4000 616 4049 epp.
658 3981 699 4044 1,
741 3983 825 4043 19,
865 3983 931 4036 17
1019 4018 1034 4034 .

275 4054 309 4104 t
345 4052 495 4115 Virg.
536 4056 666 4103 Aen.
704 4050 746 4113 1,
784 4052 907 4109 692.
954 4050 997 4105 ll
1023 4088 1040 4113 ,
1080 4050 1200 4105 511.

280 4123 310 4172 5
348 4121 477 4187 Les.
515 4136 718 4173 venere.

2440 3482 2463 3517 ἱ
