2764 4738
565 423 686 489 118
1460 430 1626 492 SAT.
1658 431 1728 493 11.

1310 633 1730 697 SATIRA
1784 636 1853 696 11.

734 772 897 846 Quod
939 775 995 832 in
1054 774 1266 833 scholis
1323 775 1779 854 pbilosophorum
1829 773 2165 852 saepissime
2210 770 2584 851 disputabatur

564 870 949 937 argumentum
981 860 1053 917 de
1077 859 1393 938 precibus,
1446 859 1502 919 id
1547 860 1655 920 bac
1698 862 1874 919 satira
1913 860 1992 917 ita
2021 869 2231 916 tractat
2260 857 2503 927 Persius,
2534 866 2588 915 ut

565 944 864 1004 luculentis
906 943 1232 1023 quibusdam
1264 946 1543 1024 exemplis
1589 946 1866 1018 bominum
1912 943 2180 1022 vulgares
2212 962 2437 1003 errores
2466 960 2585 1019 per·

566 1031 823 1108 stringat.
895 1028 1215 1109 Alloquitur
1251 1032 1308 1089 in
1340 1032 1615 1110 principio
1643 1031 1988 1100 Macrinum,
2034 1031 2125 1087 cui
2169 1029 2316 1088 diem
2362 1027 2584 1085 natalem

564 1115 879 1174 celebranti
909 1134 983 1174 ex
1012 1134 1167 1173 more
1213 1115 1508 1194 epistolam
1539 1117 1741 1186 mittit,
1799 1125 1967 1195 atque
2021 1112 2171 1183 inde,
2234 1112 2378 1194 quod
2435 1130 2587 1190 egre·

466 1269 472 1276 ⁶
564 1202 712 1279 sium
744 1201 919 1258 virum
950 1219 1058 1258 non
1092 1201 1198 1259 nisi
1226 1200 1373 1259 bona
1420 1211 1692 1280 rectaque
1724 1220 1757 1258 a
1787 1198 1893 1259 diis
1924 1201 2091 1258 etiam
2122 1200 2296 1258 natali
2327 1198 2448 1268 die,
2488 1215 2587 1276 quo

563 1285 912 1363 potissimum
942 1297 1076 1344 vota
1108 1285 1610 1364 nuncupabantur,
1664 1304 1905 1364 poscere
1937 1285 2107 1355 dicit,
2150 1286 2362 1343 initium
2394 1284 2588 1341 satirae

568 1372 735 1429 sumit
779 1376 855 1443 (v.
908 1375 1144 1440 1—4).
1226 1370 1427 1450 Neque
1473 1372 1620 1430 enim
1653 1372 1907 1450 plerique
1941 1370 2223 1428 hominum
2267 1371 2343 1428 ita
2377 1369 2589 1434 iaciunt,

565 1474 760 1515 verum
793 1474 985 1512 coram
1031 1455 1343 1514 bominibus
1391 1456 1611 1535 quidem
1657 1459 1803 1515 iusta
1850 1475 1921 1514 ac
1966 1456 2120 1514 licita
2167 1465 2393 1534 petunt,
2433 1453 2591 1510 tacita

566 1559 705 1599 vero
736 1550 923 1598 mente
955 1551 1016 1598 ut
1044 1539 1265 1598 divitias
1296 1542 1612 1620 acquirant,
1644 1541 1733 1600 vel
1765 1542 2089 1621 propinquis
2135 1550 2371 1599 mortem
2414 1547 2594 1616 optant

568 1634 647 1695 (v.
681 1629 938 1695 5—14).
982 1623 1170 1704 Atque
1203 1626 1344 1685 baec
1373 1637 1508 1684 vota
1539 1637 1737 1684 sancta
1776 1645 1910 1686 esse
1941 1634 2157 1703 putant,
2191 1627 2240 1683 si
2271 1623 2592 1683 cerimonias

568 1708 835 1788 quasdam
868 1711 1035 1769 anxie
1078 1710 1360 1769 coluerint
1404 1718 1486 1783 (v.
1525 1715 1604 1772 15
1635 1717 1786 1790 sq.);
1835 1710 2000 1769 iidem
2048 1721 2236 1768 tamen
2281 1708 2471 1768 cadem
2501 1725 2595 1764 ue·

566 1795 699 1852 mini
728 1794 1006 1852 bominum
1037 1797 1390 1854 committere
1422 1793 1729 1865 auderent,
1761 1815 1905 1874 quae
1938 1815 1972 1853 a
2000 1792 2111 1853 diis
2143 1804 2468 1874 precantur,
2496 1809 2597 1870 qua

568 1880 1206 2038 ἷίῗὲἓῖἰῖἒιῗέἒῖἓ
1251 1879 1556 2037 ‘1'3‘⁶⁰‘¹:›‚'‹¹›3‘
1587 1880 2603 2044 ‘3222³212ss1÷55223⁰2³35535022

1198 2007 1213 2022 ι
1332 2000 1414 2009 -
1533 2006 1550 2023 o
2497 2004 2515 2032 9

569 2047 777 2126 qualia,
809 2049 857 2105 si
888 2067 922 2106 a
952 2045 1060 2106 diis
1084 2047 1372 2121 darentur,
1405 2048 1828 2129 haudquaquam
1848 2051 2016 2108 saluti
2049 2060 2268 2120 essent,
2288 2049 2358 2108 ab
2388 2051 2453 2106 iis
2482 2066 2600 2106 cum

569 2133 972 2210 superstitione
1015 2144 1284 2211 petuntur
1325 2142 1404 2206 (v.
1438 2139 1751 2202 31—40);
1805 2154 2001 2194 verum
2033 2154 2181 2213 quae
2215 2146 2307 2194 est
2336 2132 2603 2192 bominum

569 2217 825 2287 stultitia,
856 2217 980 2275 dum
1013 2229 1144 2276 vota
1175 2217 1281 2277 diis
1312 2230 1655 2298 nuncupant,
1686 2223 1765 2279 ita
1783 2239 1849 2279 se
1878 2230 2108 2298 gerunt,
2142 2221 2324 2298 utipsi
2356 2218 2603 2298 perdant,

569 2320 713 2381 quae
745 2312 961 2381 petunt.
1006 2303 1111 2375 Qui
1143 2303 1347 2362 bonam
1379 2303 1754 2364 valetudinem
1788 2316 1966 2385 optat,
1999 2306 2184 2384 epulis
2217 2306 2438 2385 opimis,
2468 2321 2600 2384 quas

566 2389 623 2445 in
657 2389 951 2446 sacrificiis
982 2390 1228 2457 instruit,
1260 2409 1386 2448 eam
1419 2394 1729 2470 corrumpit
1760 2398 1836 2463 (v.
1868 2396 2185 2461 ati-43),
2218 2393 2314 2470 qui
2344 2389 2605 2468 gregibus

568 2473 776 2529 laetum
822 2483 1150 2551 proventum
1192 2478 1368 2554 petit,
1421 2478 1470 2534 is
1516 2478 1669 2554 ipsas
1700 2495 1914 2554 greges
1945 2488 2159 2534 mactat
2191 2484 2269 2548 (v.
2302 2475 2603 2551 44—51).

569 2554 727 2615 Haec
758 2575 833 2615 ex
863 2577 933 2616 co
965 2577 1165 2617 errore
1198 2562 1556 2637 proveniunt,
1587 2559 1734 2641 quod
1765 2561 2019 2619 homines
2050 2581 2258 2641 pravas
2289 2580 2427 2619 suas
2458 2561 2605 2639 cupi-

567 2638 775 2699 ditates
806 2639 911 2700 diis
942 2642 1248 2724 affingunt3
1284 2647 1406 2703 auri
1440 2666 1608 2705 sacra
1640 2648 1821 2705 fames
1845 2645 2127 2705 bominum
2160 2648 2380 2704 animos
2412 2654 2609 2713 movet,

566 2723 699 2783 inde
728 2724 836 2784 diis
867 2746 1088 2806 quoque
1114 2729 1246 2786 nibil
1278 2732 1499 2808 gratius
1531 2750 1667 2790 esse
1696 2742 1913 2810 putant,
1945 2730 2298 2811 deorumque
2344 2732 2607 2809 imagines

569 2809 868 2881 deaurant,
899 2822 961 2870 ut
989 2822 1247 2871 votorum
1295 2826 1589 2893 compotes
1622 2818 1756 2875 fiant
1788 2824 1865 2890 (v.
1900 2821 2218 2888 52-58›;
2274 2818 2421 2875 baec
2450 2828 2607 2895 atque

568 2895 821 2953 luxuries
865 2896 1117 2955 homines
1164 2900 1419 2978 corrupit
1462 2912 1521 2959 et
1564 2903 1846 2980 antiquam
1890 2901 2312 2979 simplicitatem
2373 2903 2540 2961 etiam
2578 2918 2608 2958 e

567 2980 792 3057 templis
824 2981 1056 3058 expulit,
1090 2984 1287 3062 suique
1317 2986 1440 3042 vitii
1471 2987 1842 3045 instrumenta
1872 2984 1977 3044 diis
2010 3006 2238 3066 quoque
2284 3006 2454 3045 sacra
2486 3004 2609 3046 esse

567 3063 773 3134 voluit3
819 3067 971 3145 atqui
1013 3064 1120 3125 diis
1161 3070 1696 3146 pretiosissimorum
1744 3070 2016 3129 donorum
2065 3071 2213 3130 baud
2255 3075 2441 3130 maior
2484 3089 2607 3130 usus

569 3158 680 3218 cst,
711 3169 871 3228 quam
905 3150 1252 3220 frivolorum,
1283 3172 1431 3232 quae
1463 3155 1557 3236 pia
1581 3158 1913 3233 superstitio
1946 3154 2176 3215 dedicat
2207 3164 2284 3231 (v.
2322 3161 2610 3228 59—70).

567 3231 696 3292 Non
729 3244 859 3291 sunt
901 3232 1162 3308 divitiae,
1206 3256 1351 3317 quae
1384 3238 1489 3297 diis
1533 3241 1793 3320 placent,
1856 3240 1959 3299 sed
2005 3261 2147 3320 pura
2197 3262 2362 3301 mens
2410 3254 2472 3301 et
2499 3244 2611 3321 pius

569 3329 913 3398 sanctusque
944 3321 1159 3380 animus
1192 3328 1269 3394 (ν.
1301 3327 1616 3397 71-75)ς
1677 3327 1757 3385 ita
1801 3324 1950 3385 unde
2009 3329 2225 3385 initium
2280 3327 2510 3399 babuit,
2552 3345 2613 3385 eo

568 3401 894 3479 regreditur
921 3408 1125 3466 oratio.
1184 3405 1379 3467 Facile
1426 3412 1804 3488 perspicitur,
1854 3412 1999 3471 baec
2046 3414 2235 3471 omnia
2267 3424 2432 3473 arcte
2481 3415 2613 3472 inter

567 3505 632 3547 se
662 3486 1009 3562 cohaerere,
1058 3493 1306 3570 quamvis
1338 3492 1577 3572 abrupte
1610 3496 1834 3574 singula
1878 3499 2144 3575 posuisse
2188 3497 2462 3557 videatur
2491 3500 2612 3558 Pcr-

569 3571 709 3640 sius,
739 3592 1014 3654 unumque
1045 3578 1100 3634 in
1131 3577 1385 3635 omnibus
1415 3578 1632 3653 inesse,
1660 3580 1966 3660 indignam,
1999 3602 2165 3662 quam
2200 3580 2272 3642 de
2306 3582 2418 3642 diis
2451 3582 2614 3642 bomi-

570 3673 674 3712 nes
705 3655 918 3717 babere
967 3661 1209 3733 soleant,
1241 3664 1603 3734 sententiam,
1636 3686 1801 3745 quam
1834 3687 1909 3725 ex
1942 3669 2188 3746 propriis
2224 3668 2611 3748 cupiditatibus

571 3749 738 3817 atque
770 3744 918 3802 vitiis
949 3746 1054 3804 sibi
1073 3746 1336 3817 formant,
1370 3748 1582 3807 l'ontem
1615 3770 1751 3810 esse
1770 3771 1987 3823 eorum,
2019 3773 2167 3833 quae
2200 3764 2315 3812 tam
2352 3771 2611 3834 perverse

571 3838 894 3900 precentur.
981 3830 1245 3891 Ceterum
1276 3832 1366 3890 bic
1399 3853 1621 3912 quoque
1652 3839 1884 3914 propria
1925 3839 2107 3896 virtus
2151 3837 2440 3898 Persiana
2485 3842 2613 3899 inest

572 3908 623 3964 iu
669 3911 903 3989 singulis
950 3919 1224 3995 exemplis
1268 3914 1340 3976 ad
1379 3921 1548 3977 vitam
1596 3920 1976 3999 quotidianam
2023 3943 2149 3982 cum
2208 3924 2516 4004 diligentia
2565 3931 2612 3981 et

570 4004 729 4063 arte,
774 4018 918 4097 quae
964 4002 1326 4061 minutissima
1373 4021 1597 4083 quoque
1651 4019 1921 4067 accurate
1970 4006 2262 4088 depingit,
2329 4012 2608 4072 verissime

569 4094 881 4155 expressis.
