<?xml version="1.0" encoding="UTF-8"?>
<!DOCTYPE html PUBLIC "-//W3C//DTD XHTML 1.0 Transitional//EN"
    "http://www.w3.org/TR/xhtml1/DTD/xhtml1-transitional.dtd">
<html xmlns="http://www.w3.org/1999/xhtml" xml:lang="en" lang="en">
 <head>
  <title>
</title>
<meta http-equiv="Content-Type" content="text/html;charset=utf-8" />
  <meta name='ocr-system' content='tesseract 3.04.00' />
  <meta name='ocr-capabilities' content='ocr_page ocr_carea ocr_par ocr_line ocrx_word'/>
</head>
<body>
  <div class='ocr_page' id='page_1' title='image "./satirarumliberc01jahngoog_0100.png"; bbox 0 0 2764 4738; ppageno 0'>
   <div class='ocr_carea' id='block_1_1' title="bbox 856 425 2258 505">
    <p class='ocr_par' dir='ltr' id='par_1_1' title="bbox 856 425 2258 505">
     <span class='ocr_line' id='line_1_1' title="bbox 856 425 2258 505; baseline 0.001 -19"><span class='ocrx_word' id='word_1_1' title='bbox 856 425 1581 505; x_wconf 3' lang='lat' dir='ltr'><strong>PROLNEGOMENA.</strong></span> <span class='ocrx_word' id='word_1_2' title='bbox 2021 445 2258 491; x_wconf 62' lang='lat' dir='ltr'><strong>mxxv.</strong></span> 
     </span>
    </p>
   </div>
   <div class='ocr_carea' id='block_1_2' title="bbox 188 590 2260 2934">
    <p class='ocr_par' dir='ltr' id='par_1_2' title="bbox 188 590 2260 2934">
     <span class='ocr_line' id='line_1_2' title="bbox 193 590 2254 684; baseline 0 -19"><span class='ocrx_word' id='word_1_3' title='bbox 193 596 302 666; x_wconf 69' lang='grc' dir='ltr'><strong>καὶ</strong></span> <span class='ocrx_word' id='word_1_4' title='bbox 371 594 647 665; x_wconf 77' lang='grc' dir='ltr'><strong><em>παίδων</em></strong></span> <span class='ocrx_word' id='word_1_5' title='bbox 716 590 1005 683; x_wconf 78' lang='grc' dir='ltr'><strong><em>α’νήβων</em></strong></span> <span class='ocrx_word' id='word_1_6' title='bbox 1076 594 1591 666; x_wconf 70' lang='grc' dir='ltr'><strong><em>ἐπιδείκνυνται</em></strong></span> <span class='ocrx_word' id='word_1_7' title='bbox 1672 591 2052 684; x_wconf 73' lang='grc' dir='ltr'><strong><em>’μιμήματα</em></strong></span> <span class='ocrx_word' id='word_1_8' title='bbox 2122 596 2254 666; x_wconf 74' lang='grc' dir='ltr'><strong>καὶ·</strong></span> 
     </span>
     <span class='ocr_line' id='line_1_3' title="bbox 188 694 2238 789; baseline 0.001 -24"><span class='ocrx_word' id='word_1_9' title='bbox 188 698 618 787; x_wconf 71' lang='grc' dir='ltr'><strong><em>πραγμάτων</em></strong></span> <span class='ocrx_word' id='word_1_10' title='bbox 661 698 777 767; x_wconf 70' lang='grc' dir='ltr'><strong>καὶ</strong></span> <span class='ocrx_word' id='word_1_11' title='bbox 819 696 1078 786; x_wconf 78' lang='grc' dir='ltr'><strong><em>λόγων,</em></strong></span> <span class='ocrx_word' id='word_1_12' title='bbox 1129 698 1181 765; x_wconf 67' lang='grc' dir='ltr'><strong>δι’</strong></span> <span class='ocrx_word' id='word_1_13' title='bbox 1221 694 1445 784; x_wconf 74' lang='grc' dir='ltr'><strong><em>πάσης</em></strong></span> <span class='ocrx_word' id='word_1_14' title='bbox 1484 698 1711 787; x_wconf 72' lang='grc' dir='ltr'><strong><em>μέθης</em></strong></span> <span class='ocrx_word' id='word_1_15' title='bbox 1752 698 2238 789; x_wconf 80' lang='grc' dir='ltr'><strong><em>ταραχωδέστε·</em></strong></span> 
     </span>
     <span class='ocr_line' id='line_1_4' title="bbox 189 798 2237 891; baseline -0.002 -22"><span class='ocrx_word' id='word_1_16' title='bbox 189 824 312 889; x_wconf 79' lang='grc' dir='ltr'><strong><em>ρον</em></strong></span> <span class='ocrx_word' id='word_1_17' title='bbox 338 799 470 875; x_wconf 63' lang='grc' dir='ltr'><strong>τας</strong></span> <span class='ocrx_word' id='word_1_18' title='bbox 497 799 729 891; x_wconf 66' lang='grc' dir='ltr'><strong><em>ψυχας</em></strong></span> <span class='ocrx_word' id='word_1_19' title='bbox 760 800 1174 888; x_wconf 73' lang='grc' dir='ltr'><strong><em>διατίθησιν.</em></strong></span> <span class='ocrx_word' id='word_1_20' title='bbox 1206 798 1473 864; x_wconf 88' lang='lat' dir='ltr'><strong>Primum</strong></span> <span class='ocrx_word' id='word_1_21' title='bbox 1506 801 1817 865; x_wconf 90' lang='lat' dir='ltr'><strong>mimorum</strong></span> <span class='ocrx_word' id='word_1_22' title='bbox 1851 823 2042 888; x_wconf 82' lang='lat' dir='ltr'><strong>genus</strong></span> <span class='ocrx_word' id='word_1_23' title='bbox 2073 822 2237 880; x_wconf 89' lang='lat' dir='ltr'><strong>esse,</strong></span> 
     </span>
     <span class='ocr_line' id='line_1_5' title="bbox 189 900 2239 991; baseline 0.001 -25"><span class='ocrx_word' id='word_1_24' title='bbox 189 905 344 987; x_wconf 85' lang='lat' dir='ltr'><strong>qnod</strong></span> <span class='ocrx_word' id='word_1_25' title='bbox 377 903 446 966; x_wconf 90' lang='lat' dir='ltr'><strong>iu</strong></span> <span class='ocrx_word' id='word_1_26' title='bbox 475 925 669 969; x_wconf 82' lang='lat' dir='ltr'><strong>scena</strong></span> <span class='ocrx_word' id='word_1_27' title='bbox 698 904 1020 988; x_wconf 76' lang='lat' dir='ltr'><strong>agebatur,</strong></span> <span class='ocrx_word' id='word_1_28' title='bbox 1054 914 1119 967; x_wconf 88' lang='lat' dir='ltr'><strong>et</strong></span> <span class='ocrx_word' id='word_1_29' title='bbox 1145 903 1222 968; x_wconf 90' lang='lat' dir='ltr'><strong>ad</strong></span> <span class='ocrx_word' id='word_1_30' title='bbox 1256 900 1543 968; x_wconf 77' lang='lat' dir='ltr'><strong>Caesaris</strong></span> <span class='ocrx_word' id='word_1_31' title='bbox 1574 904 1837 968; x_wconf 74' lang='lat' dir='ltr'><strong>maxime</strong></span> <span class='ocrx_word' id='word_1_32' title='bbox 1869 904 2239 991; x_wconf 75' lang='lat' dir='ltr'>temporibus</span> 
     </span>
     <span class='ocr_line' id='line_1_6' title="bbox 189 997 2241 1099; baseline 0 -30"><span class='ocrx_word' id='word_1_33' title='bbox 189 1004 426 1069; x_wconf 80' lang='lat' dir='ltr'><strong>Romae</strong></span> <span class='ocrx_word' id='word_1_34' title='bbox 472 1004 809 1088; x_wconf 78' lang='lat' dir='ltr'><strong>regnabat,</strong></span> <span class='ocrx_word' id='word_1_35' title='bbox 870 1006 989 1070; x_wconf 86' lang='lat' dir='ltr'><strong>iam</strong></span> <span class='ocrx_word' id='word_1_36' title='bbox 1043 997 1411 1079; x_wconf 69' lang='grc' dir='ltr'><strong><em>ὑποθέσεις</em></strong></span> <span class='ocrx_word' id='word_1_37' title='bbox 1466 1025 1690 1099; x_wconf 76' lang='lat' dir='ltr'><strong>nomeu</strong></span> <span class='ocrx_word' id='word_1_38' title='bbox 1746 1006 1965 1087; x_wconf 84' lang='lat' dir='ltr'><strong>docet,</strong></span> <span class='ocrx_word' id='word_1_39' title='bbox 2027 1006 2241 1091; x_wconf 85' lang='lat' dir='ltr'><strong>quippe</strong></span> 
     </span>
     <span class='ocr_line' id='line_1_7' title="bbox 190 1108 2237 1193; baseline -0.001 -20"><span class='ocrx_word' id='word_1_40' title='bbox 190 1130 327 1173; x_wconf 81' lang='lat' dir='ltr'><strong>enm</strong></span> <span class='ocrx_word' id='word_1_41' title='bbox 370 1119 738 1193; x_wconf 83' lang='lat' dir='ltr'><strong>argumento</strong></span> <span class='ocrx_word' id='word_1_42' title='bbox 787 1109 1022 1174; x_wconf 77' lang='lat' dir='ltr'><strong>fabulas</strong></span> <span class='ocrx_word' id='word_1_43' title='bbox 1060 1119 1386 1187; x_wconf 74' lang='lat' dir='ltr'><strong>sererent,</strong></span> <span class='ocrx_word' id='word_1_44' title='bbox 1434 1119 1497 1174; x_wconf 86' lang='lat' dir='ltr'><strong>et</strong></span> <span class='ocrx_word' id='word_1_45' title='bbox 1540 1128 1694 1192; x_wconf 88' lang='lat' dir='ltr'><strong>quae</strong></span> <span class='ocrx_word' id='word_1_46' title='bbox 1736 1118 1948 1191; x_wconf 81' lang='lat' dir='ltr'><strong>postea</strong></span> <span class='ocrx_word' id='word_1_47' title='bbox 2008 1108 2237 1171; x_wconf 76' lang='lat' dir='ltr'><strong>addun-</strong></span> 
     </span>
     <span class='ocr_line' id='line_1_8' title="bbox 191 1209 2244 1295; baseline -0 -21"><span class='ocrx_word' id='word_1_48' title='bbox 191 1222 290 1274; x_wconf 86' lang='lat' dir='ltr'><strong>tur</strong></span> <span class='ocrx_word' id='word_1_49' title='bbox 323 1220 370 1273; x_wconf 83' lang='lat'><strong>¹.</strong></span> <span class='ocrx_word' id='word_1_50' title='bbox 440 1209 575 1274; x_wconf 81' lang='lat' dir='ltr'><strong>Hos</strong></span> <span class='ocrx_word' id='word_1_51' title='bbox 614 1231 766 1275; x_wconf 84' lang='lat' dir='ltr'><strong>vero</strong></span> <span class='ocrx_word' id='word_1_52' title='bbox 798 1211 860 1274; x_wconf 91' lang='lat' dir='ltr'><strong>h.</strong></span> <span class='ocrx_word' id='word_1_53' title='bbox 894 1212 937 1275; x_wconf 90' lang='lat' dir='ltr'><strong>l.</strong></span> <span class='ocrx_word' id='word_1_54' title='bbox 972 1212 1276 1277; x_wconf 81' lang='lat' dir='ltr'><strong>mittamus</strong></span> <span class='ocrx_word' id='word_1_55' title='bbox 1313 1220 1376 1290; x_wconf 84' lang='lat'><strong>2,</strong></span> <span class='ocrx_word' id='word_1_56' title='bbox 1427 1212 1500 1275; x_wconf 91' lang='lat' dir='ltr'><strong>de</strong></span> <span class='ocrx_word' id='word_1_57' title='bbox 1545 1210 1740 1275; x_wconf 81' lang='lat' dir='ltr'><strong>altero</strong></span> <span class='ocrx_word' id='word_1_58' title='bbox 1789 1229 2017 1295; x_wconf 82' lang='lat' dir='ltr'><strong>genere</strong></span> <span class='ocrx_word' id='word_1_59' title='bbox 2048 1209 2244 1292; x_wconf 88' lang='lat' dir='ltr'><strong>inqui-</strong></span> 
     </span>
     <span class='ocr_line' id='line_1_9' title="bbox 193 1310 2244 1399; baseline -0 -23"><span class='ocrx_word' id='word_1_60' title='bbox 193 1313 391 1377; x_wconf 86' lang='lat' dir='ltr'><strong>situri.</strong></span> <span class='ocrx_word' id='word_1_61' title='bbox 446 1310 821 1395; x_wconf 82' lang='lat' dir='ltr'><strong>Quamquam</strong></span> <span class='ocrx_word' id='word_1_62' title='bbox 853 1312 1004 1378; x_wconf 88' lang='lat' dir='ltr'><strong>haec</strong></span> <span class='ocrx_word' id='word_1_63' title='bbox 1034 1314 1308 1399; x_wconf 79' lang='lat' dir='ltr'><strong>quaestio</strong></span> <span class='ocrx_word' id='word_1_64' title='bbox 1340 1334 1412 1378; x_wconf 89' lang='lat' dir='ltr'><strong>ea</strong></span> <span class='ocrx_word' id='word_1_65' title='bbox 1442 1312 1812 1398; x_wconf 89' lang='lat' dir='ltr'><strong>potissimum</strong></span> <span class='ocrx_word' id='word_1_66' title='bbox 1843 1331 1913 1375; x_wconf 87' lang='lat' dir='ltr'><strong>re</strong></span> <span class='ocrx_word' id='word_1_67' title='bbox 1942 1312 2244 1394; x_wconf 89' lang='lat' dir='ltr'><strong>implicata</strong></span> 
     </span>
     <span class='ocr_line' id='line_1_10' title="bbox 193 1415 2242 1500; baseline -0.001 -22"><span class='ocrx_word' id='word_1_68' title='bbox 193 1415 513 1491; x_wconf 77' lang='lat' dir='ltr'><strong>redditur,</strong></span> <span class='ocrx_word' id='word_1_69' title='bbox 575 1417 733 1498; x_wconf 88' lang='lat' dir='ltr'><strong>quod</strong></span> <span class='ocrx_word' id='word_1_70' title='bbox 777 1425 1026 1481; x_wconf 85' lang='lat' dir='ltr'><strong>veteres</strong></span> <span class='ocrx_word' id='word_1_71' title='bbox 1070 1416 1404 1500; x_wconf 78' lang='lat' dir='ltr'><strong>scriptores</strong></span> <span class='ocrx_word' id='word_1_72' title='bbox 1458 1416 1623 1479; x_wconf 89' lang='lat' dir='ltr'><strong>inter</strong></span> <span class='ocrx_word' id='word_1_73' title='bbox 1677 1425 1994 1497; x_wconf 89' lang='lat' dir='ltr'><strong>utrumque</strong></span> <span class='ocrx_word' id='word_1_74' title='bbox 2048 1432 2242 1499; x_wconf 82' lang='lat' dir='ltr'><strong>genus</strong></span> 
     </span>
     <span class='ocr_line' id='line_1_11' title="bbox 198 1516 2246 1602; baseline 0 -24"><span class='ocrx_word' id='word_1_75' title='bbox 198 1537 318 1580; x_wconf 90' lang='lat' dir='ltr'><strong>nou</strong></span> <span class='ocrx_word' id='word_1_76' title='bbox 365 1537 615 1601; x_wconf 81' lang='lat' dir='ltr'><strong>semper</strong></span> <span class='ocrx_word' id='word_1_77' title='bbox 657 1528 941 1581; x_wconf 84' lang='lat' dir='ltr'><strong>accurate</strong></span> <span class='ocrx_word' id='word_1_78' title='bbox 987 1519 1402 1601; x_wconf 83' lang='lat' dir='ltr'><strong>distinguunt,</strong></span> <span class='ocrx_word' id='word_1_79' title='bbox 1450 1528 1515 1583; x_wconf 91' lang='lat' dir='ltr'><strong>et</strong></span> <span class='ocrx_word' id='word_1_80' title='bbox 1556 1516 1910 1602; x_wconf 86' lang='lat' dir='ltr'><strong>praesertim</strong></span> <span class='ocrx_word' id='word_1_81' title='bbox 1945 1538 2079 1580; x_wconf 89' lang='lat' dir='ltr'><strong>cum</strong></span> <span class='ocrx_word' id='word_1_82' title='bbox 2110 1536 2246 1581; x_wconf 85' lang='lat' dir='ltr'><strong>sce·</strong></span> 
     </span>
     <span class='ocr_line' id='line_1_12' title="bbox 198 1618 2244 1704; baseline -0 -23"><span class='ocrx_word' id='word_1_83' title='bbox 198 1620 395 1683; x_wconf 82' lang='lat' dir='ltr'><strong>uicum</strong></span> <span class='ocrx_word' id='word_1_84' title='bbox 428 1618 577 1682; x_wconf 88' lang='lat' dir='ltr'><strong>illud</strong></span> <span class='ocrx_word' id='word_1_85' title='bbox 608 1640 800 1701; x_wconf 88' lang='lat' dir='ltr'><strong>genus</strong></span> <span class='ocrx_word' id='word_1_86' title='bbox 830 1620 1011 1704; x_wconf 87' lang='lat' dir='ltr'><strong>longe</strong></span> <span class='ocrx_word' id='word_1_87' title='bbox 1043 1619 1343 1684; x_wconf 78' lang='lat' dir='ltr'><strong>celebrius</strong></span> <span class='ocrx_word' id='word_1_88' title='bbox 1376 1619 1592 1699; x_wconf 81' lang='lat' dir='ltr'><strong>suerit3</strong></span> <span class='ocrx_word' id='word_1_89' title='bbox 1639 1619 1941 1685; x_wconf 84' lang='lat' dir='ltr'><strong>accedunt</strong></span> <span class='ocrx_word' id='word_1_90' title='bbox 1976 1628 2244 1704; x_wconf 86' lang='lat' dir='ltr'><strong>panto-</strong></span> 
     </span>
     <span class='ocr_line' id='line_1_13' title="bbox 200 1719 2244 1805; baseline 0.001 -22"><span class='ocrx_word' id='word_1_91' title='bbox 200 1722 401 1785; x_wconf 82' lang='lat' dir='ltr'><strong>mimi</strong></span> <span class='ocrx_word' id='word_1_92' title='bbox 434 1728 462 1763; x_wconf 80' lang='lat'>³</span> <span class='ocrx_word' id='word_1_93' title='bbox 502 1741 776 1803; x_wconf 90' lang='lat' dir='ltr'><strong>quoque,</strong></span> <span class='ocrx_word' id='word_1_94' title='bbox 822 1741 1005 1805; x_wconf 83' lang='lat' dir='ltr'><strong>saepe</strong></span> <span class='ocrx_word' id='word_1_95' title='bbox 1037 1744 1172 1787; x_wconf 92' lang='lat' dir='ltr'><strong>cum</strong></span> <span class='ocrx_word' id='word_1_96' title='bbox 1203 1722 1295 1787; x_wconf 86' lang='lat' dir='ltr'><strong>his</strong></span> <span class='ocrx_word' id='word_1_97' title='bbox 1328 1722 1663 1787; x_wconf 78' lang='lat' dir='ltr'><strong>commixti.</strong></span> <span class='ocrx_word' id='word_1_98' title='bbox 1729 1719 2013 1785; x_wconf 51' lang='lat' dir='ltr'><strong>¹Pertinet</strong></span> <span class='ocrx_word' id='word_1_99' title='bbox 2041 1732 2244 1786; x_wconf 89' lang='lat' dir='ltr'><strong>autem</strong></span> 
     </span>
     <span class='ocr_line' id='line_1_14' title="bbox 200 1821 2244 1910; baseline 0.003 -25"><span class='ocrx_word' id='word_1_100' title='bbox 200 1822 308 1887; x_wconf 80' lang='lat' dir='ltr'><strong>boc</strong></span> <span class='ocrx_word' id='word_1_101' title='bbox 337 1824 658 1886; x_wconf 87' lang='lat' dir='ltr'><strong>mimorum</strong></span> <span class='ocrx_word' id='word_1_102' title='bbox 690 1844 909 1907; x_wconf 84' lang='lat' dir='ltr'><strong>genus,</strong></span> <span class='ocrx_word' id='word_1_103' title='bbox 930 1825 1099 1888; x_wconf 85' lang='lat' dir='ltr'><strong>cuius</strong></span> <span class='ocrx_word' id='word_1_104' title='bbox 1129 1844 1352 1889; x_wconf 88' lang='lat' dir='ltr'><strong>nomeu</strong></span> <span class='ocrx_word' id='word_1_105' title='bbox 1382 1825 1536 1910; x_wconf 84' lang='lat' dir='ltr'><strong>apud</strong></span> <span class='ocrx_word' id='word_1_106' title='bbox 1554 1821 2244 1909; x_wconf 74' lang='lat' dir='ltr'><strong>Plutarchumnae&#39;ymae</strong></span> 
     </span>
     <span class='ocr_line' id='line_1_15' title="bbox 200 1924 2242 2009; baseline 0 -21"><span class='ocrx_word' id='word_1_107' title='bbox 200 1925 270 1991; x_wconf 85' lang='lat' dir='ltr'><strong>de</strong></span> <span class='ocrx_word' id='word_1_108' title='bbox 299 1926 440 1990; x_wconf 88' lang='lat' dir='ltr'><strong>aliis</strong></span> <span class='ocrx_word' id='word_1_109' title='bbox 471 1945 708 2009; x_wconf 89' lang='lat' dir='ltr'><strong>quoque</strong></span> <span class='ocrx_word' id='word_1_110' title='bbox 740 1927 1104 1990; x_wconf 88' lang='lat' dir='ltr'><strong>carminibus</strong></span> <span class='ocrx_word' id='word_1_111' title='bbox 1148 1926 1213 1990; x_wconf 91' lang='lat' dir='ltr'><strong>iu</strong></span> <span class='ocrx_word' id='word_1_112' title='bbox 1256 1948 1369 1992; x_wconf 87' lang='lat' dir='ltr'><strong>usu</strong></span> <span class='ocrx_word' id='word_1_113' title='bbox 1412 1928 1526 1992; x_wconf 85' lang='lat' dir='ltr'><strong>suit</strong></span> <span class='ocrx_word' id='word_1_114' title='bbox 1553 1926 1802 1991; x_wconf 88' lang='lat' dir='ltr'><strong>ludicris</strong></span> <span class='ocrx_word' id='word_1_115' title='bbox 1833 1935 1899 1988; x_wconf 88' lang='lat' dir='ltr'><strong>ut</strong></span> <span class='ocrx_word' id='word_1_116' title='bbox 1929 1924 2242 2009; x_wconf 89' lang='lat' dir='ltr'><strong>plurimum</strong></span> 
     </span>
     <span class='ocr_line' id='line_1_16' title="bbox 199 2025 2245 2115; baseline 0 -24"><span class='ocrx_word' id='word_1_117' title='bbox 199 2038 260 2091; x_wconf 91' lang='lat' dir='ltr'><strong>et</strong></span> <span class='ocrx_word' id='word_1_118' title='bbox 299 2025 554 2092; x_wconf 77' lang='lat' dir='ltr'><strong>lascivis</strong></span> <span class='ocrx_word' id='word_1_119' title='bbox 599 2029 711 2108; x_wconf 73' lang='lat' dir='ltr'><strong>(cf.</strong></span> <span class='ocrx_word' id='word_1_120' title='bbox 748 2025 1097 2094; x_wconf 88' lang='lat' dir='ltr'><strong>Weichert.</strong></span> <span class='ocrx_word' id='word_1_121' title='bbox 1132 2039 1323 2115; x_wconf 91' lang='lat' dir='ltr'><strong>poett.</strong></span> <span class='ocrx_word' id='word_1_122' title='bbox 1357 2028 1528 2094; x_wconf 85' lang='lat' dir='ltr'><strong>Latt.</strong></span> <span class='ocrx_word' id='word_1_123' title='bbox 1574 2029 1711 2093; x_wconf 88' lang='lat' dir='ltr'><strong>rell.</strong></span> <span class='ocrx_word' id='word_1_124' title='bbox 1746 2050 1802 2111; x_wconf 91' lang='lat' dir='ltr'><strong>p.</strong></span> <span class='ocrx_word' id='word_1_125' title='bbox 1840 2025 1923 2091; x_wconf 83' lang='lat'><strong>38</strong></span> <span class='ocrx_word' id='word_1_126' title='bbox 1952 2029 2117 2111; x_wconf 88' lang='lat' dir='ltr'><strong>sq.),</strong></span> <span class='ocrx_word' id='word_1_127' title='bbox 2166 2028 2245 2091; x_wconf 82' lang='lat' dir='ltr'><strong>ad</strong></span> 
     </span>
     <span class='ocr_line' id='line_1_17' title="bbox 198 2128 2238 2214; baseline -0.001 -20"><span class='ocrx_word' id='word_1_128' title='bbox 198 2150 544 2194; x_wconf 79' lang='lat' dir='ltr'><strong>scurrarum</strong></span> <span class='ocrx_word' id='word_1_129' title='bbox 590 2130 866 2194; x_wconf 85' lang='lat' dir='ltr'><strong>artificia.</strong></span> <span class='ocrx_word' id='word_1_130' title='bbox 938 2128 1300 2196; x_wconf 86' lang='lat' dir='ltr'><strong>Scurrarum</strong></span> <span class='ocrx_word' id='word_1_131' title='bbox 1361 2132 1524 2197; x_wconf 89' lang='lat' dir='ltr'><strong>enim</strong></span> <span class='ocrx_word' id='word_1_132' title='bbox 1588 2129 1902 2214; x_wconf 79' lang='lat' dir='ltr'><strong>multiplex</strong></span> <span class='ocrx_word' id='word_1_133' title='bbox 1960 2150 2153 2212; x_wconf 85' lang='lat' dir='ltr'><strong>genus</strong></span> <span class='ocrx_word' id='word_1_134' title='bbox 2187 2136 2238 2204; x_wconf 79' lang='lat'><strong>⁴,</strong></span> 
     </span>
     <span class='ocr_line' id='line_1_18' title="bbox 198 2230 2260 2315; baseline 0 -21"><span class='ocrx_word' id='word_1_135' title='bbox 198 2231 409 2314; x_wconf 88' lang='lat' dir='ltr'><strong>quibus</strong></span> <span class='ocrx_word' id='word_1_136' title='bbox 464 2230 925 2296; x_wconf 86' lang='lat' dir='ltr'><strong>delectabantur</strong></span> <span class='ocrx_word' id='word_1_137' title='bbox 976 2234 1195 2299; x_wconf 88' lang='lat' dir='ltr'><strong>divites</strong></span> <span class='ocrx_word' id='word_1_138' title='bbox 1251 2234 1311 2297; x_wconf 91' lang='lat' dir='ltr'><strong>in</strong></span> <span class='ocrx_word' id='word_1_139' title='bbox 1367 2231 1578 2299; x_wconf 83' lang='lat' dir='ltr'><strong>coenis</strong></span> <span class='ocrx_word' id='word_1_140' title='bbox 1626 2232 2032 2315; x_wconf 86' lang='lat' dir='ltr'><strong>potissimum,</strong></span> <span class='ocrx_word' id='word_1_141' title='bbox 2082 2232 2260 2295; x_wconf 87' lang='lat' dir='ltr'><strong>iuter-</strong></span> 
     </span>
     <span class='ocr_line' id='line_1_19' title="bbox 198 2332 2244 2422; baseline -0.002 -23"><span class='ocrx_word' id='word_1_142' title='bbox 198 2334 403 2399; x_wconf 78' lang='lat' dir='ltr'><strong>varias</strong></span> <span class='ocrx_word' id='word_1_143' title='bbox 433 2344 638 2414; x_wconf 86' lang='lat' dir='ltr'><strong>artes,</strong></span> <span class='ocrx_word' id='word_1_144' title='bbox 672 2334 886 2417; x_wconf 91' lang='lat' dir='ltr'><strong>quibus</strong></span> <span class='ocrx_word' id='word_1_145' title='bbox 916 2334 1104 2399; x_wconf 82' lang='lat' dir='ltr'><strong>risum</strong></span> <span class='ocrx_word' id='word_1_146' title='bbox 1135 2336 1478 2422; x_wconf 86' lang='lat' dir='ltr'><strong>captabant,</strong></span> <span class='ocrx_word' id='word_1_147' title='bbox 1519 2334 1815 2398; x_wconf 86' lang='lat' dir='ltr'><strong>mimicam</strong></span> <span class='ocrx_word' id='word_1_148' title='bbox 1849 2332 2028 2397; x_wconf 90' lang='lat' dir='ltr'><strong>etiam</strong></span> <span class='ocrx_word' id='word_1_149' title='bbox 2062 2351 2244 2397; x_wconf 74' lang='lat' dir='ltr'><strong>exer-</strong></span> 
     </span>
     <span class='ocr_line' id='line_1_20' title="bbox 200 2432 2246 2523; baseline -0.002 -21"><span class='ocrx_word' id='word_1_150' title='bbox 200 2438 436 2502; x_wconf 81' lang='lat' dir='ltr'><strong>cebant.</strong></span> <span class='ocrx_word' id='word_1_151' title='bbox 484 2433 677 2501; x_wconf 90' lang='lat' dir='ltr'><strong>Cuius</strong></span> <span class='ocrx_word' id='word_1_152' title='bbox 708 2437 1003 2520; x_wconf 88' lang='lat' dir='ltr'><strong>originem</strong></span> <span class='ocrx_word' id='word_1_153' title='bbox 1030 2437 1299 2503; x_wconf 41' lang='lat' dir='ltr'><strong>‘et&#39;nsum</strong></span> <span class='ocrx_word' id='word_1_154' title='bbox 1322 2485 1341 2518; x_wconf 89' lang='lat'><strong>,</strong></span> <span class='ocrx_word' id='word_1_155' title='bbox 1376 2458 1724 2523; x_wconf 83' lang='lat' dir='ltr'><strong>quamquam</strong></span> <span class='ocrx_word' id='word_1_156' title='bbox 1759 2435 2001 2500; x_wconf 89' lang='lat' dir='ltr'><strong>omuino</strong></span> <span class='ocrx_word' id='word_1_157' title='bbox 2032 2432 2246 2498; x_wconf 86' lang='lat' dir='ltr'><strong>Italiae</strong></span> 
     </span>
     <span class='ocr_line' id='line_1_21' title="bbox 198 2537 2245 2624; baseline -0.001 -21"><span class='ocrx_word' id='word_1_158' title='bbox 198 2551 257 2603; x_wconf 87' lang='lat' dir='ltr'><strong>et</strong></span> <span class='ocrx_word' id='word_1_159' title='bbox 300 2538 614 2604; x_wconf 82' lang='lat' dir='ltr'><strong>Graeciae</strong></span> <span class='ocrx_word' id='word_1_160' title='bbox 659 2540 885 2624; x_wconf 89' lang='lat' dir='ltr'><strong>populis</strong></span> <span class='ocrx_word' id='word_1_161' title='bbox 927 2559 1179 2624; x_wconf 89' lang='lat' dir='ltr'><strong>pronum</strong></span> <span class='ocrx_word' id='word_1_162' title='bbox 1223 2540 1300 2604; x_wconf 90' lang='lat' dir='ltr'><strong>ad</strong></span> <span class='ocrx_word' id='word_1_163' title='bbox 1346 2560 1479 2605; x_wconf 90' lang='lat' dir='ltr'><strong>eam</strong></span> <span class='ocrx_word' id='word_1_164' title='bbox 1524 2540 1832 2623; x_wconf 88' lang='lat' dir='ltr'><strong>ingenium</strong></span> <span class='ocrx_word' id='word_1_165' title='bbox 1894 2548 2027 2617; x_wconf 88' lang='lat' dir='ltr'><strong>est,</strong></span> <span class='ocrx_word' id='word_1_166' title='bbox 2091 2537 2245 2620; x_wconf 88' lang='lat' dir='ltr'><strong>apud</strong></span> 
     </span>
     <span class='ocr_line' id='line_1_22' title="bbox 200 2639 2242 2726; baseline -0.003 -18"><span class='ocrx_word' id='word_1_167' title='bbox 200 2642 445 2708; x_wconf 87' lang='lat' dir='ltr'><strong>Siciliae</strong></span> <span class='ocrx_word' id='word_1_168' title='bbox 478 2655 543 2708; x_wconf 90' lang='lat' dir='ltr'><strong>et</strong></span> <span class='ocrx_word' id='word_1_169' title='bbox 572 2661 827 2726; x_wconf 82' lang='lat' dir='ltr'><strong>maguae</strong></span> <span class='ocrx_word' id='word_1_170' title='bbox 861 2640 1159 2706; x_wconf 87' lang='lat' dir='ltr'><strong>Graeciae</strong></span> <span class='ocrx_word' id='word_1_171' title='bbox 1189 2641 1422 2705; x_wconf 84' lang='lat' dir='ltr'><strong>incolas</strong></span> <span class='ocrx_word' id='word_1_172' title='bbox 1450 2639 1823 2724; x_wconf 87' lang='lat' dir='ltr'><strong>potissimum</strong></span> <span class='ocrx_word' id='word_1_173' title='bbox 1855 2647 2242 2724; x_wconf 76' lang='lat' dir='ltr'><strong>quaeremus,</strong></span> 
     </span>
     <span class='ocr_line' id='line_1_23' title="bbox 199 2738 2240 2827; baseline -0.005 -17"><span class='ocrx_word' id='word_1_174' title='bbox 199 2768 335 2810; x_wconf 83' lang='lat' dir='ltr'><strong>nam</strong></span> <span class='ocrx_word' id='word_1_175' title='bbox 369 2743 597 2809; x_wconf 84' lang='lat' dir='ltr'><strong>Dorica</strong></span> <span class='ocrx_word' id='word_1_176' title='bbox 630 2744 984 2827; x_wconf 88' lang='lat' dir='ltr'><strong>praesertim</strong></span> <span class='ocrx_word' id='word_1_177' title='bbox 1016 2744 1197 2827; x_wconf 86' lang='lat' dir='ltr'><strong>stirps</strong></span> <span class='ocrx_word' id='word_1_178' title='bbox 1228 2742 1300 2809; x_wconf 89' lang='lat' dir='ltr'><strong>ad</strong></span> <span class='ocrx_word' id='word_1_179' title='bbox 1335 2763 1468 2807; x_wconf 86' lang='lat' dir='ltr'><strong>eam</strong></span> <span class='ocrx_word' id='word_1_180' title='bbox 1497 2743 1831 2807; x_wconf 85' lang='lat' dir='ltr'><strong>inclinabat</strong></span> <span class='ocrx_word' id='word_1_181' title='bbox 1867 2742 1981 2824; x_wconf 73' lang='lat' dir='ltr'><strong>(cf.</strong></span> <span class='ocrx_word' id='word_1_182' title='bbox 2010 2738 2240 2822; x_wconf 71' lang='lat' dir='ltr'><strong>Biittig.</strong></span> 
     </span>
     <span class='ocr_line' id='line_1_24' title="bbox 198 2841 2246 2934; baseline -0.003 -24"><span class='ocrx_word' id='word_1_183' title='bbox 198 2869 339 2933; x_wconf 89' lang='lat' dir='ltr'><strong>opp.</strong></span> <span class='ocrx_word' id='word_1_184' title='bbox 389 2868 449 2931; x_wconf 90' lang='lat' dir='ltr'><strong>p.</strong></span> <span class='ocrx_word' id='word_1_185' title='bbox 502 2844 627 2910; x_wconf 79' lang='lat'><strong>332</strong></span> <span class='ocrx_word' id='word_1_186' title='bbox 656 2867 749 2929; x_wconf 87' lang='lat' dir='ltr'><strong>sq.</strong></span> <span class='ocrx_word' id='word_1_187' title='bbox 799 2844 1035 2932; x_wconf 81' lang='lat' dir='ltr'><strong>Grysar</strong></span> <span class='ocrx_word' id='word_1_188' title='bbox 1079 2845 1151 2909; x_wconf 89' lang='lat' dir='ltr'><strong>de</strong></span> <span class='ocrx_word' id='word_1_189' title='bbox 1196 2867 1351 2911; x_wconf 89' lang='lat' dir='ltr'><strong>com.</strong></span> <span class='ocrx_word' id='word_1_190' title='bbox 1397 2842 1549 2908; x_wconf 89' lang='lat' dir='ltr'><strong>Dor.</strong></span> <span class='ocrx_word' id='word_1_191' title='bbox 1599 2841 1631 2906; x_wconf 90' lang='lat'>1</span> <span class='ocrx_word' id='word_1_192' title='bbox 1669 2865 1728 2934; x_wconf 88' lang='lat' dir='ltr'><strong>p.</strong></span> <span class='ocrx_word' id='word_1_193' title='bbox 1765 2843 1847 2909; x_wconf 89' lang='lat'><strong>18</strong></span> <span class='ocrx_word' id='word_1_194' title='bbox 1871 2847 2034 2926; x_wconf 90' lang='lat' dir='ltr'><strong>sqq.)</strong></span> <span class='ocrx_word' id='word_1_195' title='bbox 2068 2853 2246 2925; x_wconf 85' lang='lat' dir='ltr'><strong>atque</strong></span> 
     </span>
    </p>
   </div>
   <div class='ocr_carea' id='block_1_3' title="bbox 144 3042 2253 3533">
    <p class='ocr_par' dir='ltr' id='par_1_3' title="bbox 203 3042 2252 3257">
     <span class='ocr_line' id='line_1_25' title="bbox 203 3042 2250 3117; baseline -0.005 -10"><span class='ocrx_word' id='word_1_196' title='bbox 203 3056 223 3107; x_wconf 82' lang='lat' dir='ltr'><strong>i</strong></span> <span class='ocrx_word' id='word_1_197' title='bbox 267 3052 350 3105; x_wconf 73' lang='lat' dir='ltr'><strong>Cf.</strong></span> <span class='ocrx_word' id='word_1_198' title='bbox 392 3051 539 3102; x_wconf 83' lang='lat' dir='ltr'><strong>Sext.</strong></span> <span class='ocrx_word' id='word_1_199' title='bbox 578 3049 723 3117; x_wconf 83' lang='lat' dir='ltr'><strong>Emp.</strong></span> <span class='ocrx_word' id='word_1_200' title='bbox 763 3050 881 3101; x_wconf 84' lang='lat' dir='ltr'><strong>adv.</strong></span> <span class='ocrx_word' id='word_1_201' title='bbox 920 3051 1079 3102; x_wconf 85' lang='lat' dir='ltr'><strong>matb.</strong></span> <span class='ocrx_word' id='word_1_202' title='bbox 1117 3051 1139 3103; x_wconf 85' lang='lat'>1</span> <span class='ocrx_word' id='word_1_203' title='bbox 1175 3068 1223 3117; x_wconf 86' lang='lat' dir='ltr'><strong>p.</strong></span> <span class='ocrx_word' id='word_1_204' title='bbox 1257 3051 1361 3106; x_wconf 78' lang='lat'><strong>272</strong></span> <span class='ocrx_word' id='word_1_205' title='bbox 1396 3049 1517 3101; x_wconf 83' lang='lat' dir='ltr'><strong>Fbr.</strong></span> <span class='ocrx_word' id='word_1_206' title='bbox 1567 3065 1617 3115; x_wconf 88' lang='lat' dir='ltr'><strong>p.</strong></span> <span class='ocrx_word' id='word_1_207' title='bbox 1648 3049 1750 3102; x_wconf 83' lang='lat'><strong>658</strong></span> <span class='ocrx_word' id='word_1_208' title='bbox 1773 3048 1968 3100; x_wconf 80' lang='lat' dir='ltr'><strong>Bekk.=</strong></span> <span class='ocrx_word' id='word_1_209' title='bbox 2015 3042 2250 3113; x_wconf 80' lang='grc' dir='ltr'><strong><em>Πλάσμα</em></strong></span> 
     </span>
     <span class='ocr_line' id='line_1_26' title="bbox 266 3112 2252 3201; baseline -0.001 -30"><span class='ocrx_word' id='word_1_210' title='bbox 266 3117 330 3172; x_wconf 75' lang='grc' dir='ltr'><strong>δέ</strong></span> <span class='ocrx_word' id='word_1_211' title='bbox 366 3117 480 3170; x_wconf 75' lang='grc' dir='ltr'><strong>ἔστι</strong></span> <span class='ocrx_word' id='word_1_212' title='bbox 510 3116 844 3188; x_wconf 73' lang='grc' dir='ltr'><strong><em>πραγμάτων</em></strong></span> <span class='ocrx_word' id='word_1_213' title='bbox 875 3116 953 3186; x_wconf 80' lang='grc' dir='ltr'><strong>μὴ</strong></span> <span class='ocrx_word' id='word_1_214' title='bbox 988 3120 1289 3201; x_wconf 72' lang='grc' dir='ltr'><strong><em>γενομένων</em></strong></span> <span class='ocrx_word' id='word_1_215' title='bbox 1320 3117 1422 3185; x_wconf 71' lang='grc' dir='ltr'><strong><em>μὲν</em></strong></span> <span class='ocrx_word' id='word_1_216' title='bbox 1459 3115 1661 3185; x_wconf 72' lang='grc' dir='ltr'><strong><em>ὁμοίως</em></strong></span> <span class='ocrx_word' id='word_1_217' title='bbox 1707 3112 1767 3168; x_wconf 72' lang='grc' dir='ltr'><strong>δὲ</strong></span> <span class='ocrx_word' id='word_1_218' title='bbox 1801 3117 1916 3171; x_wconf 76' lang='grc' dir='ltr'><strong><em>τοῖς</em></strong></span> <span class='ocrx_word' id='word_1_219' title='bbox 1947 3117 2252 3184; x_wconf 69' lang='grc' dir='ltr'><strong><em>γενομένοις</em></strong></span> 
     </span>
     <span class='ocr_line' id='line_1_27' title="bbox 264 3179 2245 3257; baseline -0.003 -17"><span class='ocrx_word' id='word_1_220' title='bbox 264 3186 600 3257; x_wconf 70' lang='grc' dir='ltr'><strong><em>λεγομένων,</em></strong></span> <span class='ocrx_word' id='word_1_221' title='bbox 637 3185 710 3241; x_wconf 70' lang='grc' dir='ltr'><strong>ὡς</strong></span> <span class='ocrx_word' id='word_1_222' title='bbox 745 3181 809 3238; x_wconf 77' lang='grc' dir='ltr'><strong>αἶ</strong></span> <span class='ocrx_word' id='word_1_223' title='bbox 834 3192 1063 3254; x_wconf 73' lang='grc' dir='ltr'><strong><em>κωμικαὶ</em></strong></span> <span class='ocrx_word' id='word_1_224' title='bbox 1096 3188 1488 3240; x_wconf 72' lang='grc' dir='ltr'><strong><em>υποθέσεις</em></strong></span> <span class='ocrx_word' id='word_1_225' title='bbox 1520 3192 1610 3237; x_wconf 79' lang='grc' dir='ltr'><strong>καὶ</strong></span> <span class='ocrx_word' id='word_1_226' title='bbox 1646 3179 1706 3237; x_wconf 76' lang='grc' dir='ltr'><strong>οἱ</strong></span> <span class='ocrx_word' id='word_1_227' title='bbox 1732 3187 1911 3252; x_wconf 84' lang='grc' dir='ltr'><strong><em>μῖμοι.</em></strong></span> <span class='ocrx_word' id='word_1_228' title='bbox 1964 3185 2142 3250; x_wconf 73' lang='lat' dir='ltr'><strong>Quint.</strong></span> <span class='ocrx_word' id='word_1_229' title='bbox 2180 3183 2245 3246; x_wconf 87' lang='lat' dir='ltr'><strong>V,</strong></span> 
     </span>
    </p>

    <p class='ocr_par' dir='ltr' id='par_1_4' title="bbox 144 3253 2248 3378">
     <span class='ocr_line' id='line_1_28' title="bbox 144 3253 2248 3323; baseline -0.003 -14"><span class='ocrx_word' id='word_1_230' title='bbox 144 3313 155 3322; x_wconf 80' lang='lat'><strong>.</strong></span> <span class='ocrx_word' id='word_1_231' title='bbox 268 3260 353 3318; x_wconf 80' lang='lat' dir='ltr'><strong>w.</strong></span> <span class='ocrx_word' id='word_1_232' title='bbox 394 3261 459 3311; x_wconf 72' lang='lat'><strong>9:</strong></span> <span class='ocrx_word' id='word_1_233' title='bbox 509 3256 739 3309; x_wconf 78' lang='lat' dir='ltr'><strong>Fabulae</strong></span> <span class='ocrx_word' id='word_1_234' title='bbox 788 3256 854 3307; x_wconf 86' lang='lat' dir='ltr'><strong>ad</strong></span> <span class='ocrx_word' id='word_1_235' title='bbox 906 3265 1075 3308; x_wconf 88' lang='lat' dir='ltr'><strong>aetum</strong></span> <span class='ocrx_word' id='word_1_236' title='bbox 1123 3272 1394 3308; x_wconf 79' lang='lat' dir='ltr'><strong>scenarum</strong></span> <span class='ocrx_word' id='word_1_237' title='bbox 1443 3257 1755 3323; x_wconf 83' lang='lat' dir='ltr'><strong>compositae</strong></span> <span class='ocrx_word' id='word_1_238' title='bbox 1801 3258 2125 3320; x_wconf 78' lang='lat' dir='ltr'><strong>argumenta</strong></span> <span class='ocrx_word' id='word_1_239' title='bbox 2174 3253 2248 3303; x_wconf 89' lang='lat' dir='ltr'><strong>&#39;di-</strong></span> 
     </span>
     <span class='ocr_line' id='line_1_29' title="bbox 268 3336 484 3378; baseline -0.009 0"><span class='ocrx_word' id='word_1_240' title='bbox 268 3336 484 3378; x_wconf 82' lang='lat' dir='ltr'><strong>cuntur.</strong></span> 
     </span>
    </p>

    <p class='ocr_par' dir='ltr' id='par_1_5' title="bbox 204 3388 2253 3533">
     <span class='ocr_line' id='line_1_30' title="bbox 204 3388 2251 3462; baseline -0.005 -13"><span class='ocrx_word' id='word_1_241' title='bbox 204 3398 238 3449; x_wconf 76' lang='lat'>2</span> <span class='ocrx_word' id='word_1_242' title='bbox 273 3396 357 3447; x_wconf 69' lang='lat' dir='ltr'><strong>Cf.</strong></span> <span class='ocrx_word' id='word_1_243' title='bbox 409 3395 672 3446; x_wconf 84' lang='lat' dir='ltr'><strong>Becberns</strong></span> <span class='ocrx_word' id='word_1_244' title='bbox 722 3395 784 3445; x_wconf 91' lang='lat' dir='ltr'><strong>ad</strong></span> <span class='ocrx_word' id='word_1_245' title='bbox 833 3393 1041 3445; x_wconf 87' lang='lat' dir='ltr'><strong>Laberii</strong></span> <span class='ocrx_word' id='word_1_246' title='bbox 1079 3395 1339 3462; x_wconf 76' lang='lat' dir='ltr'><strong>prologum</strong></span> <span class='ocrx_word' id='word_1_247' title='bbox 1376 3410 1424 3461; x_wconf 89' lang='lat' dir='ltr'><strong>p.</strong></span> <span class='ocrx_word' id='word_1_248' title='bbox 1467 3393 1496 3444; x_wconf 87' lang='grc'>5</span> <span class='ocrx_word' id='word_1_249' title='bbox 1522 3408 1631 3459; x_wconf 82' lang='lat' dir='ltr'><strong>sqq.</strong></span> <span class='ocrx_word' id='word_1_250' title='bbox 1683 3390 1949 3455; x_wconf 74' lang='lat' dir='ltr'><strong>Zieglerns</strong></span> <span class='ocrx_word' id='word_1_251' title='bbox 1986 3390 2049 3442; x_wconf 84' lang='lat' dir='ltr'><strong>de</strong></span> <span class='ocrx_word' id='word_1_252' title='bbox 2083 3388 2251 3441; x_wconf 85' lang='lat' dir='ltr'><strong>mimis</strong></span> 
     </span>
     <span class='ocr_line' id='line_1_31' title="bbox 270 3457 2253 3533; baseline -0.004 -16"><span class='ocrx_word' id='word_1_253' title='bbox 270 3465 634 3517; x_wconf 67' lang='lat' dir='ltr'><strong>Romanorum.</strong></span> <span class='ocrx_word' id='word_1_254' title='bbox 687 3462 826 3516; x_wconf 82' lang='lat' dir='ltr'><strong>Gott.</strong></span> <span class='ocrx_word' id='word_1_255' title='bbox 870 3461 1024 3516; x_wconf 82' lang='grc'><strong>1788.</strong></span> <span class='ocrx_word' id='word_1_256' title='bbox 1087 3462 1260 3533; x_wconf 63' lang='lat' dir='ltr'><strong>{tupke</strong></span> <span class='ocrx_word' id='word_1_257' title='bbox 1325 3463 1377 3514; x_wconf 93' lang='lat' dir='ltr'><strong>in</strong></span> <span class='ocrx_word' id='word_1_258' title='bbox 1444 3460 1822 3515; x_wconf 81' lang='lat' dir='ltr'><strong>Wacbsmutbii</strong></span> <span class='ocrx_word' id='word_1_259' title='bbox 1877 3461 2140 3512; x_wconf 77' lang='lat' dir='ltr'><strong>Athenaeo</strong></span> <span class='ocrx_word' id='word_1_260' title='bbox 2187 3457 2253 3510; x_wconf 82' lang='grc' dir='ltr'><strong>ΙΙΙ</strong></span> 
     </span>
    </p>
   </div>
   <div class='ocr_carea' id='block_1_4' title="bbox 205 3534 2252 3685">
    <p class='ocr_par' dir='ltr' id='par_1_6' title="bbox 205 3534 2252 3685">
     <span class='ocr_line' id='line_1_32' title="bbox 205 3534 2252 3685; baseline -0.006 -13"><span class='ocrx_word' id='word_1_261' title='bbox 205 3621 236 3672; x_wconf 79' lang='grc'>3</span> <span class='ocrx_word' id='word_1_262' title='bbox 270 3552 347 3671; x_wconf 55' lang='lat' dir='ltr'><strong>ge</strong></span> <span class='ocrx_word' id='word_1_263' title='bbox 367 3534 469 3671; x_wconf 49' lang='lat'><strong>¹51}</strong></span> <span class='ocrx_word' id='word_1_264' title='bbox 494 3548 817 3685; x_wconf 43' lang='lat' dir='ltr'><strong>:tw-Grysar</strong></span> <span class='ocrx_word' id='word_1_265' title='bbox 850 3617 901 3668; x_wconf 89' lang='lat' dir='ltr'><strong>in</strong></span> <span class='ocrx_word' id='word_1_266' title='bbox 940 3616 1206 3671; x_wconf 79' lang='lat' dir='ltr'><strong>Welckeri</strong></span> <span class='ocrx_word' id='word_1_267' title='bbox 1243 3614 1428 3668; x_wconf 85' lang='lat' dir='ltr'><strong>Rhein.</strong></span> <span class='ocrx_word' id='word_1_268' title='bbox 1467 3613 1602 3668; x_wconf 73' lang='lat' dir='ltr'><strong>blus.</strong></span> <span class='ocrx_word' id='word_1_269' title='bbox 1641 3613 1686 3666; x_wconf 88' lang='lat'><strong>11</strong></span> <span class='ocrx_word' id='word_1_270' title='bbox 1723 3630 1772 3681; x_wconf 86' lang='lat' dir='ltr'><strong>p.</strong></span> <span class='ocrx_word' id='word_1_271' title='bbox 1809 3614 1879 3665; x_wconf 78' lang='lat'><strong>42</strong></span> <span class='ocrx_word' id='word_1_272' title='bbox 1903 3628 2013 3679; x_wconf 86' lang='lat' dir='ltr'><strong>sqq.</strong></span> <span class='ocrx_word' id='word_1_273' title='bbox 2245 3652 2252 3659; x_wconf 82' lang='lat'><strong>.</strong></span> 
     </span>
    </p>
   </div>
   <div class='ocr_carea' id='block_1_5' title="bbox 205 3698 2254 4115">
    <p class='ocr_par' dir='ltr' id='par_1_7' title="bbox 205 3698 2254 4115">
     <span class='ocr_line' id='line_1_33' title="bbox 205 3698 2254 3768; baseline -0.004 -9"><span class='ocrx_word' id='word_1_274' title='bbox 205 3711 236 3761; x_wconf 68' lang='lat'>⁴</span> <span class='ocrx_word' id='word_1_275' title='bbox 270 3706 354 3758; x_wconf 78' lang='lat' dir='ltr'><strong>Ct&#39;.</strong></span> <span class='ocrx_word' id='word_1_276' title='bbox 393 3704 557 3756; x_wconf 82' lang='lat' dir='ltr'><strong>Salm.</strong></span> <span class='ocrx_word' id='word_1_277' title='bbox 599 3703 660 3753; x_wconf 88' lang='lat' dir='ltr'><strong>ad</strong></span> <span class='ocrx_word' id='word_1_278' title='bbox 699 3701 927 3755; x_wconf 86' lang='lat' dir='ltr'><strong>Tertull.</strong></span> <span class='ocrx_word' id='word_1_279' title='bbox 967 3703 1031 3753; x_wconf 88' lang='lat' dir='ltr'><strong>de</strong></span> <span class='ocrx_word' id='word_1_280' title='bbox 1067 3703 1189 3768; x_wconf 88' lang='lat' dir='ltr'><strong>pall.</strong></span> <span class='ocrx_word' id='word_1_281' title='bbox 1229 3717 1279 3768; x_wconf 90' lang='lat' dir='ltr'><strong>p.</strong></span> <span class='ocrx_word' id='word_1_282' title='bbox 1318 3702 1420 3757; x_wconf 79' lang='lat'><strong>297</strong></span> <span class='ocrx_word' id='word_1_283' title='bbox 1445 3717 1470 3753; x_wconf 83' lang='lat' dir='ltr'><strong>a</strong></span> <span class='ocrx_word' id='word_1_284' title='bbox 1504 3717 1555 3767; x_wconf 88' lang='lat' dir='ltr'><strong>q.</strong></span> <span class='ocrx_word' id='word_1_285' title='bbox 1609 3700 1674 3751; x_wconf 89' lang='lat' dir='ltr'><strong>ad</strong></span> <span class='ocrx_word' id='word_1_286' title='bbox 1722 3699 1927 3765; x_wconf 80' lang='lat' dir='ltr'><strong>Vopiac.</strong></span> <span class='ocrx_word' id='word_1_287' title='bbox 1966 3698 2146 3749; x_wconf 78' lang='lat' dir='ltr'><strong>Aurei.</strong></span> <span class='ocrx_word' id='word_1_288' title='bbox 2185 3699 2254 3754; x_wconf 74' lang='lat'><strong>⁴2</strong></span> 
     </span>
     <span class='ocr_line' id='line_1_34' title="bbox 272 3767 2246 3854; baseline -0.007 -26"><span class='ocrx_word' id='word_1_289' title='bbox 272 3793 319 3843; x_wconf 76' lang='lat' dir='ltr'><strong>p.</strong></span> <span class='ocrx_word' id='word_1_290' title='bbox 364 3775 466 3828; x_wconf 71' lang='lat'><strong>53⁰</strong></span> <span class='ocrx_word' id='word_1_291' title='bbox 491 3789 570 3840; x_wconf 77' lang='lat' dir='ltr'><strong>sq.</strong></span> <span class='ocrx_word' id='word_1_292' title='bbox 639 3770 864 3823; x_wconf 83' lang='lat' dir='ltr'><strong>Lobeck.</strong></span> <span class='ocrx_word' id='word_1_293' title='bbox 900 3772 941 3822; x_wconf 86' lang='grc' dir='ltr'>Α</span> <span class='ocrx_word' id='word_1_294' title='bbox 978 3771 1016 3821; x_wconf 93' lang='lat' dir='ltr'><strong>l.</strong></span> <span class='ocrx_word' id='word_1_295' title='bbox 1058 3787 1107 3837; x_wconf 89' lang='lat' dir='ltr'><strong>p.</strong></span> <span class='ocrx_word' id='word_1_296' title='bbox 1152 3770 1411 3854; x_wconf 71' lang='lat' dir='ltr'><strong>¹317sqq.</strong></span> <span class='ocrx_word' id='word_1_297' title='bbox 1526 3771 1646 3821; x_wconf 82' lang='lat' dir='ltr'><strong>loss.</strong></span> <span class='ocrx_word' id='word_1_298' title='bbox 1702 3768 1766 3818; x_wconf 80' lang='grc' dir='ltr'><strong>Η.</strong></span> <span class='ocrx_word' id='word_1_299' title='bbox 1804 3767 1982 3835; x_wconf 86' lang='lat' dir='ltr'><strong>Stepb.</strong></span> <span class='ocrx_word' id='word_1_300' title='bbox 2020 3785 2070 3836; x_wconf 88' lang='lat' dir='ltr'><strong>p.</strong></span> <span class='ocrx_word' id='word_1_301' title='bbox 2114 3768 2246 3820; x_wconf 65' lang='lat'><strong>1⁹42</strong></span> 
     </span>
     <span class='ocr_line' id='line_1_35' title="bbox 268 3833 2251 3908; baseline -0.005 -12"><span class='ocrx_word' id='word_1_302' title='bbox 268 3846 511 3907; x_wconf 79' lang='lat' dir='ltr'><strong>Scurra,</strong></span> <span class='ocrx_word' id='word_1_303' title='bbox 552 3834 844 3906; x_wconf 71' lang='grc' dir='ltr'><strong><em>εὔστομος,</em></strong></span> <span class='ocrx_word' id='word_1_304' title='bbox 878 3857 933 3908; x_wconf 76' lang='grc' dir='ltr'><strong>γε</strong></span> <span class='ocrx_word' id='word_1_305' title='bbox 1045 3835 1266 3900; x_wconf 70' lang='lat' dir='ltr'><strong>ononis,</strong></span> <span class='ocrx_word' id='word_1_306' title='bbox 1305 3833 1656 3904; x_wconf 78' lang='grc' dir='ltr'><strong><em>ευτράπελος,</em></strong></span> <span class='ocrx_word' id='word_1_307' title='bbox 1694 3844 1746 3888; x_wconf 90' lang='lat' dir='ltr'><strong>et</strong></span> <span class='ocrx_word' id='word_1_308' title='bbox 1781 3852 1988 3888; x_wconf 70' lang='lat' dir='ltr'><strong>rui-susa</strong></span> <span class='ocrx_word' id='word_1_309' title='bbox 2026 3836 2251 3901; x_wconf 69' lang='lat' dir='ltr'><strong>Suum-a,</strong></span> 
     </span>
     <span class='ocr_line' id='line_1_36' title="bbox 269 3901 2252 3981; baseline -0.006 -17"><span class='ocrx_word' id='word_1_310' title='bbox 269 3906 592 3981; x_wconf 73' lang='grc' dir='ltr'><strong><em>δρακιστὴσ,</em></strong></span> <span class='ocrx_word' id='word_1_311' title='bbox 628 3905 904 3973; x_wconf 65' lang='grc' dir='ltr'><strong>σκώπτῃς,</strong></span> <span class='ocrx_word' id='word_1_312' title='bbox 938 3904 1332 3976; x_wconf 72' lang='grc' dir='ltr'><strong><em>γελωτοποιός,</em></strong></span> <span class='ocrx_word' id='word_1_313' title='bbox 1368 3901 1626 3975; x_wconf 75' lang='grc' dir='ltr'><strong><em>ἡδυλόγος</em></strong></span> <span class='ocrx_word' id='word_1_314' title='bbox 1647 3901 1687 3971; x_wconf 78' lang='grc' dir='ltr'><em>ἢ</em></span> <span class='ocrx_word' id='word_1_315' title='bbox 1708 3901 2047 3975; x_wconf 69' lang='grc' dir='ltr'><strong><em>εὖτράπελοσ.</em></strong></span> <span class='ocrx_word' id='word_1_316' title='bbox 2109 3903 2252 3972; x_wconf 77' lang='lat' dir='ltr'><strong>Quod</strong></span> 
     </span>
     <span class='ocr_line' id='line_1_37' title="bbox 270 3969 2251 4047; baseline -0.005 -14"><span class='ocrx_word' id='word_1_317' title='bbox 270 3996 472 4035; x_wconf 79' lang='lat' dir='ltr'><strong>scurra</strong></span> <span class='ocrx_word' id='word_1_318' title='bbox 509 3978 803 4046; x_wconf 85' lang='lat' dir='ltr'><strong>explicatur</strong></span> <span class='ocrx_word' id='word_1_319' title='bbox 837 3971 1151 4047; x_wconf 71' lang='grc' dir='ltr'><strong><em>δρααιοτήσ,</em></strong></span> <span class='ocrx_word' id='word_1_320' title='bbox 1199 3983 1252 4027; x_wconf 88' lang='lat' dir='ltr'><strong>et</strong></span> <span class='ocrx_word' id='word_1_321' title='bbox 1301 3976 1427 4027; x_wconf 86' lang='lat' dir='ltr'><strong>ibid.</strong></span> <span class='ocrx_word' id='word_1_322' title='bbox 1483 3979 1808 4038; x_wconf 70' lang='lat' dir='ltr'><strong>scm-ratur,</strong></span> <span class='ocrx_word' id='word_1_323' title='bbox 1863 3969 2101 4042; x_wconf 77' lang='grc' dir='ltr'><strong><em>δρακίζει</em></strong></span> <span class='ocrx_word' id='word_1_324' title='bbox 2138 3973 2251 4024; x_wconf 87' lang='lat' dir='ltr'><strong>vide</strong></span> 
     </span>
     <span class='ocr_line' id='line_1_38' title="bbox 269 4039 2254 4115; baseline -0.007 -12"><span class='ocrx_word' id='word_1_325' title='bbox 269 4067 389 4103; x_wconf 81' lang='lat' dir='ltr'><strong>num</strong></span> <span class='ocrx_word' id='word_1_326' title='bbox 442 4047 677 4115; x_wconf 85' lang='lat' dir='ltr'><strong>componi</strong></span> <span class='ocrx_word' id='word_1_327' title='bbox 729 4046 888 4115; x_wconf 80' lang='lat' dir='ltr'><strong>possit</strong></span> <span class='ocrx_word' id='word_1_328' title='bbox 938 4062 1052 4099; x_wconf 83' lang='lat' dir='ltr'><strong>cnm</strong></span> <span class='ocrx_word' id='word_1_329' title='bbox 1103 4061 1153 4097; x_wconf 83' lang='lat' dir='ltr'><strong>v.</strong></span> <span class='ocrx_word' id='word_1_330' title='bbox 1213 4039 1458 4112; x_wconf 80' lang='grc' dir='ltr'><strong><em>δρὰξων,</em></strong></span> <span class='ocrx_word' id='word_1_331' title='bbox 1521 4044 1583 4096; x_wconf 85' lang='lat' dir='ltr'><strong>de</strong></span> <span class='ocrx_word' id='word_1_332' title='bbox 1633 4060 1733 4111; x_wconf 88' lang='lat' dir='ltr'><strong>quo</strong></span> <span class='ocrx_word' id='word_1_333' title='bbox 1769 4042 1834 4095; x_wconf 74' lang='lat' dir='ltr'><strong>cf.</strong></span> <span class='ocrx_word' id='word_1_334' title='bbox 1874 4041 2094 4094; x_wconf 82' lang='lat' dir='ltr'><strong>Lobeck.</strong></span> <span class='ocrx_word' id='word_1_335' title='bbox 2134 4041 2254 4103; x_wconf 67' lang='lat' dir='ltr'><strong>Agl,</strong></span> 
     </span>
    </p>
   </div>
   <div class='ocr_carea' id='block_1_6' title="bbox 270 4119 637 4188">
    <p class='ocr_par' dir='ltr' id='par_1_8' title="bbox 270 4119 637 4188">
     <span class='ocr_line' id='line_1_39' title="bbox 270 4119 637 4188; baseline -0.022 -17"><span class='ocrx_word' id='word_1_336' title='bbox 270 4138 317 4188; x_wconf 70' lang='lat' dir='ltr'><strong>p.</strong></span> <span class='ocrx_word' id='word_1_337' title='bbox 363 4119 495 4175; x_wconf 75' lang='lat'><strong>103¹</strong></span> <span class='ocrx_word' id='word_1_338' title='bbox 528 4132 637 4184; x_wconf 70' lang='lat' dir='ltr'><strong>sqq.</strong></span> 
     </span>
    </p>
   </div>
  </div>
 </body>
</html>
