2764 4738
629 405 896 469 scnoL.
942 406 1053 470 AD
1099 406 1317 471 Pam„
1361 405 1695 472 s—-SAT,
1742 406 1807 483 1,
1853 414 1911 473 1.
2123 404 2254 473 247

202 578 266 637 in
306 574 501 637 Indiae
542 577 795 657 pertibus
839 580 1119 657 gignitur,
1176 579 1372 639 colore
1417 578 1613 652 viridi,
1663 589 1866 659 torque
1907 580 2148 659 punicea
2191 590 2255 641 et

203 660 408 741 grandi
451 662 641 741 lingua
682 674 744 723 et
783 667 996 724 ceteris
1042 663 1238 724 avibus
1280 665 1516 736 latiore,
1568 661 1715 724 unde
1745 665 2045 725 articulata
2075 664 2254 725 verba

205 749 474 825 exprimit
516 749 629 821 ita,
680 761 743 808 ut
785 751 834 809 si
876 769 1000 809 eam
1032 770 1144 810 nou
1172 751 1542 830 prospexeris
1573 759 1737 829 putes
1767 749 2046 810 hominem
2079 750 2251 829 loqui,

204 852 285 893 ex
314 843 517 892 natura
561 834 815 893 salutans
837 845 919 895 ·et
962 832 1159 895 dicens
1187 855 1295 894 ave
1322 836 1416 895 vel
1448 836 1620 895 cluere
1638 878 1657 906 ‚
1705 835 1851 915 qu'ae
1880 853 1988 914 pro
2016 854 2250 896 munere

206 918 450 978 offertur
478 920 733 997 regibus.
795 919 941 980 Nam
971 932 1171 981 cetera
1199 920 1375 980 verba
1406 922 1752 982 institutione
1794 920 1855 997 [i.
1885 941 1941 981 e.
1972 917 2250 998 doctrina]

205 1001 399 1062 discit.
475 1001 618 1064 Hinc
674 1015 767 1064 est
820 1003 954 1065 illud
989 1011 1047 1064 12
1104 1008 1377 1067 Pst'tacus
1436 1026 1473 1065 a
1517 1002 1681 1065 vobis
1721 1007 1973 1066 altorum
2017 1006 2251 1065 nomena

207 1090 372 1147 diseo
392 1131 411 1159 ‚
443 1091 570 1149 1100
605 1092 794 1150 didici
809 1110 928 1169 per
955 1111 1045 1150 me
1080 1093 1276 1150 dicere
1293 1116 1314 1151 .-
1362 1093 1591 1150 Caesar
1618 1111 1749 1151 ave.

207 1176 396 1233 Suum
442 1186 665 1247 antem,
713 1177 872 1255 qussi
914 1177 1235 1257 proprium,
1275 1187 1338 1236 ut
1366 1177 1701 1238 naturaliter
1727 1175 2025 1236 videantur
2055 1175 2245 1255 loqui,

207 1260 289 1319 ita
317 1269 542 1331 tamen,
586 1262 636 1319 si
673 1263 981 1321 esurierint
1015 1267 1058 1321 2.

382 1348 443 1406 9.
487 1345 516 1372 *
551 1348 888 1418 Conari,
947 1358 1022 1408 et
1082 1347 1453 1407 blandiri
1493 1346 1805 1424 legitur.
1835 1344 1864 1373 *
2174 1383 2190 1404 .

388 1434 488 1493 10.
537 1433 780 1490 Venter.
838 1430 1177 1511 Apologiam
1209 1432 1347 1491 facit
1374 1442 1581 1510 poeta,
1613 1451 1739 1490 nam
1772 1441 2013 1491 excusat
2040 1448 2106 1488 so
2136 1449 2250 1489 non

204 1512 487 1576 invidiose
531 1517 880 1595 scripsisse,
921 1528 984 1577 ut
1023 1528 1194 1597 poeta
1238 1528 1578 1595 appareret,
1634 1515 1737 1577 sed
1780 1518 1968 1596 potius
2012 1515 2249 1593 impulsu

206 1598 448 1681 quodam
480 1603 712 1673 mentis,
757 1603 886 1681 quia
928 1602 1156 1663 videbat
1195 1614 1330 1660 tuno
1374 1602 1577 1661 multos
1621 1602 1881 1680 poeticae
1924 1601 2248 1661 incumbere

205 1699 273 1747 et
301 1706 407 1765 per
435 1688 727 1746 transitum
759 1687 1040 1760 ostendit,
1086 1707 1150 1748 se
1181 1688 1415 1767 primum
1446 1689 1707 1765 coepisse
1738 1707 1910 1747 causa
1939 1689 2159 1758 vietus,
2191 1696 2251 1745 ut

206 1772 474 1831 salarium
502 1783 843 1833 mereretur.
891 1772 1033 1833 Nam
1062 1775 1351 1833 salarium
1391 1784 1484 1832 est
1510 1775 1689 1833 victus
1721 1774 1887 1832 unius
1917 1770 2051 1833 diei.

389 1862 488 1921 11.
536 1860 719 1917 Voces
750 1858 1053 1933 humanas,
1096 1869 1392 1938 negatas,
1424 1877 1528 1937 per
1557 1870 1833 1918 naturam.

386 1947 490 2005 12.
537 1945 746 2003 Dolori
796 1947 1050 2017 nummi,
1122 1943 1312 2003 callidi
1370 1954 1433 2003 et
1482 1945 1728 2020 potentis
1788 1941 1857 2003 ad
1905 1944 2251 2014 suasionem,

211 2025 360 2108 quod
420 2027 491 2088 ad
551 2047 715 2088 omne
772 2029 994 2089 facinus
1053 2029 1223 2090 facile
1285 2029 1557 2108 impellat.
1726 2027 2086 2107 Resulserit,
2157 2047 2251 2088 re-

212 2114 453 2191 fulgeat.

388 2203 486 2262 13.
539 2202 760 2259 Corvos
798 2209 1048 2278 poetas,
1096 2196 1243 2279 quod
1274 2202 1505 2259 corvino
1536 2199 1693 2259 lucro
1723 2196 1970 2271 inducti,
2015 2219 2125 2258 uon
2156 2218 2253 2257 so-

209 2284 322 2344 Ιιιιιι
352 2295 586 2345 enotare
619 2285 869 2362 possint,
910 2283 1015 2344 sed
1046 2286 1215 2344 etiam
1246 2305 1474 2345 carmen
1507 2286 1805 2363 effingere.

387 2376 489 2434 14.
534 2369 561 2403 ⁴
590 2373 1055 2450 Pegaseium
1097 2383 1404 2432 nectar.
1462 2371 1537 2432 lu
1579 2373 1757 2432 aliis
1788 2382 1904 2432 est
1943 2371 2194 2431 melos.
2225 2367 2252 2396 *

971 2574 1396 2638 SATIRA
1451 2575 1497 2636 1.

391 2717 446 2773 1.
496 2712 545 2770 0
571 2730 751 2771 ouras
772 2713 1080 2772 hominum.
1142 2711 1519 2792 semetipsum
1564 2708 1889 2791 redarguit,
1934 2707 2083 2792 quod
2127 2712 2251 2789 ipse

210 2797 481 2876 relinquit
509 2799 789 2869 earmina,
834 2817 979 2877 quae
1009 2798 1207 2877 vulgus
1239 2799 1512 2858 lecturum
1545 2817 1654 2856 non
1686 2800 1792 2867 sit,
1848 2798 2110 2878 quoniam
2138 2816 2252 2854 ιιοιι

210 2895 344 2942 sunt
372 2881 663 2959 vulgaria:
724 2895 784 2942 et
812 2881 958 2962 quod
990 2884 1212 2942 minime
1244 2886 1586 2943 conveniant
1613 2883 1845 2943 robusto
1875 2883 2139 2961 ingenio,
2195 2890 2255 2940 et

211 2967 426 3028 libidini
457 2969 778 3027 iuventutis.
824 2966 939 3028 Sed
971 2968 1113 3028 baec
1145 2979 1341 3048 satyra
1372 2969 1639 3029 scribitur
1669 2966 1738 3028 de
1771 2970 1873 3039 iis,
1904 2969 1996 3047 qui
2028 2967 2251 3046 publice

211 3064 447 3132 captant
504 3054 709 3112 famam
762 3053 1118 3133 eloquentiae
1179 3074 1255 3114 ex
1311 3056 1509 3115 favore
1553 3056 1954 3132 imperitorum.
2028 3053 2102 3111 Et
2145 3052 2253 3112 hoc

211 3139 372 3199 velot
415 3136 622 3216 dialogi
662 3158 843 3216 genus
892 3141 945 3197 iu
989 3141 1263 3219 principio
1311 3161 1386 3199 ex
1426 3159 1672 3219 persona
1717 3139 2124 3215 interrogantis
2168 3139 2255 3196 in·

212 3220 387 3285 ducit.
451 3222 552 3283 Ait
593 3243 735 3301 ergo
777 3242 957 3283 curas
998 3226 1286 3283 hominum
1339 3228 1580 3297 t‘nanes,
1641 3223 1787 3304 quod
1833 3224 2086 3282 homines
2127 3224 2253 3281 sine

212 3311 402 3369 fructu
462 3309 725 3368 laborare
783 3308 955 3368 videt.
1168 3269 1625 3410 *uQuantu’m
1689 3321 1809 3370 est
1873 3330 1947 3370 ιιι
2018 3307 2253 3369 rebus

214 3415 473 3454 ruane.
552 3392 908 3454 Graecum
983 3404 1141 3455 est.
1215 3390 1399 3455 ὅσον
1449 3390 1530 3455 τὸ
1600 3391 1840 3458 κενόν.
2074 3393 2257 3454 Deest

213 3492 401 3539 autem
449 3479 756 3551 humanis,
802 3491 864 3539 ut
907 3481 982 3538 sit
1025 3483 1086 3540 in
1130 3481 1308 3541 rebus
1351 3481 1642 3541 humanis.
1830 3482 2018 3541 Inane
2067 3489 2256 3539 autem

211 3585 450 3625 vacuum
482 3584 549 3624 ae
580 3565 799 3624 ratione
831 3585 1062 3627 carens.
1838 3592 1843 3598 ·

216 3819 242 3870 1
280 3816 510 3868 Martini.
543 3815 685 3879 XlV,
725 3819 810 3872 73.

211 3889 248 3942 2
306 3886 366 3937 C.
408 3886 588 3937 Barth.
628 3856 795 3939 Allvv.
835 3885 968 3949 LVI,
1005 3888 1041 3942 2
1077 3888 1387 3939 eood.1us.
1426 3864 1591 3939 edidit
1624 3888 1705 3952 glo
1680 3903 1826 3940 ossas
1861 3889 1926 3939 ad
1975 3885 2259 3956 prologum.

284 3954 480 4005 nullius
514 3952 560 4003 fe
533 3972 618 4006 ere
649 3957 826 4024 pretii,
864 3956 964 4007 uisi
988 3957 1120 4023 quod
1154 3957 1216 4008 ad
1246 3958 1297 4008 Ιι.
1324 3973 1380 4008 v.
1406 3957 1475 4007 ibi
1514 3957 1743 4021 legitur.
1783 3957 2055 4017 „.C11aero
2092 3956 2257 4008 salve.

282 4023 626 4144 (Ξιζτιιιιὲἑιο“
595 4027 809 4090 scribit,
869 4025 1146 4078 Caesarem
1185 4027 1426 4079 habuisse
1476 4027 1752 4093 psittacum
1803 4025 1902 4093 ipsi
1948 4025 2129 4078 erebro
2170 4025 2265 4077 hoe

287 4110 304 4144 ι
362 4107 454 4145 ran
513 4097 602 4145 m.‘
