2764 4738
616 428 742 496 150
1282 432 1453 494 sAT.
1511 433 1606 507 111,
1636 438 1721 498 28
1750 468 1838 479 —
1866 437 1968 497 32.

613 604 704 663 Cf.
736 604 802 663 R.
835 603 1115 665 Rochette
1160 608 1333 687 peint.
1380 617 1510 664 ant.
1540 603 1692 665 ined.
1737 626 1793 685 p.
1825 608 1951 668 342
1980 621 2106 682 sqq.
2127 646 2146 674 ,
2190 605 2289 683 qui
2319 615 2508 663 tamen
2538 601 2634 661 Pli-

613 691 760 748 nium
793 691 969 749 inutili
1009 693 1338 751 coniectura
1369 699 1552 750 tentat
1581 701 1642 750 et
1671 711 1705 750 a
1737 711 1801 750 re
1833 690 2017 749 aliena
2047 691 2349 750 immiscet.
2440 687 2634 747 Eodem

614 796 724 853 quo
771 775 1001 834 Persius
1040 798 1093 836 v.
1138 779 1298 836 rami
1330 777 1505 835 utitur
1547 775 1747 835 Isidor.
1783 774 1980 853 Origg.
2013 774 2113 846 IX,
2158 777 2235 836 6:
2296 772 2633 845 „Stemmata

613 859 872 919 dicuntur
890 861 1210 933 ramusculi,
1259 882 1400 941 quos
1432 860 1690 920 advocati
1711 862 1923 920 faciunt
1951 862 2005 918 in
2038 878 2258 937 genere
2289 879 2414 919 cum
2446 857 2632 937 gradus

613 948 1009 1022 cognationum
1041 949 1422 1026 partiuntur.“
1461 949 1708 1006 Tuscum
1723 959 1958 1006 stemma
1989 944 2143 1015 dicit,
2160 946 2295 1024 quia
2312 945 2483 1002 Tusci
2512 963 2632 1023 prae

612 1034 824 1090 ceteris
857 1032 1159 1090 nobilitatis
1188 1035 1451 1112 antiquae
1480 1032 1720 1110 gloriam
1749 1031 2070 1108 captabant,
2087 1051 2145 1090 v.
2167 1030 2402 1089 Mulier.
2423 1029 2630 1088 Etrnsk.

611 1117 724 1196 lp.
761 1120 884 1178 402
927 1137 1047 1196 sq.,
1093 1128 1153 1177 et
1198 1120 1328 1197 qnia
1372 1120 1497 1196 ipse
1541 1136 1758 1195 genere
1790 1117 2010 1175 Tuscus
2040 1118 2175 1187 fuit,
2222 1117 2390 1175 cuius
2421 1116 2630 1192 originis

612 1200 758 1260 haud
800 1222 966 1261 unum
1012 1204 1202 1261 satiris
1260 1204 1561 1280 vestigium
1604 1204 1932 1282 impressum
1978 1212 2092 1260 est.
2180 1200 2320 1260 Vox
2359 1201 2631 1259 millesime

611 1305 941 1366 quamquam
988 1307 1097 1346 non
1144 1307 1283 1348 sane
1327 1285 1636 1366 premenda
1680 1289 1824 1358 erit,
1856 1281 2146 1366 quon'sque
2175 1296 2369 1345 tamen
2402 1286 2629 1344 insaniae

612 1374 781 1431 etiam
814 1371 1047 1431 Romani
1092 1375 1384 1451 progressi
1431 1374 1675 1444 fuerint,
1727 1370 1898 1431 docet
1924 1372 2017 1430 vel
2048 1370 2269 1430 Galbae
2321 1370 2627 1449 exemplum,

611 1459 704 1536 qui
735 1467 971 1516 stemma
1011 1460 1066 1516 in
1116 1461 1261 1517 atrio
1292 1459 1618 1537 proposuit,
1666 1478 1774 1537 quo
1817 1468 2108 1534 paternam
2153 1458 2432 1534 originem
2463 1454 2526 1513 ad
2552 1456 2627 1513 lo-

606 1562 758 1613 vem,
790 1554 1097 1602 maternam
1118 1542 1186 1601 ad
1206 1543 1528 1620 Pasiphaen
1559 1543 1758 1602 retulit
1790 1541 1977 1617 (Suet.
2000 1540 2165 1601 Galb.
2189 1546 2284 1612 2),
2316 1552 2376 1600 et
2402 1537 2625 1599 Euclidis

610 1625 757 1705 apud
785 1627 1099 1687 Martialem
1145 1628 1240 1703 (V,
1271 1632 1373 1700 35,
1407 1634 1502 1702 4),
1549 1630 1640 1707 qui
1672 1628 1894 1706 longum
1935 1626 2170 1705 pulchra
2215 1638 2452 1688 stemma
2481 1644 2625 1702 repe-

609 1712 769 1771 tebat
799 1732 832 1771 a
863 1713 1040 1773 Leda.
1078 1711 1356 1793 Sequenti
1388 1734 1474 1772 vs.
1506 1715 1759 1791 equitem
1789 1712 2179 1790 municipalem
2229 1708 2623 1788 intelligendum

610 1816 746 1856 esse
792 1797 982 1856 docuit
1023 1796 1300 1858 Niebuhr.
1348 1798 1520 1870 (Mus.
1567 1797 1746 1857 Rhea.
1806 1798 1918 1876 Ip.
1956 1801 2079 1859 354
2111 1801 2304 1876 sqq.),
2347 1797 2422 1856 cl.
2458 1793 2620 1854 Strab.

609 1881 684 1941 111
713 1902 768 1961 p.
806 1885 925 1945 169
954 1882 1028 1942 A.
1064 1881 1221 1942 Suet.
1252 1883 1403 1960 Aug.
1435 1887 1537 1945 46.
1569 1882 1642 1942 V.
1674 1882 2001 1963 Marquardt
2046 1883 2178 1941 hist.
2214 1883 2460 1962 equitum
2487 1880 2621 1938 Rom.

608 1987 669 2046 p.
706 1971 788 2028 87
820 1987 943 2047 sqq.
1034 1966 1305 2027 Similiter
1332 1968 1376 2040 1,
1425 1973 1545 2031 129
1578 1988 1668 2049 sq.
1719 1969 1924 2026 fastum
1970 1969 2398 2044 magistratuum
2425 1967 2622 2045 provin·

609 2052 832 2111 cialium
863 2050 1081 2123 derisit,
1113 2055 1218 2132 qu‘r
1239 2054 1588 2131 ineptissime
1621 2053 1918 2132 superbire
1951 2053 2155 2112 solent.
2203 2052 2367 2111 Tunc
2397 2069 2451 2111 v:
2487 2061 2620 2108 mm

609 2156 836 2196 sensum
869 2136 1038 2196 habet
1067 2148 1274 2218 aptum,
1306 2137 1552 2217 oppiduli
1596 2139 1673 2196 tui
1705 2157 2035 2209 censorem,
2068 2157 2194 2195 nam
2228 2137 2620 2214 municipiorum

610 2223 1090 2302 quinquennales,
1140 2225 1232 2302 qui
1279 2242 1579 2283 censuram
1623 2223 1903 2301 agebant,
1956 2240 2233 2281 censores
2283 2223 2618 2288 vocabantur,

607 2308 686 2366 cf.
722 2306 1010 2387 Savigny,
1059 2305 1269 2367 Gesch.
1315 2306 1370 2366 d.
1419 2307 1485 2367 R.
1519 2307 1731 2367 Rechts
1776 2309 1847 2366 im
1879 2307 2212 2367 Mittelalter
2257 2309 2369 2389 lp.
2410 2311 2479 2367 41
2515 2322 2618 2383 sqq·

606 2392 855 2452 Dirksen
902 2393 973 2452 ad
1017 2394 1167 2453 tabb.
1217 2394 1445 2453 Heracl.
1492 2415 1548 2472 p.
1595 2399 1713 2456 184
1760 2414 1884 2474 sqq.
1965 2394 2195 2452 Trabea
2247 2405 2431 2453 autem
2470 2389 2616 2450 induti

608 2488 773 2538 erant
802 2480 1022 2557 equites
1052 2481 1105 2537 in
1138 2480 1374 2537 solemni
1410 2482 1833 2538 transvectione
1865 2491 1997 2538 ante
2029 2499 2355 2551 censorem,
2387 2479 2458 2537 cf.
2485 2476 2614 2534 blar-

608 2561 842 2643 quardt,
885 2564 1017 2622 hist.
1062 2566 1308 2643 equitum
1348 2564 1509 2624 Rom.
1554 2586 1608 2642 p.
1659 2568 1738 2627 66
1782 2586 1909 2645 sqq.
1988 2564 2210 2624 Usitata
2273 2575 2365 2623 est
2404 2560 2612 2639 antiquis

606 2648 975 2725 scriptoribus
1023 2659 1134 2707 tam
1182 2649 1418 2708 Graecis
1448 2670 1608 2730 quam
1641 2648 1860 2708 Latinis
1904 2650 2045 2709 haec
2086 2652 2354 2709 attractio
2383 2644 2613 2712 vocativi,

608 2733 787 2813 qualis
820 2733 879 2793 h.
914 2735 955 2794 l.
990 2735 1046 2792 in
1076 2736 1379 2794 millesime
1408 2746 1467 2793 et
1500 2736 1791 2806 trabeate,
1812 2737 1889 2794 cf.
1922 2737 2098 2814 intpp.
2117 2734 2371 2795 Theocr.
2406 2727 2611 2799 XXVII,

609 2822 711 2881 66.
757 2818 918 2896 Virg.
963 2818 1111 2878 Aen.
1160 2818 1228 2886 ΙΙ,
1271 2824 1416 2882 283.
1461 2819 1598 2878 Hor.
1648 2818 1768 2878 Sat.
1812 2818 1884 2891 11,
1930 2824 1988 2892 6,
2031 2824 2137 2882 20.
2186 2819 2318 2879 Tib.
2361 2817 2404 2890 Ι,
2446 2824 2498 2887 7,
2528 2818 2610 2876 53.

605 2903 800 2963 Heinr.
833 2903 905 2962 ad
935 2904 1127 2963 loven.
1162 2904 1259 2975 Vl,
1290 2910 1436 2967 277.
1483 2903 1737 2964 Permiro
1781 2925 1922 2965 vero
1966 2906 2206 2983 repetita
2254 2915 2347 2965 est
2375 2899 2611 2983 particula

606 2988 939 3048 disiunctiva
971 3008 1430 3049 censoremve—
1451 2991 1568 3061 vel,
1611 2989 1757 3069 quod
1790 3012 1899 3048 non
1931 2993 2034 3049 nisi
2068 3010 2141 3049 ex
2170 2988 2468 3049 illaudabili
2496 3004 2609 3064 qua·

606 3073 733 3133 dam
775 3074 1121 3153 negligentia
1166 3076 1439 3154 explicari
1482 3086 1703 3154 potest,
1750 3095 1924 3155 quare
1956 3074 2101 3134 hand
2135 3078 2351 3145 mirum,
2383 3076 2425 3132 si
2456 3071 2608 3130 simile

604 3160 918 3238 exemplum
939 3181 1048 3218 non
1067 3161 1455 3238 potestafl'erri
1475 3184 1490 3232 ς
1511 3181 1633 3218 nam
1651 3161 1796 3241 quod
1812 3161 2046 3219 affertur
2060 3162 2267 3220 Tibulli
2292 3161 2407 3235 (IV,
2428 3160 2606 3228 1‚91):

604 3249 793 3317 „Aut
821 3247 943 3324 quis
964 3265 1161 3324 equum
1195 3246 1512 3305 celeremue
1541 3257 1702 3304 arcto
1720 3258 2088 3325 compescere
2120 3247 2287 3305 freno
2317 3246 2536 3325 possit,“
2561 3241 2606 3297 in

603 3349 676 3389 eo
707 3332 928 3388 variant
957 3330 1083 3389 libri
1126 3349 1233 3390 nec
1280 3333 1461 3390 critici
1494 3335 1867 3390 consentiunt.
1912 3332 2204 3390 Phalerae
2236 3343 2365 3390 sunt
2393 3325 2604 3409 praemia

602 3416 892 3487 militaria,
951 3418 1285 3494 praesertim
1346 3419 1622 3496 equitum,
1682 3418 1759 3475 cf.
1820 3416 2048 3474 Ernesti
2106 3417 2252 3475 clav.
2314 3417 2427 3474 Cic.
2481 3432 2522 3470 s.
2559 3429 2602 3465 v·

602 3501 895 3580 Haymanu
941 3501 1106 3559 Anm.
1154 3522 1206 3560 z.
1249 3500 1566 3579 Nieupoort
1596 3522 1651 3579 p.
1702 3507 1842 3563 148.
1878 3501 2135 3574 Lersch,
2188 3501 2538 3561 Genu-almus.
2566 3492 2604 3552 ll

601 3607 656 3666 p.
690 3592 751 3649 2.
815 3585 1085 3646 Similiter
1114 3585 1247 3646 dicit
1280 3586 1611 3645 Plutarchus
1646 3585 1741 3661 (de
1773 3607 1900 3665 cup.
1934 3586 2048 3646 div.
2089 3590 2189 3659 10)
2230 3582 2305 3646 τὰ
2331 3586 2432 3645 τοῦ
2453 3574 2602 3641 πλού-

600 3691 706 3729 του
733 3667 1000 3753 φάλαρα.
1054 3672 1149 3730 His
1182 3684 1348 3752 atque
1381 3672 1584 3731 talibus
1630 3694 1738 3731 non
1773 3673 1987 3731 fallitur
2015 3674 2115 3730 nisi
2148 3674 2382 3750 populus
2410 3664 2601 3745 imperi-

601 3765 713 3826 tus,
746 3775 856 3834 ego
887 3758 1018 3815 novi
1050 3768 1104 3816 te
1136 3759 1293 3816 intus
1327 3764 1404 3832 (v.
1438 3762 1541 3819 42.
1561 3757 1633 3829 V,
1671 3761 1815 3830 129)
1849 3769 1906 3817 et
1938 3759 2149 3816 incute
2180 3759 2256 3817 cf.
2290 3757 2360 3827 V,
2395 3756 2501 3816 116
2527 3767 2595 3827 sq·

600 3841 790 3899 Natta
822 3860 897 3900 ex
927 3842 1158 3900 Horatio
1205 3851 1336 3917 (sat.
1368 3843 1413 3913 1,
1447 3847 1506 3914 6,
1552 3847 1696 3916 124)
1746 3841 2058 3903 desumtum
2090 3862 2292 3902 nomen
2337 3852 2438 3901 est.
2486 3837 2597 3895 Dis-

600 3928 851 3985 cinctum
880 3937 1064 3985 autem
1110 3927 1425 4005 procedere
1458 3928 1784 3987 luxuriosae
1803 3939 1862 3987 et
1891 3925 2205 3987 dissolutae
2235 3929 2383 3987 vitae
2413 3926 2595 4001 signum

601 4021 747 4082 erat,
778 4012 859 4071 cf.
896 4010 1031 4071 Seu.
1063 4032 1191 4090 epp.
1242 4014 1445 4083 CXIV,
1475 4011 1536 4074 4.
1585 4018 1643 4076 6.
1677 4014 1785 4074 Dio
1818 4014 1881 4072 C.
1915 4012 2122 4086 Lx111‚
2158 4017 2255 4076 13.
2287 4015 2452 4090 intpp.
2484 4006 2592 4066 Hor·

602 4096 767 4174 cpod.
817 4097 861 4170 Ι,
908 4101 1009 4160 34.
1083 4101 1300 4176 Stupet
1338 4101 1516 4171 vitio,
1565 4100 1714 4159 vitiis
1758 4099 1992 4159 obrutus
2039 4118 2113 4160 ne
2159 4118 2380 4159 sensum
2411 4088 2594 4173 quidem
