2764 4738
551 385 676 452 1oe
1269 390 1435 452 SAT.
1468 392 1512 463 1,
1543 397 1626 456 80
1655 427 1739 438 —
1769 397 1872 456 83.

552 561 983 640 explicationem
1014 573 1276 641 spectare
1320 560 1394 623 ad
1423 583 1476 621 v.
1492 563 1739 642 pelves,
1782 563 1857 622 cf.
1889 561 2084 624 Sebol.
2133 562 2251 625 luv.
2295 564 2391 637 111,
2421 568 2543 628 277
2563 589 2583 624 t

552 648 814 719 „Pelves
833 692 854 719 ‚
887 647 1173 718 conchae,
1211 649 1268 706 in
1297 648 1497 729 quibus
1529 645 1708 726 pedes
1725 648 1912 708 lavant
1937 660 2036 709 aut
2063 669 2201 709 vasa
2233 649 2446 723 fictilia,
2476 671 2588 710 πο-

554 728 928 814 δόνιπτρα,“
941 732 1034 792 ubi
1064 753 1118 792 v.
1146 732 1339 792 Heinr.
1370 744 1431 793 et
1458 731 1741 813 Scbopeu.
1764 733 2009 794 Videtur
2036 734 2268 794 Persius
2295 738 2482 814 potius
2511 735 2584 794 ad

552 818 710 877 varia
739 828 799 876 et
828 816 1058 877 diversa
1086 820 1438 898 respexisse,
1470 838 1615 898 quae
1642 820 1699 877 in
1730 820 1828 878 tali
1859 821 2147 899 sartagine
2168 822 2578 900 coquebantur.

550 903 816 962 Dedecus
847 903 923 962 cf.
956 902 1186 962 Hieron.
1215 905 1273 962 in
1301 904 1419 963 Iov.
1447 903 1471 963 1
1498 915 1541 962 t.
1572 903 1669 975 lv,
1700 908 1739 967 2
1767 925 1826 984 p.
1871 910 1989 967 145
2005 906 2180 964 Ben.:
2226 905 2410 985 Rogo,
2441 924 2586 986 quae

553 999 686 1047 snut
730 988 872 1046 baec
924 999 1187 1067 portenta
1231 990 1567 1060 verborum,
1635 990 1782 1069 quod
1836 992 2085 1051 dedecus
2150 992 2582 1072 descriptionis.

559 1073 871 1134 bonulus
898 1094 1097 1133 nomeu
1140 1075 1424 1153 antiquum
1464 1076 1711 1154 equitum
1757 1075 2130 1135 Romanorum
2161 1077 2283 1147 fuit,
2332 1077 2403 1136 ab
2444 1079 2588 1136 anti-

552 1160 679 1239 quis
710 1161 817 1218 iam
842 1161 1001 1218 varie
1029 1161 1366 1238 explicatum
1393 1161 1495 1234 (cf.
1522 1159 1762 1220 Salmas.
1790 1159 1860 1220 ad
1877 1160 2007 1221 Aet.
2035 1161 2265 1240 Lampr.
2303 1162 2516 1220 Comm.
2545 1166 2585 1223 2

553 1255 601 1306 t.
633 1244 725 1323 lp.
757 1249 883 1307 476
912 1264 997 1324 sq.
1029 1244 1300 1305 Klausen.
1328 1243 1477 1305 Aen.
1496 1245 1548 1304 11
1572 1267 1628 1323 p.
1653 1249 1777 1309 822
1796 1251 1928 1326 sq.),
1961 1246 2108 1328 quod
2125 1247 2445 1307 obsoletum
2466 1248 2586 1306 fac-

551 1339 668 1390 tum
683 1340 827 1400 erat,
845 1332 922 1388 ita
935 1342 997 1389 ut
1013 1331 1214 1389 multos
1233 1331 1354 1390 eius
1372 1329 1630 1410 puderet.
1691 1330 1847 1391 Unde
1866 1344 2069 1411 postea
2087 1352 2156 1391 ea
2175 1334 2588 1410 significatione

551 1416 607 1475 in
624 1434 781 1476 usum
798 1416 970 1487 venit,
986 1436 1093 1495 qua
1110 1418 1368 1475 iuvenem
1396 1414 1692 1476 delicatum
1721 1436 1754 1476 e
1771 1437 2065 1497 procerum
2084 1437 2316 1477 numero
2345 1429 2586 1477 notaret.

552 1499 1124 1580 ItaapudVarrouem
1147 1504 1204 1560 iu
1222 1500 1580 1582 Sesquiulixe
1617 1509 1731 1581 (ap.
1751 1502 1900 1562 Non.
1937 1523 2054 1562 s.v.
2080 1503 2384 1577 tros-suto:
2429 1502 2591 1562 Nunc

557 1598 747 1646 emunt
773 1587 1000 1645 trossuli
1033 1585 1210 1646 nardo
1241 1587 1398 1645 nitidi
1427 1588 1598 1666 vulgo
1625 1587 1819 1649 Attico
1858 1588 2072 1647 talento
2099 1609 2323 1670 equum.
2366 1587 2591 1648 Seneca

556 1678 710 1751 (epp.
728 1671 1075 1743 LXXXVII,
1092 1675 1152 1744 8,
1171 1692 1231 1750 p.
1251 1676 1372 1735 343
1396 1671 1651 1747 Schw.):
1699 1673 1744 1733 0
1775 1695 1938 1754 quam
1956 1674 2317 1752 cuperemilli
2337 1673 2588 1747 (Catoni)

555 1776 702 1817 nunc
730 1777 1036 1817 occurrere
1083 1757 1323 1838 aliquem
1369 1777 1445 1817 ex
1488 1758 1575 1816 his
1621 1761 1883 1819 trossulis
1916 1761 1970 1817 in
2013 1762 2106 1818 via
2154 1759 2459 1833 divitibus3
2510 1760 2589 1819 cl'.

557 1862 650 1920 ep.
678 1841 940 1915 LXXVI,
977 1848 1032 1914 1,
1063 1864 1118 1923 p.
1148 1847 1308 1906 266:
1355 1841 1502 1916 Quid
1531 1848 1714 1922 ergo?
1756 1843 1902 1904 idem
1929 1846 2151 1916 faciam,
2181 1843 2332 1925 quod
2361 1845 2593 1904 trossuli

557 1938 619 1988 et
641 1930 918 1987 iuvenes?
975 1929 1263 2002 (Conferri
1291 1939 1482 2007 potest
1509 1940 1761 1988 nostrum
1789 1931 2057 2002 Junker.)
2119 1929 2260 1989 Hinc
2288 1930 2594 1989 trossulum

557 2011 697 2072 dicit
723 2014 903 2073 levem
935 2015 972 2072 i.
1002 2033 1055 2073 e.
1082 2013 1176 2073 vel
1207 2014 1513 2074 imberbem
1547 2014 1707 2088 (Hor.
1750 2035 1922 2075 carm.
1951 2014 2049 2087 IV,
2081 2018 2141 2087 6,
2188 2019 2291 2078 28.
2334 2015 2455 2075 Iuv.
2498 2014 2595 2084 111,

564 2103 706 2161 111.
747 2097 970 2157 Ruhnk.
999 2119 1089 2179 ep.
1122 2100 1249 2159 crit.
1289 2100 1313 2158 1
1339 2120 1394 2179 p.
1425 2104 1554 2172 66),
1599 2101 1688 2158 vel
1733 2100 2035 2180 levigatum
2071 2100 2212 2174 (luv.
2246 2100 2346 2173 lx,
2378 2104 2483 2172 95,
2515 2101 2593 2159 cf.

557 2181 630 2243 ad
658 2183 757 2255 lv,
787 2188 870 2247 33
896 2191 1063 2264 sqq.).
1107 2185 1419 2258 Exsultat,
1452 2183 1524 2244 de
1556 2187 1721 2244 nimia
1750 2189 1806 2245 in
1833 2184 2109 2246 laudando
2144 2196 2207 2246 et
2229 2184 2597 2245 acclamando

562 2269 811 2340 licentia,
842 2290 1006 2349 quam
1034 2272 1090 2329 iu
1118 2272 1310 2348 pueris
1342 2269 1713 2330 cohibendam
1748 2271 1880 2331 dicit
1910 2271 2282 2344 Quintilianus
2315 2271 2409 2345 (ΙΙ,
2428 2275 2491 2342 2,
2507 2275 2595 2342 9).

562 2356 655 2436 qui
689 2353 758 2415 de
789 2376 895 2434 suo
932 2366 1224 2436 tempore:
1276 2354 1354 2415 At
1399 2377 1578 2428 nunc,
1626 2357 1739 2429 ait,
1784 2359 1947 2437 proni
1989 2367 2159 2438 atque
2203 2358 2480 2417 succincti
2524 2354 2596 2416 ad

561 2461 780 2500 omnem
811 2441 1114 2501 clausulam
1147 2463 1253 2501 non
1286 2453 1601 2521 exsurgunt
1632 2442 1817 2514 modo,
1845 2463 2040 2502 verum
2072 2445 2240 2502 etiam
2267 2454 2597 2515 excurrunt,

562 2538 623 2588 et
647 2546 768 2586 cum
800 2528 1074 2586 indecora
1106 2529 1505 2588 exsultatione
1532 2527 1885 2590 conclamant
1914 2528 2007 2602 (ll,
2035 2533 2096 2600 2,
2129 2533 2253 2599 12),
2286 2548 2433 2610 quae
2465 2527 2598 2587 Plu-

565 2613 746 2671 tarch.
788 2609 883 2685 (de
923 2612 1052 2672 aud.
1095 2617 1157 2686 5)
1211 2609 1320 2682 τὰς
1365 2608 1634 2695 κραυγὰς
1692 2613 1795 2673 καῖ
1839 2609 1979 2683 τούς
2018 2609 2334 2697 θορύβους
2376 2612 2484 2672 καῖ
2521 2608 2599 2671 τὰ

562 2693 881 2774 πηδήματα
908 2698 1027 2758 τῶν
1054 2693 1369 2781 παρόντων
1399 2709 1589 2757 vocat.
1651 2700 1953 2759 Subsellia
1984 2698 2055 2757 ob
2083 2699 2138 2757 id
2163 2697 2309 2778 quod
2338 2701 2601 2779 sequitur

565 2783 879 2861 exemplum
922 2784 1131 2842 rectius
1171 2784 1422 2842 fortasse
1463 2781 1532 2843 de
1562 2783 1804 2854 iudicio,
1856 2804 2019 2864 quam
2065 2781 2135 2844 de
2184 2782 2466 2843 auditorio
2510 2786 2599 2842 in-

564 2868 911 2946 telliguntur.
1446 2891 1453 2899 ·
2524 2878 2527 2885 “

732 2973 787 3011 v.
820 2956 1091 3016 83—91.
1151 2952 1242 3014 Ne
1291 2972 1431 3012 vero
1462 2952 1683 3035 quidem
1720 2955 1975 3033 periculo
2002 2954 2095 3013 vel
2138 2951 2335 3013 dolore
2365 2956 2600 3033 reprimi

564 3050 756 3118 potest
794 3040 958 3097 inane
991 3038 1123 3098 illud
1155 3037 1395 3098 studium
1453 3041 1705 3099 artificiis
1753 3049 1814 3098 et
1850 3040 1981 3099 fuco
2022 3040 2294 3099 orationis
2338 3040 2599 3118 plausum

565 3124 767 3183 turbae
793 3121 1069 3183 merendi.
1115 3122 1280 3196 Quod
1305 3123 1522 3184 duobus
1563 3127 1837 3204 exemplis
1864 3125 2199 3184 illustratur.
2271 3124 2359 3185 De
2393 3123 2600 3183 eadem

566 3229 632 3269 re
663 3211 830 3268 etiam
874 3208 1245 3281 Quintilianus
1297 3212 1585 3289 queritur,
1631 3213 1685 3270 in
1715 3214 1840 3290 ipsa
1875 3212 2076 3289 capitis
2120 3221 2216 3269 aut
2249 3211 2601 3269 fortunarum

572 3294 824 3373 pericula
860 3296 1132 3374 irrupisse
1160 3295 1504 3373 voluptatem
1547 3296 1670 3369 (IV,
1702 3301 1763 3368 2,
1800 3301 1975 3370 122),
2003 3306 2063 3355 et
2092 3298 2198 3355 iam
2232 3314 2371 3354 esse
2396 3315 2601 3374 reper-

567 3392 681 3439 tum
713 3399 916 3439 causas
969 3400 1145 3459 agere
1176 3401 1284 3439 non
1315 3379 1387 3439 ad
1415 3382 1710 3441 utilitatem
1741 3383 2114 3460 litigatorum,
2161 3378 2261 3440 sed
2300 3379 2371 3439 ad
2404 3393 2602 3460 patro-

569 3485 765 3524 norum
807 3467 1163 3525 iactationem
1206 3465 1328 3540 (IV,
1375 3470 1436 3538 3,
1479 3470 1566 3541 2).
1656 3470 1855 3547 Caput
1893 3486 2098 3527 canum
2142 3469 2406 3525 usitatum
2454 3465 2601 3545 apud

571 3561 794 3629 poetas,
836 3551 913 3610 cf.
959 3551 1208 3611 Huscbk.
1251 3550 1322 3610 ad
1353 3552 1479 3611 Tib.
1520 3552 1565 3624 1,
1602 3558 1658 3624 1,
1688 3557 1789 3616 72.
1885 3554 2095 3631 Capiti
2133 3570 2280 3612 cano
2319 3552 2601 3611 ablativus

571 3654 704 3695 esse
729 3634 970 3707 videtur,
1000 3649 1062 3695 ut
1088 3635 1234 3717 apud
1259 3637 1533 3697 Catullum
1569 3637 1850 3712 (vanl,
1883 3641 2061 3709 123):
2109 3636 2363 3695 Suscitat
2388 3657 2427 3695 a
2455 3658 2605 3697 cano

570 3721 869 3779 volturium
899 3725 1108 3802 capiti,
1149 3735 1208 3782 et
1238 3721 1384 3802 apud
1423 3723 1630 3783 Tibull.
1663 3724 1700 3782 l.
1736 3724 1772 3783 1.
1801 3742 1836 3783 a
1871 3720 2015 3782 codd
2036 3767 2051 3781 .
2105 3723 2298 3801 capiti
2330 3723 2603 3792 firmatur,

572 3824 683 3864 non
714 3808 927 3885 capite.
1016 3806 1358 3889 Quamquam
1404 3811 1453 3868 si
1484 3809 1727 3868 dativum
1758 3809 2024 3888 accipias,
2052 3808 2235 3886 possit
2264 3805 2320 3864 id
2351 3808 2603 3868 fortasse

573 3888 804 3951 defendi
843 3902 1125 3953 structura
1160 3894 1322 3953 simili
1360 3913 1416 3952 v·
1446 3893 1800 3974 defendere,
1851 3904 1915 3953 ut
1949 3892 2097 3972 apud
2122 3892 2422 3970 Virgilium
2455 3893 2601 3968 (Ecl.

576 3974 700 4046 Vll,
730 3962 869 4049 47):
928 3978 1258 4038 Solstitium
1294 3982 1510 4059 pecori
1536 3977 1869 4058 defendite,
1912 3989 1972 4038 et
2007 3977 2299 4037 Horatium
2328 3984 2531 4051 (carm.
2561 3977 2602 4049 1,

578 4065 676 4132 17,
713 4065 808 4134 3):
855 4063 1095 4140 Ignem
1128 4062 1406 4143 dffendet
1426 4075 1708 4125 aestatem
1738 4064 2007 4144 capellis.
2057 4061 2274 4124 Eodem
2302 4061 2474 4123 modo
2503 4083 2600 4123 nos

407 4308 744 4525 Ἣ
