2764 4738
434 383 566 455 310
780 389 1044 451 SCHOL.
1073 388 1180 449 AD
1213 387 1384 451 SAT.
1419 389 1514 460 111,
1550 393 1664 452 111
1685 423 1765 434 ——
1782 394 1924 453 117.
1954 388 2055 463 w,
2079 395 2140 453 1.

434 562 862 643 pulmentarium
909 558 1194 634 habente,
1235 556 1339 621 sed
1385 561 1595 621 misero
1640 572 1702 621 et
1744 572 2087 641 egestuoso,
2132 560 2288 621 velut
2328 560 2485 621 tales

438 653 529 729 qui
562 659 692 707 sunt
721 649 971 727 algeant.
1033 647 1281 706 Positum
1327 657 1423 706 est
1465 648 1519 705 in
1567 648 1754 706 catino
1785 646 1945 719 olus,
1988 657 2048 707 et
2077 649 2263 727 posita
2293 649 2485 706 farina

435 755 549 794 non
580 735 801 793 scilicet
831 734 1039 793 catino.
1096 734 1379 791 Farinam
1421 752 1565 792 nnnc
1609 751 1811 812 panem
1843 730 2010 792 dicit:
2055 745 2117 792 et
2144 734 2289 792 bunc
2319 733 2487 811 fingit

434 820 728 898 gregalem
791 829 852 878 et
902 817 1179 898 plebeium
1239 837 1375 878 esse
1433 819 1695 897 positum.
1763 818 1885 878 Hoc
1930 818 2116 879 valet:
2174 819 2483 898 Fingamus

437 906 643 985 apponi
674 904 808 974 tibi,
854 906 949 985 qui
981 905 1270 963 consuesti
1303 902 1621 981 elegantius
1653 904 1866 963 vivere.

614 994 754 1052 113.
807 992 1111 1049 Tentemus
1125 987 1363 1067 fauces.
1415 989 1705 1048 Invitantis
1734 989 1930 1048 verba.
2069 990 2292 1051 Tenere
2330 990 2488 1053 latet

435 1077 638 1146 ulcus,
687 1070 1093 1157 ἀλληγορικῶς
1132 1076 1323 1135 vitium
1355 1074 1490 1133 labii
1520 1071 1656 1134 dicit
1684 1094 1842 1133 usum
1873 1073 2163 1134 vescendi.

614 1165 755 1224 114.
804 1162 972 1237 Quod
1013 1171 1199 1219 autem
1246 1179 1362 1218 nou
1409 1162 1651 1232 deceat,
1709 1170 1807 1219 aut
1846 1158 1992 1240 quod
2037 1181 2147 1219 non
2195 1169 2482 1239 oporteat,

436 1244 585 1328 qnod
630 1248 927 1323 impatiens
966 1246 1066 1305 sit:
1127 1247 1342 1304 radere
1385 1245 1492 1305 boc
1542 1265 1889 1324 exasperare
1936 1244 2072 1306 dicit
2115 1246 2298 1306 ulcus.
2372 1246 2486 1304 Est

434 1334 581 1392 alter
623 1351 861 1391 sensns:
928 1329 1057 1390 Non
1102 1331 1318 1391 levibus
1364 1340 1463 1388 aut
1507 1330 1868 1410 popularibus
1921 1331 2062 1390 cibis
2123 1333 2205 1390 tui
2266 1329 2486 1389 fastidii

440 1418 631 1478 ulcera
688 1427 927 1496 possunt
969 1418 1219 1496 purgari.
1294 1415 1416 1474 Hoc
1458 1427 1582 1486 est,
1639 1414 1789 1497 quud
1846 1418 1926 1475 ait
1977 1417 2215 1497 plebeia
2261 1418 2485 1475 radere

438 1503 591 1562 beta.
675 1506 825 1562 Beca
868 1521 1050 1581 genus
1093 1512 1185 1562 est
1235 1501 1367 1563 cibi.
1437 1503 1667 1560 Radere
1725 1511 1912 1562 autem
1956 1501 2094 1562 dicit
2144 1513 2485 1580 extergere,

435 1599 497 1647 ut
525 1587 790 1648 Horatius
826 1594 881 1647 1:

691 1676 817 1733 Hoc
837 1673 1079 1752 potius,
1112 1691 1285 1751 quam
1312 1671 1549 1750 gallina
1569 1716 1589 1748 ‚
1622 1682 1862 1750 tergere
1884 1673 2176 1751 palatum.

612 1763 754 1822 115.
799 1760 1033 1837 Alges,
1083 1777 1212 1817 cum
1255 1760 1519 1817 excussit
1574 1758 1868 1818 membris.
1946 1754 2233 1817 Adiciitur¹
2286 1758 2480 1830 etiam,

435 1841 583 1925 quod
612 1844 949 1904 instabilitas
983 1854 1112 1902 tuae
1144 1845 1346 1903 mentis
1380 1844 1652 1901 furiosum
1684 1854 1741 1901 te
1773 1843 1944 1915 facit3
1992 1842 2265 1923 siquidem
2311 1842 2482 1904 modo

436 1931 688 2007 frigore,
734 1927 790 1988 id
820 1939 913 1988 est
941 1930 1178 2000 timore,
1209 1926 1611 1988 tremebundus
1640 1929 1890 1988 efficeris
1925 1938 1985 1987 et
2013 1929 2154 2006 pilos
2186 1931 2361 2007 erigis
2393 1963 2484 1977 -—

436 2016 655 2074 aristas
702 2017 848 2073 enim
893 2033 995 2093 pro
1043 2014 1168 2093 pilis
1199 2016 1419 2092 posuit,
1450 2047 1537 2059 --
1580 2011 1746 2072 modo
1776 2015 1832 2073 in
1865 2014 2002 2072 iram
2034 2014 2316 2073 calefacto
2348 2035 2487 2074 san-

433 2101 603 2178 guine
636 2099 996 2159 commutaris
1039 2110 1098 2158 et
1127 2119 1200 2159 ea
1229 2099 1370 2158 dicis
1404 2119 1471 2159 ac
1503 2100 1683 2169 facis,
1727 2119 1873 2180 quae
1920 2100 2090 2157 etiam
2132 2101 2267 2177 ipsis
2299 2101 2487 2160 surio-

435 2186 516 2243 sis
563 2186 778 2244 furiosa
820 2183 1135 2245 videantur.
1316 2186 1513 2244 Timor
1569 2184 1743 2244 albus
1797 2183 2004 2244 dicitur
2045 2184 2323 2264 pallidus,
2382 2206 2483 2258 eo,

434 2268 584 2351 quod
614 2272 781 2330 timor
809 2271 1065 2330 homines
1094 2267 1334 2349 pallidos
1367 2271 1571 2342 faciat,
1605 2270 1755 2328 sicut
1791 2275 1851 2329 2:

690 2356 930 2416 Pallida
961 2376 1118 2415 mors
1149 2375 1337 2433 aequo
1368 2357 1581 2434 pulsat
1596 2356 1773 2434 pede.

613 2445 753 2503 117.
791 2443 1142 2501 Scintillam
1166 2442 1357 2513 oculi,
1407 2439 1464 2501 id
1493 2451 1612 2513 est,
1655 2441 1824 2499 nimio
1855 2440 2049 2502 calore
2080 2443 2378 2514 inflantur,
2422 2453 2489 2502 et

437 2544 561 2585 cum
594 2527 792 2599 times,
837 2528 1055 2605 frigore
1086 2525 1398 2587 horrescis.

1229 2799 1643 2808 ——-——————·

973 2982 1952 3050 S'ATIRAlv.

609 3165 665 3220 1.
708 3161 845 3217 Rem
866 3160 1086 3238 populi
1111 3169 1358 3220 tractas,
1420 3159 1524 3220 Hic
1570 3155 1642 3220 de
1675 3160 1745 3219 iis
1776 3156 1946 3229 dicit,
1992 3158 2086 3239 qui
2115 3158 2348 3216 honoris
2379 3178 2484 3218 cu-

435 3240 548 3324 pidi
578 3262 750 3324 snpra
781 3243 997 3303 modum
1030 3247 1235 3305 aetatis
1262 3265 1401 3305 snae
1432 3245 1638 3325 publici
1672 3244 2064 3304 moderaminis
2095 3245 2486 3321 gubernacula

435 3339 713 3411 quaerunt
757 3332 1087 3410 suscipere,
1129 3329 1279 3410 quod
1321 3332 1603 3410 significat
1647 3351 1752 3411 per
1795 3327 2186 3400 Alcibiadem,
2249 3331 2343 3408 qni
2384 3349 2484 3389 re-

434 3417 599 3475 lictus
645 3435 680 3473 a
723 3426 886 3493 patre
932 3415 1036 3475 sub
1083 3417 1261 3476 tutela
1308 3416 1547 3477 Periclis
1580 3421 1639 3489 ³,
1681 3436 1820 3495 prae
1852 3415 2143 3474 nobilitate
2176 3425 2237 3473 et
2266 3413 2481 3474 divitiis

432 3521 576 3580 puer
604 3521 724 3561 rem
754 3500 1029 3578 publicam
1060 3502 1492 3562 Atheniensium
1523 3499 1945 3561 administravit.
2007 3500 2083 3558 Et
2111 3510 2204 3559 est
2232 3519 2478 3560 sensus:

434 3586 569 3645 Cum
615 3605 758 3666 puer
802 3605 900 3658 es,
948 3588 1134 3666 possis
1178 3588 1580 3667 rempublicam
1612 3589 1977 3646 ministrare?
2149 3586 2482 3645 Barbatum

434 3675 544 3732 leoc
584 3673 760 3732 crede
804 3674 1151 3751 magistrum
1199 3675 1437 3745 dicere,
1481 3673 1591 3733 hoc
1638 3683 1763 3733 est:
1824 3672 1966 3731 Puta
1997 3668 2294 3730 Socratem
2327 3670 2483 3751 loqui

433 3778 558 3817 cum
587 3755 884 3818 Alcibiade
926 3778 1063 3818 suo:
1110 3760 1203 3839 qui
1243 3758 1517 3819 Socrates
1562 3760 1619 3818 in
1666 3776 1904 3818 carcere
1950 3758 2192 3817 cicutam
2234 3756 2374 3816 bibit
2421 3768 2485 3817 et

435 3948 464 3998 1
505 3943 629 3995 flor.
670 3951 770 3995 sat.
811 3941 875 4006 11,
911 3943 967 4007 2,
1004 3943 1093 3996 24.

431 4015 464 4063 ‘2
505 4013 680 4063 Horat.
722 4027 881 4063 carm.
921 4010 964 4076 l,
1002 4013 1057 4076 4,
1100 4011 1184 4064 13.

433 4081 464 4134 3
494 4081 802 4150 philosophi
820 4080 940 4133 add.
968 4081 1052 4133 ed.
1080 4096 1161 4150 pr.
1199 4078 1318 4133 Vin.
1342 4116 1357 4144 ,
1384 4093 1486 4132 om.
1512 4080 1625 4131 cod.
1652 4078 1773 4131 Par.
1800 4078 1956 4135 8272.
