2764 4738
526 437 654 506 240
1073 439 1148 497 Α.
1193 435 1440 497 PERSll
1485 435 1758 497 FLACCI
1799 434 2005 497 VITA.

527 609 675 670 dum.
745 609 1070 688 Scripserat
1114 609 1168 665 in
1198 608 1442 687 pueritia
1471 616 1825 686 praetextam
1859 610 2056 666 nescio
2088 608 2178 668 cui
2210 616 2271 666 et
2300 608 2583 687 opericou

528 697 724 757 librum
756 717 920 754 unum
953 706 1013 754 et
1040 713 1254 771 paucos
1299 694 1354 751 in
1402 712 1659 751 sororem
1706 696 1918 753 tersiae
1947 694 2144 752 Arium
2176 703 2416 751 matrem
2450 713 2587 751 ver-

527 803 656 854 sus,
703 801 847 861 quae
894 800 957 839 se
1000 791 1133 838 ante
1177 780 1356 837 virum
1402 777 1712 838 occiderat.
1785 776 2008 837 Editum
2064 779 2265 837 librum
2308 780 2585 837 continuo

527 869 717 927 mirari
770 867 1025 925 homines
1072 875 1385 944 coeperunt
1431 874 1492 921 et
1534 864 1952 923 transscribere
1999 861 2070 923 de
2113 884 2223 922 uno
2270 866 2326 921 in
2385 865 2583 922 alium.

525 953 662 1012 Mox
704 972 842 1010 vero
891 961 954 1008 ut
996 949 1065 1007 ad
1113 949 1301 1008 scolas
1345 946 1535 1007 duitur
1577 948 1839 1027 lectoque
1869 948 2073 1008 Lucilii
2105 949 2250 1007 libro
2287 953 2367 1010 1⁰
2400 950 2587 1008 velie·

526 1050 748 1098 menter
789 1048 1013 1116 satyras
1056 1053 1398 1112 componere
1444 1032 1687 1103 studuit,
1740 1035 1900 1092 cuius
1946 1034 2074 1093 libri
2117 1034 2458 1113 principium
2492 1044 2586 1093 est

527 1126 812 1195 imitatus3
863 1119 966 1180 sed
996 1121 1159 1199 (sibz)
1192 1122 1368 1197 primo
1388 1160 1406 1188 ,
1454 1138 1585 1176 mox
1615 1119 1868 1177 omnibus
1900 1117 2225 1178 detractans
2259 1140 2385 1178 enm
2422 1131 2587 1177 tauta

526 1210 767 1266 omnium
815 1218 1108 1285 poetarum
1151 1217 1214 1264 et
1255 1215 1541 1263 oratorum
1588 1205 1999 1274 insectatione,
2061 1215 2123 1263 ut
2177 1216 2235 1263 et
2278 1204 2585 1264 Neronem

527 1295 673 1353 illius
719 1293 988 1370 temporis
1029 1292 1336 1369 principem
1394 1286 1858 1366 reprehenderit,
1913 1309 2037 1348 cum
2087 1310 2291 1349 versus
2338 1292 2398 1347 iu
2442 1310 2585 1350 eum

527 1379 736 1438 fecerit
767 1376 993 1437 dicens:
1045 1375 1373 1434 Aurt'culas
1405 1376 1566 1432 ast‘tn‘
1587 1376 1757 1432 Mida
1797 1394 1909 1432 rea·
1949 1375 2149 1435 habet.
2216 1373 2333 1435 Sed
2363 1394 2401 1433 a
2435 1376 2582 1433 Cor-

525 1476 659 1523 nuto
704 1461 1053 1522 emendatnni
1101 1471 1193 1520 est
1237 1461 1354 1518 sic:
1412 1459 1744 1518 Aurt‘culns
1791 1461 1952 1518 ase'm'
2006 1462 2135 1538 queis
2178 1480 2296 1519 non
2347 1462 2584 1519 habet?

525 1569 597 1610 ue
627 1547 786 1609 Nero
817 1550 872 1607 iu
905 1566 970 1607 se
1002 1546 1207 1605 dictum
1241 1545 1665 1604 existimaret.¹'¹

693 1632 784 1694 Ad
817 1633 885 1692 11.
918 1632 1150 1691 Persius
1181 1627 1326 1709 apud
1358 1649 1423 1688 se
1455 1626 1809 1700 deliberavit,
1839 1649 1967 1687 uum
1999 1630 2304 1701 scriberet,
2337 1650 2449 1689 nee
2478 1651 2578 1690 ue.

526 1720 742 1798 lncepit
772 1730 832 1780 et
860 1715 1109 1787 destitit,
1160 1725 1362 1795 postea
1410 1733 1548 1774 vero
1579 1716 1940 1773 intolerantia
1971 1716 2228 1774 vitiorum
2261 1728 2581 1775 commotus

524 1806 632 1865 boc
664 1824 804 1884 opus
835 1804 1078 1881 incepit,
1125 1798 1272 1880 quod
1305 1809 1365 1859 et
1396 1801 1642 1878 perfecit
1670 1812 1731 1858 et
1761 1811 1888 1878 spet
1919 1801 2020 1878 (t)
2052 1819 2285 1859 causam
2316 1804 2579 1879 suseepti

525 1892 736 1969 operis.
823 1887 1067 1967 Scripsit
1123 1888 1328 1955 etiam,
1404 1893 1467 1943 ut
1525 1884 1778 1944 savorem
1838 1884 2212 1943 Romanorum
2273 1897 2576 1965 captaretg

523 1977 752 2054 scripsit
782 1976 949 2035 etiam
982 1992 1156 2033 causa
1185 1972 1426 2050 gloriae,
1459 1989 1603 2049 quae
1634 1983 1725 2029 est
1752 1972 2041 2049 potissima
2072 1991 2247 2030 causa
2278 1973 2577 2032 scribendi

524 2062 780 2121 omnibus
813 2059 1196 2128 auditoribus,
1227 2052 1373 2114 unde
1408 2075 1463 2113 o.
1496 2055 1680 2132 gloria
1710 2077 1812 2114 nos
1843 2068 2033 2115 aenat.

692 2144 783 2215 Ad
815 2144 908 2205 111.
954 2143 1198 2204 Materia
1247 2139 1412 2199 buius
1461 2140 1585 2198 libri
1616 2150 1708 2199 est
1734 2142 1830 2199 illa
1861 2144 2167 2201 communis
2200 2145 2445 2201 omnium
2477 2164 2579 2202 sa·

523 2233 831 2313 tyricorum
853 2274 869 2299 ,
917 2250 964 2288 s.
997 2229 1190 2287 vitium
1223 2227 1343 2285 sive
1375 2225 1752 2303 reprehensio
1782 2228 2059 2285 vitiorum.

691 2314 781 2376 Ad
827 2315 924 2375 lv.
985 2313 1226 2374 Intentio
1282 2329 1388 2371 sua
1441 2319 1531 2369 est
1571 2308 1903 2373 dissuadere
1949 2331 1998 2371 s.
2046 2310 2340 2373 dehortari
2389 2334 2494 2374 uos
2538 2334 2575 2375 a

522 2403 671 2462 vitiis
715 2412 775 2460 et
818 2399 1170 2480 persuadere
1215 2395 1286 2456 ad
1330 2398 1629 2470 virtutem,
1675 2418 1803 2458 uam
1834 2397 2098 2478 egressio
2126 2400 2250 2457 vitii
2283 2402 2575 2480 ingressio

522 2486 597 2549 ad
624 2490 880 2548 virtutes.
915 2497 1025 2545 etc.
1058 2496 1172 2544 etc.

850 2669 904 2723 lu
932 2671 1012 2721 cd.
1042 2686 1120 2738 pr.
1149 2677 1265 2737 post
1288 2670 1451 2720 vitam
1477 2669 1607 2720 baec
1632 2675 1949 2733 sequunture

688 2774 918 2835 Persius
951 2775 1040 2834 bic
1073 2771 1165 2833 diu
1198 2771 1491 2842 dubitauS,
1539 2782 1717 2830 utrum
1763 2773 1992 2833 militiae
2037 2793 2109 2832 an
2141 2776 2409 2852 poetriae
2440 2795 2571 2834 sue-

519 2861 845 2933 cumberet,
901 2859 1121 2920 taudem
1166 2858 1239 2920 ad
1286 2870 1536 2938 satyram
1582 2856 1939 2917 scribendam
1987 2861 2226 2918 animum
2276 2863 2570 2941 applicuit,

519 3081 553 3138 ⁶,
592 3079 646 3129 ln
684 3079 796 3129 cod.
823 3077 1035 3143 Erlang.
1077 3079 1202 3128 baec
1237 3077 1511 3140 leguntur:
1552 3076 1801 3140 „Quinto
1840 3093 1972 3128 anno
2008 3085 2120 3142 post
2154 3080 2446 3144 passionem
2483 3079 2574 3129 do-

586 3149 710 3200 mini
761 3147 970 3199 Persius
1021 3146 1237 3197 Flaccus
1286 3144 1579 3196 volaterris
1634 3147 1897 3209 nascitur,
1964 3144 2147 3197 XXlX
2197 3155 2372 3198 autem
2429 3150 2569 3199 vitae

586 3233 712 3268 suae
748 3232 879 3266 anno
917 3222 972 3265 et
1006 3214 1221 3267 Neronis
1262 3212 1337 3263 lx
1374 3215 1610 3263 moritur.
1649 3214 1880 3264 Secundo
1917 3223 2028 3280 post
2065 3216 2183 3264 binc
2205 3231 2341 3265 anno
2370 3215 2569 3267 Lucius

586 3286 797 3338 Anueus
835 3285 1028 3334 Seneca
1065 3282 1414 3334 Cordubensis
1452 3291 1753 3349 praeceptor
1788 3282 2007 3334 Neronis
2039 3291 2092 3333 et
2117 3293 2332 3350 patruus
2367 3285 2568 3336 Lucani

588 3362 767 3421 poetae
805 3353 1054 3403 incisione
1091 3367 1336 3403 venarum
1374 3358 1429 3401 et
1463 3352 1647 3402 veneni
1703 3352 1885 3403 liaustu
1924 3353 1974 3402 iu
2012 3352 2287 3404 Pisoniana
2326 3351 2572 3405 coniura-

538 3462 548 3470 .
588 3425 724 3474 tione
757 3422 1107 3487 deprehensus
1149 3422 1332 3487 periit,
1395 3427 1449 3469 et
1484 3418 1617 3471 Nero
1654 3420 1933 3471 Cornutum
1970 3430 2350 3488 praeceptorem
2405 3424 2568 3474 Persii

588 3493 639 3543 in
687 3492 896 3542 exilium
949 3490 1168 3554 fugavit.
1222 3491 1296 3539 Ac
1346 3488 1531 3539 dehine
1576 3492 1799 3539 secundo
1849 3505 1981 3541 onuo
2028 3489 2218 3540 Petrus
2279 3498 2336 3542 et
2370 3490 2569 3544 Paulus

586 3561 937 3613 occubuere-⁴⁴
998 3559 1051 3609 ln
1100 3559 1210 3608 cod.
1256 3556 1442 3608 Dresd.
1484 3559 1607 3608 baec
1643 3558 1749 3608 vita
1789 3565 1959 3609 exstat
2002 3575 2032 3609 a
2082 3560 2371 3610 recentiore
2410 3577 2565 3612 mauu

585 3631 812 3695 scripta:
855 3627 1062 3690 „Aulus
1088 3626 1296 3677 Persius
1321 3624 1539 3676 Flaccus
1567 3628 1753 3677 autbor
1790 3638 2077 3693 satyrarum
2106 3636 2256 3678 natus
2294 3636 2376 3679 est
2411 3628 2568 3679 Vola·

585 3702 743 3750 terris
810 3696 1087 3747 Hetruriae
1149 3695 1349 3761 oppido.
1410 3693 1613 3745 Floruit
1665 3696 1950 3761 imperante
2001 3695 2290 3746 Domitiano
2335 3695 2565 3748 Nerone.

584 3767 970 3850 Praeceptorem
1009 3765 1192 3815 babuit
1226 3765 1277 3814 iu
1315 3778 1477 3827 gram.
1521 3762 1833 3814 Rbemmium
1870 3764 2251 3829 Palaemonem,
2300 3765 2350 3815 in
2390 3768 2568 3817 rbeto-

586 3838 709 3887 ricis
757 3833 991 3884 Flavium
1045 3833 1353 3897 virginium.
1417 3831 1612 3883 Probus
1666 3831 2038 3898 l'uit'moribus
2085 3840 2139 3883 et
2168 3836 2383 3897 egregia
2422 3837 2564 3885 vitae

585 3903 907 3967 integritate.
971 3901 1262 3969 Composuit
1312 3899 1380 3951 Vl
1432 3902 1657 3963 satiras,
1709 3902 1760 3951 iu
1812 3901 1996 3967 quibus
2049 3902 2242 3952 testim.
2297 3902 2562 3954 Martialis

587 3973 698 4037 (lv,
722 3972 809 4030 29,
834 3972 891 4037 7)
925 3971 1168 4022 maiorem
1205 3970 1488 4037 promeruit
1523 3969 1755 4028 laudem,
1830 3985 1944 4020 uam
1980 3968 2188 4022 Marcus
2226 3972 2275 4021 in
2316 3979 2427 4021 tota
2466 3988 2562 4022 sua

581 4040 911 4094 Amazonidc.
983 4039 1217 4092 Mortuus
1267 4044 1348 4090 est
1398 4053 1481 4088 au.
1536 4038 1680 4090 Cbri.
1732 4037 1774 4089 1.
1833 4036 1936 4099 lV,
1991 4041 2181 4091 aetatis
2228 4055 2355 4092 suae
2401 4041 2560 4091 uude·

588 4110 870 4178 trigesimo.
884 4113 921 4136 ‘⁴
