2764 4738
587 1420 1718 1492 .SAT1RA1.

748 1620 1577 1682 ‚ARGUMENTUM.

317 1928 600 2008 prologo,
664 1949 827 2009 quem
877 1929 1243 1988 scazontibus
1291 1930 1668 2007 conscriptum
1718 1931 1930 2007 primae
1977 1931 2192 1990 satirae

178 2017 436 2089 praemisit
466 2015 742 2085 Persius,
787 2033 858 2073 ne
889 2012 1021 2094 qnid
1052 2034 1085 2072 a
1118 2033 1182 2073 se
1215 2024 1554 2093 exspectent
1584 2014 1861 2085 homines,
1903 2013 2051 2095 quod
2080 2035 2191 2073 uon

180 2098 239 2154 ιίι
261 2099 655 2177 praestiturus,
702 2098 1063 2175 deprecatur.
1138 2098 1340 2178 Neque
1372 2101 1518 2157 enim
1552 2110 1719 2175 pocta
1748 2100 1866 2159 vuit
1908 2098 2088 2160 videri
2118 2120 2193 2159 ex

182 2200 344 2243 eornm
386 2205 663 2257 numero,
709 2186 804 2264 qui
849 2205 973 2244 cum
1017 2182 1255 2243 Graecis
1300 2184 1478 2242 Musis
1525 2188 1917 2244 commercium
1961 2185 2191 2258 habent,

179 2264 333 2328 divino
361 2273 538 2331 afflati
574 2271 773 2349 spiritu
806 2281 1015 2329 canunt
1056 2280 1116 2328 et
1146 2271 1410 2348 praemiis
1440 2280 1743 2328 ornantur:
1791 2268 1862 2328 ad
1893 2271 2037 2330 hanc
2069 2270 2190 2329 lau-

178 2349 279 2413 dctn
308 2378 373 2416 ne
405 2359 673 2437 aspirare
702 2354 922 2435 quidem
955 2375 1145 2428 ausus,
1178 2354 1487 2415 Romanum
1519 2375 1768 2428 carmen,
1799 2357 2048 2428 satiram,
2068 2357 2191 2435 ipse

179 2438 342 2513 affert,
373 2441 519 2522 quod
554 2461 683 2500 num
713 2460 907 2500 verum
939 2460 1168 2501 carmen
1200 2444 1423 2499 omnino
1457 2442 1562 2512 sit,
1607 2440 1914 2500 dubitatum
1946 2452 2067 2509 est,
2101 2442 2191 2501 hic

178 2542 364 2604 qnoque
396 2528 692 2586 Horatium
723 2537 954 2586 secutus
989 2525 1136 2600 (Sat.
1156 2524 1201 2596 1,
1222 2531 1378 2597 4‚39
1398 2546 1520 2605 sqq.
1553 2526 1622 2597 11,
1642 2531 1701 2596 6,
1739 2532 1839 2599 17)
1876 2534 1953 2600 (v.
1978 2532 2187 2599 1—7).

177 2605 236 2665 Ει
260 2624 446 2687 poetas
492 2631 639 2671 sane
682 2631 794 2669 non
836 2631 1028 2672 verum
1074 2612 1394 2688 ingenium,
1440 2609 1543 2670 scd
1586 2610 1727 2670 dura
1772 2614 2086 2671 necessitas
2133 2623 2194 2670 ct

177 2694 433 2767 splendida
478 2696 799 2756 divitiarum
838 2716 973 2772 spos
1021 2697 1237 2756 faciunt
1280 2702 1356 2768 (v.
1391 2700 1675 2767 8—14).
1765 2696 1847 2755 Ita
1891 2697 2051 2756 simul
2084 2697 2191 2755 sihi

175 2778 292 2837 viam
322 2785 553 2841 munivit
581 2780 654 2840 ad
683 2792 1091 2860 argumentum,
1123 2779 1270 2860 quod
1299 2783 1477 2860 prima
1506 2783 1679 2840 satira
1710 2783 1992 2852 tractavit,
2024 2780 2190 2860 quod,

175 2864 213 2919 si
240 2868 552 2927 universum
584 2877 845 2946 spectes,
888 2867 995 2925 hoc
1028 2877 1152 2936 est,
1184 2885 1307 2924 cam
1339 2886 1474 2925 csse
1506 2867 1817 2925 litterarum
1849 2877 1908 2925 ct
1938 2868 2191 2945 poetico-

174 2965 271 3007 rum
300 2952 609 3012 studiorum
642 2950 1040 3021 conditionem,
1071 2962 1133 3010 ut
1147 2954 1215 3021 is,
1249 2953 1337 3010 cui
1370 2952 1512 3010 haec
1545 2971 1718 3011 curae
1750 2953 1883 3022 sint,
1915 2972 2022 3009 non
2058 2972 2191 3030 pos-

175 3034 359 3094 sitnon
390 3040 625 3096 satiram
659 3038 934 3096 scribere.
997 3034 1059 3095 Id
1090 3034 1239 3115 quod
1270 3038 1347 3094 ita
1377 3039 1653 3107 instituit,
1704 3047 1799 3107 ut,
1846 3057 1970 3096 cum
2003 3038 2188 3095 statim

172 3116 230 3175 ab
255 3121 397 3179 initio
429 3124 728 3183 consilium
775 3142 931 3180 suum
977 3123 1322 3199 patefaciat,
1369 3123 1543 3199 fingat
1587 3124 1692 3182 sibi
1739 3122 2050 3202 quendam,
2098 3125 2192 3200 qui

173 3200 453 3266 adversarii
486 3227 791 3287 personam
823 3210 899 3265 ita
944 3209 1255 3276 sustineat,
1301 3217 1360 3265 ut
1389 3210 1604 3278 omnia,
1649 3227 1795 3287 quae
1827 3227 2101 3286 perversa
2133 3218 2192 3265 et

173 3304 408 3369 corrupta
437 3295 494 3352 in
532 3291 729 3352 studiis
762 3293 968 3351 aetatis
1001 3311 1138 3351 snae
1170 3290 1380 3350 iudicat
1415 3292 1678 3363 PersiuS,
1723 3294 1777 3350 in
1804 3312 1870 3352 se
1904 3294 2062 3372 quasi
2094 3313 2189 3351 re-

172 3389 495 3448 praesentet.
591 3378 697 3450 Qui
729 3398 851 3437 cum
885 3388 1112 3455 poetam
1146 3388 1439 3455 provocet,
1471 3376 1525 3435 id
1557 3378 1817 3437 effectum
1850 3389 1959 3449 est,
1990 3388 2051 3437 ut
2082 3380 2190 3436 iam

173 3474 248 3527 ea,
290 3481 428 3538 quae
461 3466 751 3541 vituperat
795 3461 1049 3531 Persius,
1083 3466 1161 3519 ita
1199 3473 1497 3540 ponantur,
1543 3474 1742 3522 utnon
1792 3474 1902 3522 tam
1948 3463 2020 3522 ah
2065 3465 2190 3541 ipso

175 3549 473 3623 excogitata
506 3559 566 3607 et
596 3546 667 3606 ad
699 3549 821 3606 eins
869 3548 1205 3606 sententiam
1253 3548 1495 3606 formata
1539 3546 1854 3618 videantur,
1887 3546 1988 3607 sed
2021 3550 2101 3606 ita
2132 3559 2191 3606 ut

176 3645 291 3687 vere
321 3644 548 3692 exstant
579 3634 649 3691 ab
681 3633 793 3691 alio
824 3631 1060 3711 quodam
1091 3634 1400 3711 proposita.
1458 3632 1613 3693 Haec
1647 3653 1750 3712 per
1779 3632 2062 3711 dialogum
2094 3653 2190 3692 res

171 3716 426 3776 tractandi
458 3721 607 3777 ratio
637 3719 849 3777 satirae
867 3717 1152 3777 Romanae
1185 3720 1414 3797 propria
1445 3730 1557 3789 est,
1588 3739 1751 3798 quam
1784 3739 1817 3777 a
1848 3720 2190 3778 iocularibns

176 3794 379 3859 alternis
410 3801 710 3863 fundendis
740 3805 951 3861 initium
983 3805 1257 3862 sumsisse
1289 3814 1544 3875 constat,
1576 3816 1636 3862 et
1663 3806 1810 3863 sicut
1836 3806 1892 3863 in
1925 3806 2014 3874 iis,
2046 3824 2191 3887 quae

176 3881 369 3970 perdita
408 3900 572 3961 sunt,
611 3890 855 3966 vestigia
905 3888 1067 3946 huius
1115 3891 1348 3947 rationis
1380 3889 1691 3950 observare
1725 3889 1878 3961 iicet,
1910 3891 1989 3948 ita
2018 3891 2075 3948 in
2105 3891 2194 3959 iis,

181 3966 302 4042 q'uae
331 3985 555 4034 servata
585 3984 736 4045 sunt,
769 3975 925 4032 clare
958 3984 1252 4052 apparent.
1340 3974 1524 4033 Tanta
1555 3985 1741 4034 autem
1785 3974 2049 4036 libertate
2081 3974 2189 4033 hac
2239 4046 2242 4048 v

181 4046 362 4135 dialogi
391 4060 571 4122 forma
600 4061 689 4121 usi
730 4070 860 4120 sunt
888 4060 1136 4131 satirici,
1182 4071 1243 4119 ιιι
1272 4078 1448 4139 saepe
1480 4059 1676 4121 dubius
1708 4061 1974 4133 haereas,
2006 4067 2190 4120 utrum
