2764 4738
913 407 1640 471 PROLEGOMENA.
2103 429 2302 473 eum

235 580 483 646 Narrat
528 590 732 645 autem
776 577 831 643 I.
877 577 957 644 Β.
1003 576 1370 643 Plautius
1416 598 1650 664 quoque
1692 578 1770 642 ad
1814 588 1932 643 sat.
1978 574 2077 643 V:
2128 578 2302 646 Non-

236 686 423 747 nulla
457 680 731 747 Cornuti
755 681 1390 767 openbftagmenta,
1440 701 1600 768 quae
1622 681 1981 766 prolixiori
2002 689 2067 743 et
2093 684 2303 767 magis

238 787 567 849 luculenta
625 787 907 848 oratione
964 782 1084 848 Ιιοσ
1142 805 1301 869 opus
1358 785 1862 867 interpretantur
1876 828 1896 857 ,
1947 803 2017 865 se
2072 782 2300 847 vidisse

237 887 539 972 affirmat
581 886 794 950 Simon
835 886 913 950 de
939 884 1350 950 Paschalibus
1376 885 1766 950 Iadertz'nus.
1828 881 1926 947 De
1957 885 2171 968 quibus
2199 905 2302 951 ac-

239 992 517 1054 curatius
558 987 810 1052 indicari
850 989 1110 1072 poterit,
1159 990 1214 1053 si
1257 989 1496 1072 quando
1546 988 1710 1052 edita
1756 987 2015 1068 fuerint3
2060 987 2302 1052 interim

240 1113 369 1155 nou
402 1091 652 1156 nimiam
685 1090 759 1153 de
790 1089 864 1153 iis
895 1111 1061 1175 spem
1091 1092 1480 1177 conceperim
1513 1095 1564 1153 ¹.

419 1224 684 1291 Cornuti
732 1225 958 1289 scholia
1002 1236 1108 1291 aut
1149 1227 1394 1312 integra
1435 1235 1542 1291 aut
1580 1225 1677 1290 hic
1719 1226 1841 1290 illic
1885 1225 2191 1289 immutata
2239 1226 2302 1289 in

224 1330 563 1415 permultis
595 1329 779 1393 codd.
813 1339 1056 1392 servata
1090 1340 1265 1409 sunt,
1321 1327 1539 1413 duplici
1571 1330 1701 1394 fere
1743 1330 1943 1393 modo.
2004 1325 2167 1391 Nam
2200 1339 2307 1392 aut

241 1432 436 1516 ipsius
481 1442 702 1516 poetae
743 1429 946 1495 verbis
1000 1430 1238 1494 adiecta
1294 1441 1466 1508 sunt,
1531 1439 1599 1493 ut
1647 1430 1861 1515 partim
1906 1431 2068 1495 inter
2111 1430 2304 1495 lineas

242 1532 570 1597 breviores
617 1533 1060 1617 explicationes
1105 1534 1358 1616 singulis
1403 1532 1606 1598 verbis
1656 1533 2097 1617 superscriptae
2153 1534 2301 1612 sint,

244 1635 465 1721 partim
498 1634 762 1720 margini
791 1634 1090 1724 adscripta
1123 1646 1410 1713 exstent,
1460 1653 1610 1718 quae
1652 1634 1983 1719 prolixiore
2015 1632 2303 1699 ‘oratione

244 1748 463 1821 poetae
496 1737 693 1801 verba
721 1736 1050 1823 explicant.
1102 1734 1195 1800 Ita
1229 1741 1445 1803 factum
1478 1748 1605 1814 est,
1654 1747 1722 1802 ut
1764 1758 1893 1799 cum
1937 1738 2055 1801 alia
2082 1738 2304 1822 passim

245 1839 531 1918 varient,
568 1849 693 1903 tum
724 1840 874 1903 ordo
907 1839 1275 1923 potissimum
1308 1839 1674 1905 scholiorum
1697 1884 1715 1916 ‚
1763 1840 1897 1920 quia
1930 1839 1983 1903 is
2015 1861 2097 1904 ex
2127 1839 2307 1925 spatii

246 1942 493 2005 ratione
536 1940 800 2005 maxime
846 1940 1167 2024 pendebat.
1234 1939 1608 2025 Quamquam
1655 1940 1813 2005 enim
1847 1962 2032 2027 saepe
2064 1943 2301 2024 quidem

246 2043 426 2127 signo
458 2042 718 2126 quodam
749 2044 952 2107 addito
982 2043 1236 2108 verbum
1269 2044 1662 2129 designatur,
1697 2043 1769 2106 ad
1803 2044 1955 2127 quod
1990 2045 2304 2108 annotatio

247 2145 557 2231 pertinet,
605 2146 854 2209 multum
903 2157 1106 2210 tamen
1151 2144 1361 2224 abest,
1428 2156 1494 2210 ut
1545 2145 1604 2209 id
1645 2165 1884 2228 semper
1929 2147 2147 2209 factum
2198 2148 2303 2226 sit,

248 2269 365 2332 qua
410 2266 482 2311 re
530 2247 704 2312 facile
761 2247 1138 2333 explicatur,
1198 2269 1234 2311 a
1293 2247 1557 2311 librariis
1613 2247 1977 2312 scholiorum
2032 2248 2305 2312 ordinem

248 2351 425 2415 varie
453 2360 743 2415 mutatum
779 2362 842 2415 et
870 2350 1171 2416 turbatum
1206 2372 1367 2416 esse.
1439 2348 1574 2414 Hoc
1617 2351 1795 2414 modo
1828 2348 2046 2434 scripta
2078 2351 2307 2417 scholia

251 2462 504 2517 exstant
536 2473 658 2514 non
689 2454 895 2518 addito
927 2454 1165 2537 quidem
1212 2450 1468 2517 Cornuti
1512 2454 1754 2518 nomine
1793 2455 1853 2516 in
1887 2454 2063 2517 codd.
2099 2452 2302 2519 Paris.

247 2576 314 2618 n.
348 2551 545 2620 8272.
577 2553 748 2619 8049
790 2566 851 2619 et
896 2553 1314 2620 Laurentiano
1362 2557 1505 2641 plut.
1548 2553 1693 2632 Lll,
1729 2555 1792 2634 4,
1843 2577 1992 2638 quos
2038 2557 2301 2641 inspexi.

248 2657 537 2721 Alterum
569 2678 764 2741 genus
796 2659 974 2722 codd.
1011 2668 1140 2735 est,
1208 2659 1269 2721 in
1301 2658 1512 2743 quibus
1543 2661 1830 2724 continua
1860 2660 2019 2723 serie
2052 2660 2307 2742 scriptus

252 2774 348 2826 est
391 2760 897 2837 commentarius,
946 2760 1147 2824 addito
1197 2762 1547 2846 plerumque
1595 2759 1855 2825 Cornuti
1901 2762 2182 2840 nomine,
2231 2763 2306 2825 ad

250 2885 404 2948 quos
449 2863 713 2948 pertinet
755 2862 893 2926 cod.
938 2860 1132 2927 Bern.
1183 2885 1245 2926 ιι.
1293 2860 1464 2941 223,
1512 2864 1688 2928 codd.
1722 2862 2015 2930 Monacc.
2054 2885 2117 2927 ιι.
2153 2862 2303 2927 122.

252 2963 407 3030 156.
457 2963 610 3028 526.
685 2962 822 3029 Huc
865 2966 1131 3050 pertinet
1175 2966 1354 3030 etiam
1400 2966 1601 3030 codex
1649 2965 2017 3031 Darmstad.
2069 2987 2132 3029 ιι.
2184 2962 2309 3031 190

248 3067 517 3133 Hartzh.
539 3116 557 3147 ‚
593 3068 846 3134 membr.
880 3087 1043 3132 sace.
1076 3064 1235 3132 XIV
1265 3069 1369 3133 vel
1396 3066 1550 3146 XV,
1585 3068 1681 3151 qui
1711 3068 1939 3133 scholia
1969 3069 2033 3132 in
2064 3066 2174 3132 Lu
2194 3090 2307 3133 ca-

252 3192 469 3247 num,
520 3168 1038 3250 Macrobium,
1084 3167 1590 3248 Iuvenalem,
1643 3179 1712 3235 ‘et
1755 3166 2112 3235 Persium
2159 3192 2306 3236 con-

250 3275 412 3339 tinet
454 3274 567 3350 (cf.
602 3273 846 3340 Weber
876 3273 951 3338 de
982 3273 1167 3357 intpp.
1197 3270 1432 3337 Lucani
1473 3295 1532 3355 p.
1567 3267 1892 3354 XXXV),
1941 3285 2004 3338 et
2043 3274 2105 3337 in
2150 3274 2308 3338 hunc

250 3377 498 3461 quidem
555 3377 879 3441 maximam
930 3387 1160 3460 partem
1206 3396 1336 3439 cum
1371 3372 1650 3440 Cornuto
1698 3375 2133 3461 conspirantia.
2206 3376 2307 3440 Ad

250 3480 417 3544 idem
448 3497 645 3563 genus
674 3480 1004 3545 referenda
1035 3476 1212 3541 etiam
1244 3477 1477 3542 scholia
1512 3480 1649 3543 cod.
1685 3477 2025 3542 Beruensis
2056 3500 2118 3542 n.
2154 3475 2303 3554 665,

250 3581 747 3660 membranacei,
810 3576 1158 3645 saec..X11
1202 3580 1391 3645 nitide
1435 3582 1679 3666 scripti,
1746 3602 1896 3664 quae
1953 3581 2017 3645 in
2059 3592 2172 3645 sat.
2216 3578 2310 3645 Ill

252 3706 315 3748 v.
353 3683 439 3749 76
470 3685 719 3761 finiunt,
760 3705 895 3748 cum
929 3679 1189 3747 Cornuti
1217 3683 1422 3764 (cuius
1454 3705 1674 3747 nomen
1707 3695 1914 3768 postea
1944 3683 2308 3769 adscriptum

253 3786 379 3872 est)
425 3785 683 3852 scholiis
728 3787 858 3850 sere
900 3786 1152 3864 eadem,
1201 3785 1319 3850 nisi
1362 3786 1521 3870 quod
1566 3785 1853 3851 breviora
1898 3807 2036 3852 esse
2078 3787 2301 3852 solent.

256 3979 281 4032 ¹
321 3944 573 4028 fortem
600 3974 761 4025 codex
786 3974 911 4025 Bou.
947 3973 1186 4028 Vulcnuii
1226 3978 1278 4028 ἰιι
1315 3976 1673 4029 bibliothecam
1710 3977 2009 4029 Leidensem
2051 3978 2308 4044 pervenit,

324 4055 379 4098 et
423 4047 541 4098 fleri
595 4050 795 4113 potest,
844 4050 901 4093 ut
950 4044 1086 4095 idem
1134 4047 1236 4111 sit,
1290 4063 1435 4113 quem
1483 4055 1732 4100 memorat
1776 4046 2171 4114 Oudendorpius
2218 4048 2306 4113 (ad

323 4115 474 4168 Suet.
512 4131 567 4182 p.
609 4112 732 4178 101)
768 4126 798 4165 ο
831 4111 984 4165 libris
1018 4114 1259 4168 Vulcanii
1295 4124 1520 4177 emtum,
1559 4117 1610 4167 ln
1647 4118 1805 4168 catal.
1842 4133 1893 4183 p.
1931 4117 2033 4172 328
2071 4132 2119 4166 ιι.
2161 4117 2246 4167 78.

1828 4185 1894 4247 1.
