2764 4738
368 1307 656 1375 Tandem
715 1306 1037 1391 aliquando
1097 1328 1456 1375 conoessum
1514 1308 1660 1377 mihi
1721 1320 1850 1387 est,
1938 1309 2098 1393 quod
2159 1309 2259 1374 diu

200 1429 532 1512 exoptavi,
595 1438 662 1494 ut
714 1426 929 1492 librum
988 1427 1146 1493 huno
1188 1428 1265 1493 ad
1318 1426 1416 1492 Te
1456 1428 1799 1507 mitterem,
1858 1428 2083 1493 amoris
2137 1427 2259 1495 mei

204 1567 349 1633 erga
378 1545 480 1612 Te
510 1557 694 1630 atquo
724 1546 1144 1613 venerationis
1176 1546 1611 1613 testimonium.
1671 1544 1837 1610 Nam‘
1882 1566 1967 1611 ex
2010 1565 2084 1612 eo
2115 1546 2258 1610 indo

203 1675 514 1749 tempore,
575 1685 693 1747 quo
732 1686 765 1728 a
817 1662 914 1728 Το
959 1665 1024 1729 in
1065 1664 1457 1759 seminarium
1513 1663 1935 1748 philologieum
1973 1674 2256 1750 receptus

202 1803 364 1861 sum,
410 1803 547 1847 eum
579 1783 782 1847 statim
813 1782 1252 1866 intelligerem,
1302 1782 1450 1849 nihil
1481 1781 1826 1867 exoptatius
1856 1783 2000 1851 mihi
2030 1784 2257 1868 potuis·

199 1921 269 1966 se
326 1903 689 1983 oontingere
750 1900 825 1964 ad
884 1893 1167 1967 iudicium
1227 1899 1561 1965 acuendum
1609 1910 1675 1965 et
1718 1899 2036 1978 alendum,
2106 1901 2256 1967 nihil

201 2019 572 2083 fructuosius
624 2018 702 2084 ad
747 2018 942 2083 studia
995 2017 1265 2101 regenda
1325 2028 1505 2101 atque
1566 2017 2019 2104 promovenda,
2080 2040 2257 2103 quam

203 2155 481 2201 severam
525 2133 725 2200 Tuam
767 2147 947 2219 atque
988 2135 1268 2203 subtilem
1316 2134 1731 2221 disciplinam,
1795 2137 2018 2205 nullam
2076 2157 2255 2203 oeoa-

205 2253 435 2319 sionem
495 2253 674 2318 omisi
719 2252 815 2318 Te
858 2264 1099 2320 rectore
1150 2253 1317 2320 vires
1359 2255 1734 2333 exercendi,
1791 2255 1971 2341 idque
2012 2274 2258 2342 semper

204 2373 571 2458 propositum
615 2373 832 2453 habui,
879 2384 943 2438 ut
991 2373 1134 2439 Tibi
1180 2384 1470 2458 quantum
1516 2375 1649 2442 lieri
1689 2385 1899 2460 posset
1940 2375 2255 2440 satisface-

202 2512 353 2556 rem.
416 2489 515 2555 Ita
558 2492 779 2556 sactum
824 2503 957 2571 est,
1003 2503 1072 2558 ut
1109 2492 1211 2557 Tu
1240 2512 1416 2576 quem
1447 2502 1760 2559 strenuum
1793 2503 1855 2558 et
1882 2492 2254 2562 indefessum

202 2609 405 2673 vidisti
453 2630 579 2673 nou
620 2611 814 2676 solum
857 2610 1112 2695 publicis
1153 2610 1465 2676 seminarii
1497 2611 2038 2684 exercitationibus
2068 2611 2255 2677 bene·

204 2728 474 2793 volentia
519 2739 586 2794 et
627 2730 840 2796 favore
885 2729 1236 2813 acciperes,
1282 2727 1393 2794 sed
1440 2729 1599 2798 domi
1642 2748 1878 2813 quoque
1929 2740 2253 2816 exceptum

205 2845 479 2911 familiari
513 2847 814 2933 colloquio
846 2847 1122 2913 docendo
1151 2847 1458 2912 mouendo
1500 2847 1772 2914 firmares
1814 2859 1877 2913 et
1915 2849 1989 2912 ad
2037 2847 2254 2914 altiora

204 2967 616 3044 accenderes,
679 2985 795 3050 ego
851 2985 1005 3030 vero
1063 2985 1296 3032 summo
1353 2984 1503 3049 erga
1548 2963 1645 3031 Te
1691 2986 1898 3033 amore
1952 2965 2249 3032 afficerer.

207 3078 449 3148 Etenim
494 3106 633 3149 eum
675 3104 862 3152 verae
905 3084 1216 3150 doctrinae
1262 3084 1436 3169 eopia
1485 3094 1550 3152 et
1588 3082 1789 3149 iudicii
1832 3075 2080 3168 egregia
2120 3095 2252 3149 arte

205 3203 431 3267 exculti
472 3222 725 3268 acumen
769 3214 949 3286 atque
1006 3203 1309 3270 subtilitas
1353 3201 1595 3268 iuvenis
1651 3203 1953 3280 animum,
2002 3202 2099 3285 qui
2155 3201 2252 3266 To

202 3329 503 3404 tanquam
562 3323 899 3408 perfeetum
956 3322 1106 3387 artis
1166 3333 1416 3388 nostrae
1475 3321 1818 3406 exemplum
1877 3320 2246 3396 intuebatur,

198 3436 357 3504 iusta
400 3440 804 3507 admiratione
847 3441 1168 3525 impleret,
1233 3451 1354 3505 tum
1410 3460 1544 3507 eam
1589 3440 2056 3516 humanitatem,
2116 3458 2249 3506 eum

197 3557 382 3622 animi
417 3559 747 3625 eandorem
779 3560 842 3626 iu
875 3557 972 3626 Te
1003 3570 1293 3645 expertus
1322 3580 1492 3638 sum,
1538 3570 1608 3625 ut
1635 3560 1936 3626 neminem
1968 3556 2248 3635 habeam,

196 3696 375 3758 quem
424 3677 558 3763 plns
606 3676 705 3742 To
749 3677 1013 3764 diligam.
1090 3676 1469 3762 Quamquam
1528 3679 1688 3748 enim
1746 3677 2105 3744 acerrimum
2152 3674 2250 3741 Te

196 3817 399 3861 vanae
443 3796 836 3880 arrogantiae
883 3793 1307 3880 castigatorem
1353 3797 1500 3865 novi
1558 3798 1803 3880 eiusque
1861 3796 2249 3874 temeritatis,

198 3935 351 3997 quae
397 3915 713 4001 cogitandi
756 3926 819 3980 et
858 3913 1194 3998 quaerendi
1234 3914 1501 3984 laborem
1549 3917 1788 4002 fugiens
1817 3916 2020 3981 verbis
2051 3916 2251 4000 splen-

194 4032 354 4100 didis
393 4034 712 4120 superbit,
766 4034 1068 4122 neminem
1111 4034 1363 4111 inveni,
1422 4035 1561 4118 qui,
1628 4035 1682 4100 si
1710 4035 1888 4102 modo
1917 4036 2247 4120 ingenuum
