2764 4738
562 439 766 486 uvm
1222 414 1938 479 PROLEGOMENA.

560 611 690 654 rum
722 586 911 673 gloria
944 585 1227 651 familiam
1275 587 1517 651 luxurie
1563 597 1626 651 et
1653 586 1784 650 dira
1813 585 2161 650 adulatione
2190 583 2605 660 infamantem,

563 701 626 754 et
664 690 927 775 augebat
969 689 1104 753 sine
1149 688 1324 751 dnbio
1368 688 1890 774 indignationem,
1939 687 2094 770 quod
2156 686 2299 751 huic
2350 686 2607 751 Aurelio

564 791 784 858 Cottae
814 811 1075 856 annuam
1108 791 1426 875 pecuniam
1448 835 1467 869 ,
1515 801 1580 856 nt
1622 791 1709 854 ait
1752 789 2008 854 Tacitus
2042 791 2241 868 (Anu.
2275 785 2459 866 xm,
2492 786 2609 867 34)

563 896 771 960 statuit
800 895 1106 980 princeps,
1139 892 1412 975 quamvis
1444 913 1554 976 per
1581 894 1790 957 luxum
1822 893 2018 956 avitas
2050 911 2195 975 opes
2226 891 2603 975 dissipasset.

563 994 784 1080 Neque
829 995 947 1060 alia
994 995 1069 1057 de
1127 1014 1310 1059 causa
1368 992 1619 1081 Glyco
1639 1014 1797 1058 nem
1857 993 2212 1078 tragoedum
2271 991 2612 1057 nominavit

564 1096 708 1182 (Vl,
742 1098 857 1179 2),
919 1097 1037 1162 nisi
1082 1107 1148 1160 nt
1191 1096 1382 1180 ipsum
1432 1106 1497 1160 et
1540 1097 1814 1182 populum
1857 1106 2036 1179 atque
2084 1093 2465 1180 principem,
2514 1092 2609 1175 qui

567 1221 703 1267 eum
747 1200 933 1264 nimio
976 1201 1189 1265 favore
1234 1197 1788 1282 prosequebantur,
1847 1207 2115 1261 notaret.
2189 1193 2402 1278 ltaque
2452 1194 2612 1260 veri·

569 1302 761 1366 simile
791 1322 940 1366 sane
972 1312 1107 1379 est,
1153 1320 1286 1364 eum
1317 1297 1595 1364 Parthi
1637 1300 1976 1364 vulnera
2022 1297 2135 1381 (V,
2168 1296 2240 1379 4)
2282 1297 2453 1361 inter
2483 1316 2611 1359 car-

567 1407 791 1468 minum
823 1413 1179 1487 argumenta
1210 1424 1342 1465 eam
1375 1401 1748 1485 potissimum
1791 1400 1866 1464 ob
1907 1402 2204 1465 rationem
2235 1398 2611 1475 nominasse,

568 1506 704 1589 quia
747 1501 1118 1568 Corbulonis
1161 1504 1457 1568 victoriae
1502 1504 1751 1566 insanas
1793 1522 1938 1585 erga
1967 1500 2286 1566 Neronem
2319 1500 2614 1565 adulatio-

568 1626 679 1669 nes
710 1615 1143 1690 provocarunt.
1193 1602 1395 1669 Docet
1425 1605 1540 1670 boc
1572 1605 1824 1668 Tacitus
1856 1607 2060 1687 (Ann.
2094 1599 2276 1680 XIII,
2308 1601 2429 1683 41)
2458 1630 2475 1667 ι
2531 1600 2614 1665 ob

569 1706 727 1771 haec
755 1708 1191 1772 consalutatus
1219 1709 1562 1792 imperator
1587 1707 1769 1772 Nero
1808 1716 1874 1770 et
1897 1706 2443 1770 senatusconsulto
2475 1725 2615 1790 sup·

560 1808 937 1894 plicatione-s
966 1807 1216 1871 habilae
1234 1856 1254 1882 ,
1301 1818 1672 1896 statuaeque
1702 1818 1768 1873 et
1792 1828 1983 1871 arcus
2001 1854 2020 1881 ,
2071 1817 2136 1871 et
2162 1810 2452 1872 continui
2476 1830 2616 1872 con-

569 1910 816 1973 sulatus
837 1912 1156 1995 princ-api,
1206 1919 1395 1996 utque
1423 1913 1590 1976 inter
1610 1911 1833 1995 fiscos
1861 1910 2226 1994 referretur
2267 1909 2404 1973 dies
2419 1957 2445 1986 ‚
2497 1931 2613 1996 quo

560 2020 825 2097 patrata
866 2013 1166 2092 victoria,
1220 2033 1339 2098 quo
1385 2015 1679 2077 nuntiata
1698 2059 1718 2087 ,
1766 2034 1886 2100 quo
1916 2014 2182 2076 relatum
2214 2012 2289 2075 de
2318 2033 2397 2075 ea
2426 2020 2616 2088 esset,

573 2113 825 2198 aliaque
867 2115 931 2177 in
975 2113 1228 2178 eandem
1254 2113 1541 2197 sormam
1572 2113 2014 2178 decernuntur.
2089 2110 2326 2195 Quibus
2357 2136 2488 2178 non
2520 2115 2617 2178 de·

575 2215 765 2279 fuisse
796 2225 1009 2299 poetas
1031 2262 1048 2294 ,
1096 2217 1194 2300 qui
1227 2216 1556 2300 magnificis
1587 2216 1792 2282 verbis
1823 2217 2239 2293 celebrarent,
2285 2216 2436 2280 licet
2477 2237 2618 2282 con·

569 2316 797 2382 iicere=
847 2339 996 2400 quos
1027 2317 1123 2382 hic
1152 2319 1520 2404 perstrinxit
1546 2320 1669 2399 ita,
1718 2329 1784 2382 ut
1826 2319 2004 2384 simul
2047 2338 2266 2384 vanam
2305 2317 2618 2385 Romano-

573 2437 688 2504 que
721 2420 965 2482 nomine
995 2420 1303 2504 indignam
1334 2422 1743 2485 adulationem
1787 2431 2052 2485 notaret.
2117 2425 2351 2505 Aperte
2397 2422 2620 2487 ridicu·

576 2521 695 2584 lum
727 2520 892 2585 illum
939 2518 1317 2606 Caligula
1338 2544 1371 2587 e
1421 2524 1494 2588 de
1530 2521 1854 2587 Germanis
1887 2522 2243 2608 triumphum
2274 2524 2441 2589 ridet
2472 2522 2615 2605 (vl,

573 2621 659 2687 42
686 2625 885 2706 sqq.)‚
938 2623 1041 2687 ubi
1085 2625 1253 2707 quasi
1299 2624 1462 2688 aliud
1509 2645 1700 2709 agens
1744 2626 2094 2690 memoriam
2138 2627 2268 2690 eius
2312 2626 2517 2691 iniicit
2557 2636 2617 2690 et

575 2726 813 2789 mimum
845 2725 1009 2789 illum
1043 2726 1292 2810 egregie
1326 2726 1597 2810 depingit
1628 2748 1818 2809 eaque
1866 2728 2065 2792 ironia
2111 2748 2353 2812 operam
2376 2774 2395 2808 ,
2446 2750 2619 2813 quam

577 2829 637 2892 in
670 2828 925 2913 singulis
955 2829 1234 2914 parandis
1266 2828 1608 2893 adhibuerit
1639 2826 2059 2910 Caesonia,
2107 2830 2274 2913 quasi
2307 2832 2622 2916 egregium

574 2931 794 3013 aliquid
853 2932 1346 3014 magnificumque
1413 2931 1627 2994 fecerit
1647 2977 1665 3008 ,
1727 2933 2118 3017 perstringit,
2181 2944 2244 2997 ut
2297 2932 2433 2998 iure
2490 2953 2622 2998 eum

575 3034 772 3097 locum
802 3034 965 3097 inter
995 3033 1215 3118 optima
1246 3054 1530 3098 numeres
1549 3080 1567 3112 ,
1617 3053 1768 3117 quae
1812 3034 1968 3117 apud
1996 3031 2277 3098 Persium
2307 3032 2619 3118 leguntur.

578 3133 749 3199 Haeo
788 3155 939 3199 vero
982 3155 1085 3200 res
1128 3156 1478 3218 quamquam
1525 3132 1744 3199 Persio
1785 3137 2104 3201 admodum
2150 3158 2338 3221 puero
2372 3138 2622 3216 accidit,

578 3239 770 3320 potuit
799 3248 1000 3302 tamen
1032 3237 1207 3301 facile
1240 3236 1369 3300 eius
1401 3237 1603 3326 animo
1636 3237 1959 3304 inhaerere
1979 3285 1998 3319 ,
2046 3249 2112 3303 ut
2149 3247 2363 3324 sponte.
2395 3260 2625 3304 memo·

575 3339 666 3403 ria
697 3348 1119 3417 succurreret,
1169 3341 1524 3423 praesertim
1556 3362 1632 3405 eo
1664 3351 1933 3424 tempore
1956 3387 1975 3419 ,
2022 3361 2138 3425 quo
2177 3341 2229 3404 si
2264 3361 2385 3403 non
2413 3341 2624 3405 trium-

574 3442 675 3525 phi
706 3453 825 3506 tam
870 3443 1108 3507 ridiculi
1152 3444 1531 3528 agebantur,
1573 3443 1784 3507 similis
1828 3443 2066 3508 vanitas
2096 3454 2159 3507 et
2186 3442 2434 3507 iactatio
2469 3442 2626 3508 hand

572 3563 714 3607 rara
746 3554 901 3608 erat.
952 3543 1122 3608 Haec
1151 3546 1333 3627 igitur
1361 3546 1446 3608 ita
1477 3557 1817 3630 comparata
1850 3556 2024 3623 sunt,
2059 3555 2125 3608 ut
2154 3566 2302 3609 vere
2333 3544 2626 3631 temporis

578 3644 668 3707 sui
701 3644 847 3707 vitia
876 3645 1121 3729 spiritus
1154 3647 1394 3712 dedisse
1427 3659 1647 3732 poetae
1682 3647 2047 3730 satiramque
2080 3644 2340 3711 dictasse
2373 3647 2625 3713 videan-

580 3756 698 3807 tur.
776 3747 1066 3810 Attamen
1113 3747 1263 3813 haec
1305 3771 1492 3815 verae
1537 3749 1765 3814 satirae
1810 3748 2064 3832 vestigia
2113 3759 2231 3812 tam
2267 3768 2410 3812 rara
2454 3759 2623 3826 sunt,

580 3858 645 3910 ut
689 3867 763 3911 eo
814 3846 1035 3912 clarius
1081 3863 1369 3933 appareat
1392 3899 1411 3931 ,
1474 3852 1694 3917 satiras
1747 3851 1931 3916 hasce
1951 3897 1971 3930 ,
2034 3861 2103 3914 ut
2157 3849 2273 3913 iam
2331 3850 2620 3928 diximus,

577 3968 748 4032 quam
809 3948 1071 4013 maxime
1132 3952 1570 4039 disputationes
1630 3975 1767 4019 esse
1826 3976 1860 4018 e
1921 3953 2151 4019 stoicae
2209 3952 2623 4038 philosophiae

576 4048 800 4116 scholis
831 4063 1181 4137 prognatus.
