2764 4738
75 4135 325 4278 ιη,ᾸᾸ

503 410 704 457 eevm
1163 388 1899 453 PROLEGOMENA.

504 557 651 625 Vll.
687 557 955 624 Carmen
986 561 1311 647 anonymi,
1346 560 1518 626 cuins
1549 559 1796 625 titnlns=
1842 558 2044 624 Liber
2051 556 2371 642 facetiae,
2418 564 2562 623 sine

504 682 626 747 quo
663 682 838 723 nemo
870 671 1085 747 potest
1124 685 1258 726 esse
1302 660 1455 725 bene
1496 664 1940 747 moriginatus.
2017 655 2191 724 vltt.
2243 659 2559 725 Aemilii

502 761 745 826 Macri
778 785 988 849 poema
1021 763 1096 828 de
1127 765 1359 828 viribus
1378 764 1725 840 herbarum,
1763 764 1896 827 finis
1915 761 2320 827 desideratur.
2355 759 2558 827 Huius

505 866 637 929 cod.
670 887 808 948 pars
854 866 1055 949 prior,
1103 867 1167 929 in
1211 888 1329 949 qua
1372 877 1517 930 sunt
1557 864 1760 930 Persii
1806 863 2106 952 Satyrae,
2153 884 2320 929 saec.
2362 860 2555 942 XIII,

503 967 698 1032 altera
727 987 893 1032 saec.
928 965 1084 1032 XIV
1114 969 1341 1053 scripta
1372 988 1512 1032 esse
1538 968 1800 1031 videtur.

339 1120 386 1172 P
416 1121 469 1174 3·
681 1119 838 1186 Cod.
889 1143 951 1184 n.
997 1119 1167 1185 8070
1213 1121 1711 1186 membranaceus
1742 1119 1980 1205 (P3.),
2028 1119 2300 1185 continet
2335 1117 2557 1186 Iuve-

507 1223 716 1286 nalis
762 1222 979 1286 satiras
1022 1244 1189 1287 saec.
1238 1220 1405 1302 xtl,
1456 1232 1518 1286 et
1560 1223 1635 1287 ab
1679 1223 1795 1287 alia
1828 1245 2009 1286 mann
2038 1221 2303 1287 Persii
2335 1224 2557 1287 satiras

503 1325 694 1386 forma
730 1325 991 1388 maxima
1022 1345 1187 1389 saec.
1229 1323 1356 1402 xl,
1403 1325 1685 1389 distincte
1726 1325 1835 1388 sed
1882 1345 2004 1388 non
2050 1325 2237 1390 nitide
2269 1325 2551 1410 scriptas.

505 1423 816 1490 Interdum
849 1427 1057 1489 eadem
1090 1449 1302 1491 manns
1333 1427 1480 1491 vitia
1517 1426 1814 1491 correxit.
1848 1425 1853 1430 ’

342 1565 389 1617 Ρ
414 1568 465 1618 4.
678 1559 837 1625 Cod.
874 1584 936 1625 n.
970 1559 1141 1629 8049
1171 1563 1260 1648 (P
1285 1561 1385 1645 4.)
1408 1611 1426 1643 ‚
1461 1563 1958 1628 membranaceus
1981 1611 1999 1642 ,
2040 1564 2232 1629 forma
2264 1564 2555 1642 maxima,

506 1663 692 1728 nitide
742 1665 998 1748 scriptus
1044 1686 1211 1729 sace.
1258 1663 1380 1729 Xt.
1473 1663 1801 1730 Praecedit
1842 1666 2008 1743 vita,
2067 1666 2369 1751 adscripta
2415 1676 2560 1730 sunt

505 1766 735 1830 scholia
768 1787 953 1850 usque
984 1768 1057 1831 ad
1091 1769 1272 1832 finem
1303 1777 1420 1831 sat.
1455 1763 1571 1831 111.
1630 1763 1703 1830 In
1744 1768 1860 1831 fine
1903 1768 2188 1850 scriptum
2235 1778 2365 1831 est:
2411 1766 2558 1831 Ea:-

493 1868 686 1953 plieit
724 1871 995 1932 intortus
1027 1890 1151 1954 per
1184 1879 1379 1932 totum
1409 1867 1667 1932 Persius
1696 1868 1929 1934 orbem.
1986 1865 2284 1932 Continet
2312 1879 2560 1954 praeter

504 1967 788 2034 Persium
846 1973 1029 2037 etiam
1086 1967 1465 2037 Petronii
1522 1981 1817 2056 excerpta
1877 1983 1941 2037 et
1999 1968 2357 2037 Senecae
2416 1991 2560 2035 scn-

509 2071 756 2135 tentiae.

344 2201 391 2253 Ρ
414 2201 465 2253 5.
682 2187 841 2255 Cod.
888 2213 949 2254 n.
978 2188 1181 2269 8272,
1232 2192 1375 2256 olim
1408 2188 1586 2255 Colb.
1618 2188 1812 2256 4067.
1863 2189 2026 2277 Reg.
2059 2190 2275 2256 61567
2314 2192 2406 2272 (Ρ
2429 2189 2557 2271 5.),

507 2292 1042 2373 membranaceae,
1100 2296 1295 2357 forma
1337 2295 1665 2379 quadrata,
1712 2316 1879 2359 saec.
1924 2290 2023 2357 xl
2069 2295 2225 2359 bene
2269 2295 2554 2380 scriptus.

504 2392 832 2459 Praecedit
860 2397 985 2460 vita
1004 2441 1023 2474 ‚
1067 2397 1370 2483 adscripta
1400 2408 1542 2462 sunt
1570 2398 1797 2463 scholia
1830 2397 1907 2463 ad
1938 2396 2271 2481 marginem
2304 2408 2367 2462 et
2394 2399 2561 2461 inter

506 2498 731 2561 lineas·

345 2620 392 2672 Ρ
415 2621 466 2674 6.
678 2616 833 2682 Cod.
870 2616 1031 2702 Reg.
1064 2613 1271 2695 8050,
1320 2617 1487 2702 prius
1520 2603 1796 2699 Eiac'iiffi,
1845 2618 2065 2710 deinde
2100 2615 2265 2683 1580
2295 2630 2358 2683 et
2387 2616 2560 2684 5622

509 2718 600 2801 (Ρ
622 2716 721 2802 6.)
745 2767 763 2798 ,
812 2721 1004 2783 forma
1036 2742 1288 2803 magna,
1336 2720 1876 2800 membranaceus»,
1925 2733 2213 2787 constans
2252 2721 2411 2784 foliis
2447 2718 2551 2784 18.

508 2819 800 2886 Continet
841 2820 1045 2887 Persii
1088 2823 1309 2887 satiras
1357 2843 1489 2886 cum
1537 2823 1782 2887 scholiis
1839 2823 2127 2889 brevibus
2185 2831 2248 2885 et
2307 2822 2556 2907 glossis.

506 2921 577 2987 In
611 2925 725 2987 fine
756 2925 1043 3009 scriptum
1077 2936 1209 2989 est=
1256 2924 1558 3007 Explicit
1598 2923 1759 2988 liber
1798 2911 2014 2988 Persii
2033 2924 2303 2990 Etrusci
2324 2922 2555 3009 satiri}

507 3026 768 3089 Iamiam
815 3026 975 3090 libro
1025 3027 1276 3110 expleto
1322 3023 1572 3110 Fileppo
1620 3024 1972 3111 providete.
2016 3026 2027 3108 Ι
2064 3025 2187 3089 Est
2217 3025 2363 3109 filii
2414 3027 2558 3090 olim

508 3127 707 3202 clari,
757 3137 851 3190 est
872 3129 1083 3212 patris
1113 3130 1236 3191 iam
1267 3128 1446 3190 clari.
1487 3127 1497 3213 Ι
1543 3125 1628 3190 Ut
1664 3128 1742 3191 ab
1775 3129 1944 3190 omni
1967 3127 2150 3210 culpa
2181 3129 2407 3211 expier
2437 3148 2559 3211 ego

503 3230 819 3314 scriptor,
864 3232 1022 3293 scito
1052 3251 1148 3294 me
1175 3231 1544 3314 scriptorem
1557 3230 1781 3315 fici-sse
1812 3227 1887 3293 ob
1908 3250 2095 3314 posse
2123 3249 2341 3291 meum.
2385 3228 2395 3311 Ι
2434 3228 2565 3292 Sed

507 3333 658 3417 quia
686 3352 807 3394 non
828 3351 1040 3414 pauca
1082 3331 1399 3415 dificultas
1437 3352 1532 3394 me
1572 3331 1951 3417 superabat,
2001 3329 2424 3416 quampluries
2465 3353 2561 3394 me

499 3434 802 3517 pictorem
840 3431 1059 3516 fuisse
1100 3432 1462 3516 manifesto.
1516 3430 1530 3519 Ι
1584 3433 1669 3497 Ut
1707 3433 1906 3497 habui
1944 3454 1985 3496 a
2028 3433 2293 3518 quodam
2343 3479 2359 3496 .
2416 3443 2562 3498 tuus

505 3535 809 3598 Andreas
846 3535 858 3620 Ι
892 3534 1394 3601 Francesclzinus
1422 3533 1501 3599 de
1540 3534 1791 3601 Albicis
1818 3535 2009 3599 habet
2046 3532 2315 3620 aliquem
2355 3533 2365 3620 Ι
2405 3535 2560 3598 Per-

504 3637 665 3698 sium
708 3646 773 3699 et
812 3636 949 3699 ideo
992 3639 1056 3700 si
1091 3636 1447 3721 ambigeres
1487 3635 1496 3722 Ι
1535 3638 1733 3722 ipsum
1766 3645 1916 3721 pete
1954 3635 2045 3701 ad
2068 3634 2515 3721 corrig-endum
2546 3636 2560 3721 Ι

510 3734 675 3799 1321
709 3740 936 3801 mensis
963 3741 1218 3823 septimi
1241 3737 1319 3802 ab
1349 3737 1565 3803 imbre.

343 3879 393 3930 p
423 3879 474 3932 7,
684 3852 837 3918 Cod.
872 3854 1040 3920 8055
1073 3857 1304 3941 (P7.),
1340 3858 1881 3938 membranaceus,
1916 3858 2046 3921 fon.
2078 3855 2206 3920 218
2237 3869 2554 3934 constans,

505 3978 674 4022 saec.
707 3955 840 4036 XI,
891 3958 1164 4023 continet
1215 3958 1466 4026 Statii
1511 3959 1868 4038 Thebaida,
1921 3957 2277 4025 Persium
2322 3971 2386 4023 et
2431 3958 2560 4027 Se-

507 4081 545 4123 n
565 4079 753 4126 ecae
798 4060 1169 4143 tragoedias.
