2764 4738
591 411 712 479 136
1262 417 1428 478 SAT.
1464 419 1532 491 Il,
1574 423 1656 482 60
1689 452 1769 464 -
1801 422 1901 482 64.

585 588 896 667 argillaccn
939 599 1121 663 erant,
1165 599 1227 648 nt
1267 592 1430 669 ipsae
1476 587 1705 649 deorum
1750 599 2011 662 statuae,
2042 601 2212 670 atque
2250 588 2415 650 valde
2458 592 2510 650 in
2538 611 2599 650 eo

585 674 690 733 eibi
720 673 948 752 placent
976 676 1309 752 scriptores,
1339 687 1402 735 ut
1430 694 1626 734 eorum
1656 686 1965 755 temporum
1998 677 2355 736 sanctitatem
2397 676 2600 756 praedi-

584 771 736 830 cent,
768 779 912 838 quae
957 757 1045 818 dis
1077 760 1338 820 fictilibus
1385 771 1652 820 contenta
1693 771 1889 833 eraut,
1934 761 2012 820 cf.
2059 759 2330 840 Propert.
2362 763 2436 833 V,
2467 768 2518 833 1,
2547 768 2597 824 5.

585 844 744 905 Ovid.
776 846 931 903 Fast.
965 844 1011 916 l,
1055 849 1201 908 202.
1244 845 1361 904 Iuv.
1394 845 1497 916 XI,
1545 850 1686 908 116.
1722 845 1859 906 Sen.
1905 866 2033 924 epp.
2065 847 2284 918 XXXI,
2332 852 2429 918 10,
2456 868 2597 907 cons.

582 928 654 990 ad
701 930 860 990 Helv.
914 934 1011 992 10.
1055 929 1197 989 Plin.
1226 930 1499 1004 XXXIV,
1530 936 1592 1003 7,
1643 934 1741 993 16.
1785 931 2030 1003 XXXV,
2077 937 2175 1004 12,
2233 938 2340 995 45.
2385 933 2591 992 Triller.

584 1016 740 1076 obss.
772 1018 921 1074 critt.
955 1016 1052 1087 IV,
1086 1019 1125 1079 6
1155 1038 1211 1096 Ρ.
1243 1020 1367 1080 328
1399 1036 1489 1096 sq.
1549 1019 1805 1075 Animae
1835 1037 2054 1076 curvae
2087 1020 2149 1076 in
2183 1021 2366 1078 terris·
2405 1029 2466 1078 et
2486 1038 2596 1077 coe-

586 1103 815 1160 lestium
846 1103 1051 1160 2'm'1ncs
1094 1103 1448 1162 illustrantur
1493 1101 1710 1162 Horatii
1755 1101 1883 1162 loco
1931 1101 2080 1176 (Sat.
2111 1103 2183 1176 11,
2230 1108 2293 1175 2,
2324 1110 2405 1167 77
2435 1108 2594 1184 sqq.):

584 1188 769 1259 „Quin
802 1206 1008 1265 corpus
1039 1197 1297 1246 onustum
1315 1187 1612 1247 Hesternis
1643 1189 1792 1246 vitiis
1821 1189 2060 1247 animum
2091 1209 2320 1269 quoque
2337 1208 2594 1312 praegra-

582 1283 697 1330 vat
707 1291 814 1330 una
843 1269 1053 1349 Atque
1066 1271 1247 1350 affigit
1288 1271 1456 1330 humo
1488 1270 1709 1332 divinae
1754 1274 2088 1350 particulam
2129 1283 2354 1335 auraef
2359 1273 2591 1333 ‘Eadem

583 1358 803 1416 ratione
834 1356 1079 1435 loquitur
1106 1355 1269 1416 Plato
1305 1363 1460 1454 (rep.
1495 1357 1576 1416 IX
1597 1377 1654 1435 p.
1689 1360 1812 1418 586
1840 1354 1976 1429 A.:)
2031 1353 2595 1461 Οἱᾶραφρονήσεως

585 1463 685 1500 και
718 1436 933 1542 ἀρετῆς
960 1436 1225 1540 ἄπειροι,
1261 1435 1539 1520 εὐωχίαις
1568 1439 1634 1499 δὲ
1661 1440 1766 1500 καὶ
1802 1438 1929 1511 τοῖς
1967 1437 2273 1511 τοιούτοις
2300 1437 2395 1500 ἀει
2416 1437 2593 1512 ξυνόν-

582 1546 711 1597 τες,
757 1520 957 1597 κάτω,
1002 1522 1083 1594 ὥς
1122 1521 1284 1585 ἔοικε
1321 1559 1408 1571 —
1447 1523 1737 1609 φέρονται
1774 1558 1858 1571 —-
1898 1521 2053 1628 πρός
2090 1520 2161 1587 τὸ
2207 1521 2450 1600 ἀληθῶς
2486 1521 2591 1583 ἄνω

583 1606 719 1671 οὔτε
759 1605 1099 1689 ἀνέβλεψαν
1136 1606 1270 1670 οὔτε
1308 1605 1656 1689 ἠνέχθησαν
1680 1644 1766 1658 —-
1810 1605 1957 1669 ἀλλὰ
2001 1608 2408 1688 βοσκημάτων
2442 1607 2592 1681 δίκην

582 1692 745 1754 κάτω
781 1691 877 1753 ἀει
917 1692 1228 1773 βλίττοντες
1263 1694 1367 1754 και
1415 1690 1744 1773 κεκυφότες
1780 1693 1864 1765 εἰς
1894 1696 2008 1772 γῆν
2055 1694 2162 1754 και
2206 1695 2295 1765 εἰς
2329 1717 2363 1754 τ
2365 1691 2593 1778 ραπὲζας

582 1782 685 1854 (cf.
716 1778 872 1840 Suid.
906 1800 955 1839 s.
999 1801 1057 1839 v.
1090 1777 1437 1862 θρέμματα)
1471 1775 1816 1858 βόσκονται.
1881 1780 1971 1839 Cr.
2018 1779 2252 1839 Seneca
2297 1788 2443 1859 (epp.
2365 1717 2588 1847 ρπΧίΞ,

584 1866 664 1924 10
693 1882 752 1939 Ρ.
790 1866 828 1924 5
861 1860 1110 1934 Schw..)
1155 1861 1474 1942 „Quicquid
1519 1860 1670 1920 aliud
1701 1879 1943 1939 corpore
1987 1865 2290 1925 incurvato
2336 1876 2395 1925 et
2430 1866 2589 1923 animo

579 1945 800 2006 humum
831 1958 1128 2025 spectante
1160 1946 1539 2027 quaerendum
1569 1953 1722 2004 est.“
1764 1943 2034 2005 Prudent.
2064 1946 2328 2006 Hamart.
2343 1949 2460 2008 383
2487 1964 2588 2025 sep:

579 2025 992 2106 „Perituraque
1024 2048 1253 2108 pronus
1268 2029 1453 2101 (Ovid.
1483 2031 1623 2091 Met.
1658 2030 1700 2103 1,
1733 2035 1839 2102 84)
1871 2030 2069 2108 Diligit
2098 2040 2160 2089 et
2192 2050 2368 2089 curvo
2397 2029 2589 2109 quaeiit

576 2112 877 2171 terrestria
893 2120 1106 2170 sensu.‘
1111 2113 1772 2185 ‘Coelesnumz'tzane5,
1793 2116 1875 2175 cf.
1907 2112 2042 2173 Hor.
2074 2134 2255 2174 carm.
2272 2116 2364 2188 111,
2396 2120 2488 2185 11,
2500 2116 2587 2176 22.

580 2194 742 2257 Ovid.
773 2194 1007 2256 Hei-oid.
1042 2196 1136 2268 111,
1169 2200 1270 2260 60.
1308 2200 1467 2274 Quid
1492 2200 1666 2258 mvat
1693 2200 1826 2270 Ιιοο,
1859 2200 1940 2259 cf.
1989 2200 2034 2271 Ι,
2071 2204 2216 2262 112.
2250 2201 2385 2262 Hor.
2417 2197 2583 2268 Sat-I,

582 2286 640 2353 1,
667 2287 770 2344 78.
801 2293 1036 2342 nostros
1066 2283 1146 2343 cs.
1181 2281 1328 2354 adI,
1361 2287 1421 2345 9.
1450 2285 1668 2375 Pulpa,
1687 2295 1749 2342 ut
1777 2286 2128 2364 grammatici
2145 2287 2449 2365 explicant,
2469 2302 2583 2344 caro

577 2369 701 2428 sine
732 2367 955 2428 ossibus
987 2379 1097 2439 est,
1128 2368 1308 2427 mollia
1338 2369 1512 2446 igitur
1539 2380 1599 2428 et
1628 2373 1876 2444 enervis,
1908 2372 1965 2431 h.
2001 2372 2043 2431 l.
2079 2372 2213 2432 fere
2256 2384 2319 2432 ιιι
2345 2374 2400 2430 in
2427 2367 2583 2430 bibliis

576 2454 757 2513 sacris
800 2450 987 2536 σάρξ,
1036 2473 1203 2526 caro,
1250 2466 1571 2533 usurpatur.
1619 2450 1884 2515 Conserri
1939 2468 2128 2536 potest
2170 2459 2410 2517 Ausonii
2448 2457 2582 2515 locus

577 2540 770 2617 (epist.
802 2539 900 2609 IV,
933 2543 1014 2602 93
1044 2544 1191 2618 sq.)·
1176 2584 1191 2598 .
1238 2539 1406 2611 „Nec
1438 2541 1527 2599 fus
1559 2552 1651 2602 est
1673 2540 1982 2620 mihiregio
2014 2543 2291 2620 magistro
2319 2543 2582 2603 Plebeiam

573 2643 842 2684 numeros
874 2624 1083 2683 docere
1106 2626 1430 2703 pulpamf‘
1467 2624 1790 2706 Sequuntur
1817 2628 1925 2686 iam
1957 2629 2219 2706 exempla
2237 2644 2581 2707 eorumquae

573 2709 852 2769 hominum
885 2708 1161 2787 cupiditas
1193 2710 1414 2769 luxuria
1445 2710 1665 2789 perdita
1694 2731 1909 2773 summa
1938 2712 2086 2772 buna
2117 2725 2342 2774 censet.
2402 2713 2579 2781 Castu,

574 2816 720 2874 quae
751 2816 827 2854 ex
861 2794 1068 2854 Arabia
1099 2796 1443 2855 afferebatur
1475 2796 1638 2870 (Plin.
1670 2797 1801 2869 XII,
1823 2844 1826 2847 -
1851 2802 1951 2868 19,
1990 2802 2094 2860 43.
2126 2799 2413 2879 Theophr.
2442 2800 2490 2857 h.
2516 2796 2578 2876 pl.

572 2881 674 2952 IX,
707 2886 765 2942 5.
797 2880 967 2939 Salm.
1000 2899 1234 2941 exerce.
1269 2881 1412 2940 Pliu.
1442 2903 1501 2961 p.
1535 2887 1654 2945 401
1680 2888 1956 2962 aq.)cum
1986 2886 2112 2942 oleo
2142 2885 2579 2962 permiscebatur,

572 2977 635 3025 nt
663 2985 836 3025 sume
869 2966 1070 3025 oleret.
1114 2967 1199 3025 Ita
1243 2968 1487 3026 nativum
1534 2968 1646 3027 olei
1694 2968 1927 3027 odorem
1976 2973 2263 3049 corrumpi
2293 2969 2579 3049 indignatur

572 3049 824 3123 PersiuS,
854 3064 916 3109 ιιι
946 3050 1405 3133 Laccdaemunii,
1434 3074 1487 3111 v.
1518 3050 1730 3112 Athen.
1759 3053 1916 3126 XV,
1932 3073 1989 3131 Ρ.
2023 3058 2148 3117 686
2180 3056 2247 3114 F.
2305 3057 2363 3116 οἱ
2401 3056 2578 3113 Auxe-

574 3131 875 3213 δαιμόνιοι
930 3132 1309 3207 ε’ξελαιινουσι
1349 3138 1457 3210 τῆς
1512 3134 1803 3221 Σπάρτης
1873 3158 2017 3209 τους
2068 3162 2144 3198 τα
2180 3137 2404 3244 μύρα
2422 3157 2577 3196 κατα·

574 3217 966 3290 σκευάζοντας
992 3218 1073 3290 ὠς
1120 3219 1595 3323 διαφθείροντας
1621 3194 1919 3295 τοῦλαιον,
1962 3224 2071 3284 και
2094 3219 2238 3295 τούς
2264 3222 2337 3284 τὰ
2364 3219 2487 3304 ἔρια
2519 3217 2574 3277 δὲ

570 3300 903 3382 βάπτοντας
929 3302 1010 3376 ὥς
1042 3302 1439 3382 ἀφανίζοντας
1463 3301 1570 3379 τὴν
1590 3303 1913 3382 λευκότητα
1939 3331 2059 3368 των
2090 3307 2273 3391 ἐρίων
2300 3310 2391 3383 (cl.
2421 3307 2571 3365 Clcm.

568 3391 737 3449 Alex.
784 3390 1025 3470 paedag.
1068 3392 1119 3450 11
1159 3412 1214 3469 Ρ.
1259 3397 1361 3453 77.
1419 3389 1627 3450 Sti-om.
1665 3392 1686 3451 I
1718 3413 1773 3471 p.
1827 3397 1947 3456 126
1995 3393 2156 3472 Syn».
2207 3395 2407 3455 Senec.
2433 3390 2567 3451 Nat.

571 3487 812 3555 quaestt.
859 3476 957 3547 IV,
1007 3481 1134 3549 13).
1214 3475 1307 3535 CI'.
1356 3477 1526 3555 Virg.
1572 3476 1786 3556 Georg.
1830 3480 1900 3549 11,
1942 3484 2067 3542 465
2100 3501 2231 3560 sq..
2275 3479 2453 3553 „Alba
2479 3494 2570 3535 nec

566 3562 812 3638 Assyrio
858 3563 1081 3621 fucatur
1127 3563 1251 3621 lana
1302 3581 1557 3632 veneno,
1626 3562 1751 3622 Nec
1794 3566 1951 3623 casia
1997 3566 2186 3648 liquidi
2232 3564 2572 3643 corrumpitur

564 3666 705 3704 usus
737 3647 931 3705 olivist‘
976 3647 1250 3728 Quicquid
1273 3648 1420 3706 enim
1453 3649 1696 3707 nativum
1728 3647 1960 3709 odorem
1989 3652 2080 3710 vel
2125 3652 2390 3710 colorem
2400 3656 2567 3714 mutat,

568 3730 694 3789 dum
739 3732 888 3790 aliud
931 3733 1061 3812 quid
1122 3732 1495 3804 admiscetur,
1553 3732 1610 3791 id
1664 3738 2041 3813 corrumpitur
2096 3748 2157 3796 οι
2199 3738 2433 3834 vitiatur:
2496 3732 2565 3791 112

568 3815 842 3875 Homerus
870 3818 997 3877 loco
1039 3819 1415 3878 celeberrimo
1449 3776 1535 3890 (ΙΙ.
1571 3816 1630 3889 δ,
1669 3825 1850 3891 141):
1907 3818 1990 3890 ὥς
2019 3817 2077 3879 δ’
2121 3817 2216 3881 ὅτε
2255 3843 2343 3890 τις
2378 3814 2429 3877 τ’
2468 3813 2566 3874 ἕλε’·

568 3924 767 3977 φαντα
792 3900 938 3979 γυνὴ
966 3902 1193 3980 φοίνικι
1212 3899 1389 3986 μιῄνῃ
1422 3903 1605 3981 (Virg.
1637 3904 1786 3964 Aen.
1817 3905 1945 3977 XII,
1977 3910 2057 3968 67
2089 3927 2176 3985 sq.
2209 3907 2349 3965 Stat.
2377 3899 2560 3964 Achil!-

565 3986 609 4057 l,
654 3991 836 4060 308),
896 3999 954 4047 et
992 3990 1241 4066 pictores
1284 3989 1377 4047 ubi
1425 3987 1684 4049 diversos
1745 3991 1971 4051 colores
2032 3993 2303 4061 miscent,
2359 3998 2564 4048 vocatur

566 4071 883 4153 φθείρειν,
941 4070 1180 4155 φθορά,
1233 4073 1375 4133 Plut.
1428 4073 1619 4153 Symp.
1678 4086 1922 4154 quaestt.
1955 4075 2119 4149 VIII,
2167 4082 2224 4139 5.
2270 4076 2338 4136 de
2383 4074 2449 4133 ΕΙ
2487 4090 2560 4149 ap-
