<?xml version="1.0" encoding="UTF-8"?>
<!DOCTYPE html PUBLIC "-//W3C//DTD XHTML 1.0 Transitional//EN"
    "http://www.w3.org/TR/xhtml1/DTD/xhtml1-transitional.dtd">
<html xmlns="http://www.w3.org/1999/xhtml" xml:lang="en" lang="en">
 <head>
  <title>
</title>
<meta http-equiv="Content-Type" content="text/html;charset=utf-8" />
  <meta name='ocr-system' content='tesseract 3.04.00' />
  <meta name='ocr-capabilities' content='ocr_page ocr_carea ocr_par ocr_line ocrx_word'/>
</head>
<body>
  <div class='ocr_page' id='page_1' title='image "./satirarumliberc01jahngoog_0084.png"; bbox 0 0 2764 4738; ppageno 0'>
   <div class='ocr_carea' id='block_1_1' title="bbox 829 436 2208 507">
    <p class='ocr_par' dir='ltr' id='par_1_1' title="bbox 829 436 2208 507">
     <span class='ocr_line' id='line_1_1' title="bbox 829 436 2208 507; baseline 0.004 -7"><span class='ocrx_word' id='word_1_1' title='bbox 829 436 1550 502; x_wconf 83' lang='lat' dir='ltr'><strong>PROLEGOMENA.</strong></span> <span class='ocrx_word' id='word_1_2' title='bbox 2051 464 2208 507; x_wconf 68' lang='lat' dir='ltr'><strong>nux</strong></span> 
     </span>
    </p>
   </div>
   <div class='ocr_carea' id='block_1_2' title="bbox 155 605 2212 4165">
    <p class='ocr_par' dir='ltr' id='par_1_2' title="bbox 155 605 2212 4165">
     <span class='ocr_line' id='line_1_2' title="bbox 325 605 2206 696; baseline 0.003 -25"><span class='ocrx_word' id='word_1_3' title='bbox 325 605 589 673; x_wconf 72' lang='lat' dir='ltr'><strong>Multum</strong></span> <span class='ocrx_word' id='word_1_4' title='bbox 634 608 713 672; x_wconf 90' lang='lat' dir='ltr'><strong>ab</strong></span> <span class='ocrx_word' id='word_1_5' title='bbox 751 606 848 673; x_wconf 88' lang='lat' dir='ltr'><strong>his</strong></span> <span class='ocrx_word' id='word_1_6' title='bbox 891 610 1130 676; x_wconf 88' lang='lat' dir='ltr'><strong>diversa</strong></span> <span class='ocrx_word' id='word_1_7' title='bbox 1175 622 1271 675; x_wconf 91' lang='lat' dir='ltr'><strong>est</strong></span> <span class='ocrx_word' id='word_1_8' title='bbox 1314 610 1502 695; x_wconf 84' lang='lat' dir='ltr'><strong>prima</strong></span> <span class='ocrx_word' id='word_1_9' title='bbox 1549 610 1774 689; x_wconf 86' lang='lat' dir='ltr'><strong>satira,</strong></span> <span class='ocrx_word' id='word_1_10' title='bbox 1821 612 1886 675; x_wconf 92' lang='lat' dir='ltr'><strong>in</strong></span> <span class='ocrx_word' id='word_1_11' title='bbox 1925 633 2038 696; x_wconf 90' lang='lat' dir='ltr'><strong>qua</strong></span> <span class='ocrx_word' id='word_1_12' title='bbox 2073 632 2206 679; x_wconf 90' lang='lat' dir='ltr'><strong>cum</strong></span> 
     </span>
     <span class='ocr_line' id='line_1_3' title="bbox 157 711 2209 795; baseline 0.004 -23"><span class='ocrx_word' id='word_1_13' title='bbox 157 722 496 795; x_wconf 83' lang='lat' dir='ltr'><strong>eormptum</strong></span> <span class='ocrx_word' id='word_1_14' title='bbox 526 711 873 776; x_wconf 84' lang='lat' dir='ltr'><strong>litterarum</strong></span> <span class='ocrx_word' id='word_1_15' title='bbox 904 721 1124 777; x_wconf 87' lang='lat' dir='ltr'><strong>statum</strong></span> <span class='ocrx_word' id='word_1_16' title='bbox 1148 722 1415 792; x_wconf 87' lang='lat' dir='ltr'><strong>notaret,</strong></span> <span class='ocrx_word' id='word_1_17' title='bbox 1452 712 1714 778; x_wconf 88' lang='lat' dir='ltr'><strong>debebat</strong></span> <span class='ocrx_word' id='word_1_18' title='bbox 1735 734 1884 778; x_wconf 91' lang='lat' dir='ltr'><strong>sane</strong></span> <span class='ocrx_word' id='word_1_19' title='bbox 1910 715 2209 780; x_wconf 89' lang='lat' dir='ltr'><strong>auditoria</strong></span> 
     </span>
     <span class='ocr_line' id='line_1_4' title="bbox 158 810 2212 901; baseline 0.005 -28"><span class='ocrx_word' id='word_1_20' title='bbox 158 810 651 897; x_wconf 81' lang='lat' dir='ltr'><strong>pbilosophorum</strong></span> <span class='ocrx_word' id='word_1_21' title='bbox 713 814 1060 897; x_wconf 81' lang='lat' dir='ltr'>relinquere</span> <span class='ocrx_word' id='word_1_22' title='bbox 1118 816 1425 897; x_wconf 77' lang='lat' dir='ltr'><strong>ipsamque</strong></span> <span class='ocrx_word' id='word_1_23' title='bbox 1493 817 1677 880; x_wconf 87' lang='lat' dir='ltr'><strong>vitam</strong></span> <span class='ocrx_word' id='word_1_24' title='bbox 1738 837 2030 901; x_wconf 79' lang='lat' dir='ltr'><strong>quaerere</strong></span> <span class='ocrx_word' id='word_1_25' title='bbox 2055 864 2075 897; x_wconf 94' lang='lat'><strong>,</strong></span> <span class='ocrx_word' id='word_1_26' title='bbox 2146 828 2212 883; x_wconf 88' lang='lat' dir='ltr'><strong>ut</strong></span> 
     </span>
     <span class='ocr_line' id='line_1_5' title="bbox 156 912 2209 1000; baseline 0.005 -24"><span class='ocrx_word' id='word_1_27' title='bbox 156 914 389 978; x_wconf 79' lang='lat' dir='ltr'><strong>satirae</strong></span> <span class='ocrx_word' id='word_1_28' title='bbox 430 916 686 980; x_wconf 85' lang='lat' dir='ltr'><strong>officium</strong></span> <span class='ocrx_word' id='word_1_29' title='bbox 732 917 1030 1000; x_wconf 78' lang='lat' dir='ltr'><strong>expleret.</strong></span> <span class='ocrx_word' id='word_1_30' title='bbox 1093 912 1272 997; x_wconf 81' lang='lat' dir='ltr'><strong>Quod</strong></span> <span class='ocrx_word' id='word_1_31' title='bbox 1316 936 1463 982; x_wconf 88' lang='lat' dir='ltr'><strong>vere</strong></span> <span class='ocrx_word' id='word_1_32' title='bbox 1511 937 1649 981; x_wconf 89' lang='lat' dir='ltr'><strong>eum</strong></span> <span class='ocrx_word' id='word_1_33' title='bbox 1687 919 1947 999; x_wconf 77' lang='lat' dir='ltr'><strong>fecisse,</strong></span> <span class='ocrx_word' id='word_1_34' title='bbox 1996 931 2209 985; x_wconf 87' lang='lat' dir='ltr'><strong>ettam</strong></span> 
     </span>
     <span class='ocr_line' id='line_1_6' title="bbox 158 1018 2205 1105; baseline 0.004 -27"><span class='ocrx_word' id='word_1_35' title='bbox 158 1035 370 1079; x_wconf 80' lang='lat' dir='ltr'><strong>eorum</strong></span> <span class='ocrx_word' id='word_1_36' title='bbox 392 1063 410 1094; x_wconf 93' lang='lat'><strong>,</strong></span> <span class='ocrx_word' id='word_1_37' title='bbox 445 1018 544 1099; x_wconf 88' lang='lat' dir='ltr'><strong>qui</strong></span> <span class='ocrx_word' id='word_1_38' title='bbox 574 1028 720 1081; x_wconf 87' lang='lat' dir='ltr'><strong>tuuc</strong></span> <span class='ocrx_word' id='word_1_39' title='bbox 751 1019 1040 1102; x_wconf 83' lang='lat' dir='ltr'><strong>temporis</strong></span> <span class='ocrx_word' id='word_1_40' title='bbox 1070 1018 1307 1082; x_wconf 73' lang='lat' dir='ltr'><strong>litteras</strong></span> <span class='ocrx_word' id='word_1_41' title='bbox 1338 1020 1724 1100; x_wconf 83' lang='lat' dir='ltr'><strong>tractabant,</strong></span> <span class='ocrx_word' id='word_1_42' title='bbox 1764 1042 1938 1105; x_wconf 86' lang='lat' dir='ltr'><strong>quam</strong></span> <span class='ocrx_word' id='word_1_43' title='bbox 1970 1044 2205 1103; x_wconf 91' lang='lat' dir='ltr'><strong>eorum,</strong></span> 
     </span>
     <span class='ocr_line' id='line_1_7' title="bbox 156 1118 2207 1209; baseline 0.005 -29"><span class='ocrx_word' id='word_1_44' title='bbox 156 1118 259 1199; x_wconf 86' lang='lat' dir='ltr'><strong>qui</strong></span> <span class='ocrx_word' id='word_1_45' title='bbox 302 1118 634 1184; x_wconf 84' lang='lat' dir='ltr'><strong>audiebant</strong></span> <span class='ocrx_word' id='word_1_46' title='bbox 677 1130 744 1184; x_wconf 86' lang='lat' dir='ltr'><strong>et</strong></span> <span class='ocrx_word' id='word_1_47' title='bbox 784 1121 1167 1197; x_wconf 88' lang='lat' dir='ltr'><strong>iudicabant,</strong></span> <span class='ocrx_word' id='word_1_48' title='bbox 1215 1122 1576 1205; x_wconf 80' lang='lat' dir='ltr'><strong>pravitatem</strong></span> <span class='ocrx_word' id='word_1_49' title='bbox 1623 1125 1874 1208; x_wconf 84' lang='lat' dir='ltr'><strong>egregie</strong></span> <span class='ocrx_word' id='word_1_50' title='bbox 1922 1134 2102 1209; x_wconf 89' lang='lat' dir='ltr'><strong>atque</strong></span> <span class='ocrx_word' id='word_1_51' title='bbox 2132 1127 2207 1190; x_wconf 88' lang='lat' dir='ltr'><strong>ad</strong></span> 
     </span>
     <span class='ocr_line' id='line_1_8' title="bbox 160 1220 2205 1308; baseline 0.006 -28"><span class='ocrx_word' id='word_1_52' title='bbox 160 1238 377 1283; x_wconf 73' lang='lat' dir='ltr'><strong>verum</strong></span> <span class='ocrx_word' id='word_1_53' title='bbox 420 1220 772 1304; x_wconf 82' lang='lat' dir='ltr'><strong>depinxisse</strong></span> <span class='ocrx_word' id='word_1_54' title='bbox 821 1243 942 1285; x_wconf 91' lang='lat' dir='ltr'><strong>non</strong></span> <span class='ocrx_word' id='word_1_55' title='bbox 988 1233 1187 1306; x_wconf 83' lang='lat' dir='ltr'><strong>potest</strong></span> <span class='ocrx_word' id='word_1_56' title='bbox 1233 1224 1469 1306; x_wconf 84' lang='lat' dir='ltr'><strong>negari.</strong></span> <span class='ocrx_word' id='word_1_57' title='bbox 1555 1223 1729 1289; x_wconf 85' lang='lat' dir='ltr'><strong>Nihil</strong></span> <span class='ocrx_word' id='word_1_58' title='bbox 1769 1226 1984 1291; x_wconf 87' lang='lat' dir='ltr'><strong>mirum</strong></span> <span class='ocrx_word' id='word_1_59' title='bbox 2027 1249 2205 1308; x_wconf 87' lang='lat' dir='ltr'><strong>vero,</strong></span> 
     </span>
     <span class='ocr_line' id='line_1_9' title="bbox 160 1322 2210 1410; baseline 0.004 -26"><span class='ocrx_word' id='word_1_60' title='bbox 160 1322 320 1404; x_wconf 81' lang='lat' dir='ltr'><strong>quod</strong></span> <span class='ocrx_word' id='word_1_61' title='bbox 370 1333 643 1387; x_wconf 89' lang='lat' dir='ltr'><strong>ceterum</strong></span> <span class='ocrx_word' id='word_1_62' title='bbox 686 1326 851 1388; x_wconf 90' lang='lat' dir='ltr'><strong>vitae</strong></span> <span class='ocrx_word' id='word_1_63' title='bbox 895 1325 1050 1390; x_wconf 89' lang='lat' dir='ltr'><strong>baud</strong></span> <span class='ocrx_word' id='word_1_64' title='bbox 1084 1336 1401 1410; x_wconf 84' lang='lat' dir='ltr'><strong>expertum</strong></span> <span class='ocrx_word' id='word_1_65' title='bbox 1432 1326 1767 1390; x_wconf 86' lang='lat' dir='ltr'><strong>litterarum</strong></span> <span class='ocrx_word' id='word_1_66' title='bbox 1802 1328 2069 1392; x_wconf 87' lang='lat' dir='ltr'><strong>conditio</strong></span> <span class='ocrx_word' id='word_1_67' title='bbox 2101 1329 2210 1393; x_wconf 90' lang='lat' dir='ltr'><strong>mi-</strong></span> 
     </span>
     <span class='ocr_line' id='line_1_10' title="bbox 160 1426 2208 1510; baseline 0.004 -21"><span class='ocrx_word' id='word_1_68' title='bbox 160 1446 303 1489; x_wconf 82' lang='lat' dir='ltr'><strong>sera</strong></span> <span class='ocrx_word' id='word_1_69' title='bbox 337 1435 459 1488; x_wconf 90' lang='lat' dir='ltr'><strong>tam</strong></span> <span class='ocrx_word' id='word_1_70' title='bbox 491 1429 766 1510; x_wconf 82' lang='lat' dir='ltr'><strong>graviter</strong></span> <span class='ocrx_word' id='word_1_71' title='bbox 793 1428 1149 1506; x_wconf 87' lang='lat' dir='ltr'><strong>commovit,</strong></span> <span class='ocrx_word' id='word_1_72' title='bbox 1195 1438 1263 1491; x_wconf 91' lang='lat' dir='ltr'><strong>ut</strong></span> <span class='ocrx_word' id='word_1_73' title='bbox 1304 1427 1366 1490; x_wconf 93' lang='lat' dir='ltr'><strong>in</strong></span> <span class='ocrx_word' id='word_1_74' title='bbox 1410 1426 1519 1493; x_wconf 83' lang='lat' dir='ltr'><strong>hac</strong></span> <span class='ocrx_word' id='word_1_75' title='bbox 1552 1430 1865 1493; x_wconf 88' lang='lat' dir='ltr'><strong>tractanda</strong></span> <span class='ocrx_word' id='word_1_76' title='bbox 1894 1453 2106 1496; x_wconf 85' lang='lat' dir='ltr'><strong>verum</strong></span> <span class='ocrx_word' id='word_1_77' title='bbox 2140 1454 2208 1497; x_wconf 87' lang='lat' dir='ltr'><strong>se</strong></span> 
     </span>
     <span class='ocr_line' id='line_1_11' title="bbox 161 1529 2209 1613; baseline 0.003 -22"><span class='ocrx_word' id='word_1_78' title='bbox 161 1529 543 1613; x_wconf 80' lang='lat' dir='ltr'><strong>praestiterit</strong></span> <span class='ocrx_word' id='word_1_79' title='bbox 599 1529 940 1594; x_wconf 83' lang='lat' dir='ltr'><strong>satiricum:</strong></span> <span class='ocrx_word' id='word_1_80' title='bbox 1004 1551 1140 1593; x_wconf 90' lang='lat' dir='ltr'><strong>uam</strong></span> <span class='ocrx_word' id='word_1_81' title='bbox 1199 1530 1264 1593; x_wconf 93' lang='lat' dir='ltr'><strong>in</strong></span> <span class='ocrx_word' id='word_1_82' title='bbox 1324 1529 1418 1594; x_wconf 87' lang='lat' dir='ltr'><strong>bis</strong></span> <span class='ocrx_word' id='word_1_83' title='bbox 1477 1530 1826 1609; x_wconf 85' lang='lat' dir='ltr'><strong>habitabat,</strong></span> <span class='ocrx_word' id='word_1_84' title='bbox 1899 1532 2011 1597; x_wconf 86' lang='lat' dir='ltr'><strong>bas</strong></span> <span class='ocrx_word' id='word_1_85' title='bbox 2052 1535 2209 1600; x_wconf 90' lang='lat' dir='ltr'><strong>bene</strong></span> 
     </span>
     <span class='ocr_line' id='line_1_12' title="bbox 160 1632 2209 1720; baseline 0.003 -25"><span class='ocrx_word' id='word_1_86' title='bbox 160 1632 441 1714; x_wconf 81' lang='lat' dir='ltr'><strong>cognitas</strong></span> <span class='ocrx_word' id='word_1_87' title='bbox 485 1632 763 1712; x_wconf 89' lang='lat' dir='ltr'><strong>amabat,</strong></span> <span class='ocrx_word' id='word_1_88' title='bbox 804 1654 999 1716; x_wconf 89' lang='lat' dir='ltr'><strong>neque</strong></span> <span class='ocrx_word' id='word_1_89' title='bbox 1032 1654 1278 1717; x_wconf 85' lang='lat' dir='ltr'><strong>pravam</strong></span> <span class='ocrx_word' id='word_1_90' title='bbox 1310 1633 1475 1697; x_wconf 91' lang='lat' dir='ltr'><strong>illam</strong></span> <span class='ocrx_word' id='word_1_91' title='bbox 1509 1646 1685 1718; x_wconf 87' lang='lat' dir='ltr'><strong>atque</strong></span> <span class='ocrx_word' id='word_1_92' title='bbox 1718 1644 1952 1720; x_wconf 87' lang='lat' dir='ltr'><strong>turpem</strong></span> <span class='ocrx_word' id='word_1_93' title='bbox 1999 1659 2209 1702; x_wconf 89' lang='lat' dir='ltr'><strong>corru-</strong></span> 
     </span>
     <span class='ocr_line' id='line_1_13' title="bbox 164 1730 2205 1824; baseline 0.004 -29"><span class='ocrx_word' id='word_1_94' title='bbox 164 1735 436 1818; x_wconf 84' lang='lat' dir='ltr'><strong>ptionem</strong></span> <span class='ocrx_word' id='word_1_95' title='bbox 462 1756 581 1797; x_wconf 90' lang='lat' dir='ltr'><strong>non</strong></span> <span class='ocrx_word' id='word_1_96' title='bbox 601 1735 1362 1818; x_wconf 87' lang='lat' dir='ltr'><strong>poteratauimadvertere.</strong></span> <span class='ocrx_word' id='word_1_97' title='bbox 1411 1730 1605 1815; x_wconf 85' lang='lat' dir='ltr'><strong>Vera,</strong></span> <span class='ocrx_word' id='word_1_98' title='bbox 1631 1758 1804 1819; x_wconf 89' lang='lat' dir='ltr'><strong>quam</strong></span> <span class='ocrx_word' id='word_1_99' title='bbox 1823 1739 2044 1824; x_wconf 87' lang='lat' dir='ltr'><strong>agebat</strong></span> <span class='ocrx_word' id='word_1_100' title='bbox 2058 1740 2205 1818; x_wconf 89' lang='lat' dir='ltr'><strong>vita,</strong></span> 
     </span>
     <span class='ocr_line' id='line_1_14' title="bbox 163 1837 2206 1923; baseline 0.002 -24"><span class='ocrx_word' id='word_1_101' title='bbox 163 1857 287 1899; x_wconf 88' lang='lat' dir='ltr'><strong>non</strong></span> <span class='ocrx_word' id='word_1_102' title='bbox 314 1837 682 1902; x_wconf 81' lang='lat' dir='ltr'><strong>versabatur</strong></span> <span class='ocrx_word' id='word_1_103' title='bbox 710 1838 770 1900; x_wconf 89' lang='lat' dir='ltr'><strong>in</strong></span> <span class='ocrx_word' id='word_1_104' title='bbox 802 1838 1259 1923; x_wconf 87' lang='lat' dir='ltr'><strong>republica,sed</strong></span> <span class='ocrx_word' id='word_1_105' title='bbox 1293 1838 1356 1901; x_wconf 92' lang='lat' dir='ltr'><strong>in</strong></span> <span class='ocrx_word' id='word_1_106' title='bbox 1388 1837 1556 1904; x_wconf 86' lang='lat' dir='ltr'><strong>bisce</strong></span> <span class='ocrx_word' id='word_1_107' title='bbox 1587 1839 1923 1904; x_wconf 87' lang='lat' dir='ltr'><strong>litterarum</strong></span> <span class='ocrx_word' id='word_1_108' title='bbox 1957 1842 2206 1923; x_wconf 83' lang='lat' dir='ltr'><strong>studiis3</strong></span> 
     </span>
     <span class='ocr_line' id='line_1_15' title="bbox 159 1938 2208 2030; baseline 0.002 -27"><span class='ocrx_word' id='word_1_109' title='bbox 159 1938 361 2023; x_wconf 82' lang='lat' dir='ltr'><strong>itaque</strong></span> <span class='ocrx_word' id='word_1_110' title='bbox 405 1939 507 2003; x_wconf 86' lang='lat' dir='ltr'><strong>bic</strong></span> <span class='ocrx_word' id='word_1_111' title='bbox 552 1960 698 2004; x_wconf 82' lang='lat' dir='ltr'><strong>vere</strong></span> <span class='ocrx_word' id='word_1_112' title='bbox 743 1949 920 2022; x_wconf 88' lang='lat' dir='ltr'><strong>atque</strong></span> <span class='ocrx_word' id='word_1_113' title='bbox 951 1939 1162 2003; x_wconf 90' lang='lat' dir='ltr'><strong>intimo</strong></span> <span class='ocrx_word' id='word_1_114' title='bbox 1208 1941 1411 2004; x_wconf 89' lang='lat' dir='ltr'><strong>animo</strong></span> <span class='ocrx_word' id='word_1_115' title='bbox 1456 1942 1650 2006; x_wconf 85' lang='lat' dir='ltr'><strong>sensit</strong></span> <span class='ocrx_word' id='word_1_116' title='bbox 1691 1962 2020 2025; x_wconf 88' lang='lat' dir='ltr'><strong>verumque</strong></span> <span class='ocrx_word' id='word_1_117' title='bbox 2069 1964 2208 2030; x_wconf 89' lang='lat' dir='ltr'><strong>per·</strong></span> 
     </span>
     <span class='ocr_line' id='line_1_16' title="bbox 161 2039 2207 2128; baseline 0.002 -23"><span class='ocrx_word' id='word_1_118' title='bbox 161 2042 325 2125; x_wconf 81' lang='lat' dir='ltr'><strong>cepit</strong></span> <span class='ocrx_word' id='word_1_119' title='bbox 354 2039 627 2106; x_wconf 90' lang='lat' dir='ltr'><strong>dolorem</strong></span> <span class='ocrx_word' id='word_1_120' title='bbox 649 2089 667 2120; x_wconf 93' lang='lat'><strong>,</strong></span> <span class='ocrx_word' id='word_1_121' title='bbox 717 2063 851 2107; x_wconf 87' lang='lat' dir='ltr'><strong>cum</strong></span> <span class='ocrx_word' id='word_1_122' title='bbox 885 2061 957 2105; x_wconf 87' lang='lat' dir='ltr'><strong>ea</strong></span> <span class='ocrx_word' id='word_1_123' title='bbox 987 2043 1301 2126; x_wconf 77' lang='lat' dir='ltr'><strong>profanata</strong></span> <span class='ocrx_word' id='word_1_124' title='bbox 1331 2043 1607 2121; x_wconf 85' lang='lat' dir='ltr'><strong>videret,</strong></span> <span class='ocrx_word' id='word_1_125' title='bbox 1651 2064 1801 2128; x_wconf 88' lang='lat' dir='ltr'><strong>quae</strong></span> <span class='ocrx_word' id='word_1_126' title='bbox 1835 2045 1961 2128; x_wconf 85' lang='lat' dir='ltr'><strong>ipse</strong></span> <span class='ocrx_word' id='word_1_127' title='bbox 1992 2056 2207 2111; x_wconf 86' lang='lat' dir='ltr'><strong>sancte</strong></span> 
     </span>
     <span class='ocr_line' id='line_1_17' title="bbox 161 2142 2207 2231; baseline 0.002 -24"><span class='ocrx_word' id='word_1_128' title='bbox 161 2144 427 2208; x_wconf 80' lang='lat' dir='ltr'><strong>colebat.</strong></span> <span class='ocrx_word' id='word_1_129' title='bbox 487 2142 625 2208; x_wconf 83' lang='lat' dir='ltr'><strong>Hoc</strong></span> <span class='ocrx_word' id='word_1_130' title='bbox 670 2165 792 2208; x_wconf 89' lang='lat' dir='ltr'><strong>non</strong></span> <span class='ocrx_word' id='word_1_131' title='bbox 840 2155 961 2208; x_wconf 87' lang='lat' dir='ltr'><strong>tam</strong></span> <span class='ocrx_word' id='word_1_132' title='bbox 1007 2144 1288 2208; x_wconf 86' lang='lat' dir='ltr'><strong>iuvenilis</strong></span> <span class='ocrx_word' id='word_1_133' title='bbox 1316 2143 1519 2210; x_wconf 87' lang='lat' dir='ltr'><strong>Persii</strong></span> <span class='ocrx_word' id='word_1_134' title='bbox 1549 2158 1719 2211; x_wconf 88' lang='lat' dir='ltr'><strong>aetas</strong></span> <span class='ocrx_word' id='word_1_135' title='bbox 1753 2147 1986 2222; x_wconf 82' lang='lat' dir='ltr'><strong>effecit,</strong></span> <span class='ocrx_word' id='word_1_136' title='bbox 2035 2170 2207 2231; x_wconf 84' lang='lat' dir='ltr'><strong>quam</strong></span> 
     </span>
     <span class='ocr_line' id='line_1_18' title="bbox 158 2246 2207 2334; baseline 0.003 -24"><span class='ocrx_word' id='word_1_137' title='bbox 158 2257 493 2331; x_wconf 77' lang='lat' dir='ltr'><strong>temporum</strong></span> <span class='ocrx_word' id='word_1_138' title='bbox 515 2293 535 2324; x_wconf 88' lang='lat'><strong>,</strong></span> <span class='ocrx_word' id='word_1_139' title='bbox 580 2246 790 2330; x_wconf 86' lang='lat' dir='ltr'><strong>quibus</strong></span> <span class='ocrx_word' id='word_1_140' title='bbox 820 2246 1103 2324; x_wconf 85' lang='lat' dir='ltr'><strong>vivebat,</strong></span> <span class='ocrx_word' id='word_1_141' title='bbox 1145 2247 1329 2311; x_wconf 82' lang='lat' dir='ltr'><strong>ratio.</strong></span> <span class='ocrx_word' id='word_1_142' title='bbox 1376 2246 1540 2311; x_wconf 82' lang='lat' dir='ltr'><strong>Nam</strong></span> <span class='ocrx_word' id='word_1_143' title='bbox 1573 2246 1671 2311; x_wconf 88' lang='lat' dir='ltr'><strong>ubi</strong></span> <span class='ocrx_word' id='word_1_144' title='bbox 1703 2270 1740 2312; x_wconf 98' lang='lat' dir='ltr'><strong>a</strong></span> <span class='ocrx_word' id='word_1_145' title='bbox 1772 2249 2075 2334; x_wconf 83' lang='lat' dir='ltr'><strong>republica</strong></span> <span class='ocrx_word' id='word_1_146' title='bbox 2106 2272 2207 2316; x_wconf 91' lang='lat' dir='ltr'><strong>re-</strong></span> 
     </span>
     <span class='ocr_line' id='line_1_19' title="bbox 158 2347 2201 2438; baseline 0.001 -26"><span class='ocrx_word' id='word_1_147' title='bbox 158 2359 444 2414; x_wconf 76' lang='lat' dir='ltr'><strong>movetur</strong></span> <span class='ocrx_word' id='word_1_148' title='bbox 471 2349 747 2434; x_wconf 90' lang='lat' dir='ltr'><strong>populus,</strong></span> <span class='ocrx_word' id='word_1_149' title='bbox 792 2368 989 2432; x_wconf 89' lang='lat' dir='ltr'><strong>neque</strong></span> <span class='ocrx_word' id='word_1_150' title='bbox 1022 2347 1151 2414; x_wconf 86' lang='lat' dir='ltr'><strong>eius</strong></span> <span class='ocrx_word' id='word_1_151' title='bbox 1183 2372 1328 2415; x_wconf 90' lang='lat' dir='ltr'><strong>cura</strong></span> <span class='ocrx_word' id='word_1_152' title='bbox 1361 2350 1630 2415; x_wconf 89' lang='lat' dir='ltr'><strong>virorum</strong></span> <span class='ocrx_word' id='word_1_153' title='bbox 1662 2350 1895 2415; x_wconf 86' lang='lat' dir='ltr'><strong>animos</strong></span> <span class='ocrx_word' id='word_1_154' title='bbox 1925 2362 2201 2438; x_wconf 87' lang='lat' dir='ltr'><strong>occupat,</strong></span> 
     </span>
     <span class='ocr_line' id='line_1_20' title="bbox 157 2430 2208 2538; baseline 0.003 -25"><span class='ocrx_word' id='word_1_155' title='bbox 157 2450 229 2514; x_wconf 77' lang='lat' dir='ltr'><strong>ad</strong></span> <span class='ocrx_word' id='word_1_156' title='bbox 260 2430 507 2518; x_wconf 57' lang='lat' dir='ltr'><strong>litteras</strong></span> <span class='ocrx_word' id='word_1_157' title='bbox 541 2453 826 2517; x_wconf 83' lang='lat' dir='ltr'><strong>colendas</strong></span> <span class='ocrx_word' id='word_1_158' title='bbox 855 2451 1050 2516; x_wconf 91' lang='lat' dir='ltr'><strong>studia</strong></span> <span class='ocrx_word' id='word_1_159' title='bbox 1084 2474 1152 2518; x_wconf 91' lang='lat' dir='ltr'><strong>se</strong></span> <span class='ocrx_word' id='word_1_160' title='bbox 1186 2464 1592 2531; x_wconf 87' lang='lat' dir='ltr'><strong>convertunt,</strong></span> <span class='ocrx_word' id='word_1_161' title='bbox 1642 2464 1706 2518; x_wconf 89' lang='lat' dir='ltr'><strong>et</strong></span> <span class='ocrx_word' id='word_1_162' title='bbox 1744 2455 1899 2537; x_wconf 89' lang='lat' dir='ltr'><strong>quod</strong></span> <span class='ocrx_word' id='word_1_163' title='bbox 1945 2455 2208 2538; x_wconf 84' lang='lat' dir='ltr'><strong>antiquis</strong></span> 
     </span>
     <span class='ocr_line' id='line_1_21' title="bbox 157 2553 2205 2640; baseline 0.001 -23"><span class='ocrx_word' id='word_1_164' title='bbox 157 2553 525 2638; x_wconf 85' lang='lat' dir='ltr'><strong>reipublicae</strong></span> <span class='ocrx_word' id='word_1_165' title='bbox 569 2554 939 2639; x_wconf 88' lang='lat' dir='ltr'><strong>temporibus</strong></span> <span class='ocrx_word' id='word_1_166' title='bbox 989 2554 1185 2619; x_wconf 87' lang='lat' dir='ltr'><strong>levius</strong></span> <span class='ocrx_word' id='word_1_167' title='bbox 1247 2574 1359 2619; x_wconf 89' lang='lat' dir='ltr'><strong>nec</strong></span> <span class='ocrx_word' id='word_1_168' title='bbox 1419 2555 1567 2619; x_wconf 86' lang='lat' dir='ltr'><strong>satis</strong></span> <span class='ocrx_word' id='word_1_169' title='bbox 1627 2555 1868 2640; x_wconf 85' lang='lat' dir='ltr'><strong>dignum</strong></span> <span class='ocrx_word' id='word_1_170' title='bbox 1929 2554 2205 2620; x_wconf 82' lang='lat' dir='ltr'><strong>Romana</strong></span> 
     </span>
     <span class='ocr_line' id='line_1_22' title="bbox 155 2655 2208 2743; baseline 0.001 -23"><span class='ocrx_word' id='word_1_171' title='bbox 155 2657 463 2738; x_wconf 80' lang='lat' dir='ltr'><strong>gravitate</strong></span> <span class='ocrx_word' id='word_1_172' title='bbox 495 2657 820 2722; x_wconf 87' lang='lat' dir='ltr'><strong>videbatur</strong></span> <span class='ocrx_word' id='word_1_173' title='bbox 840 2703 859 2735; x_wconf 93' lang='lat'><strong>,</strong></span> <span class='ocrx_word' id='word_1_174' title='bbox 892 2655 1164 2721; x_wconf 86' lang='lat' dir='ltr'><strong>scribere</strong></span> <span class='ocrx_word' id='word_1_175' title='bbox 1198 2667 1262 2720; x_wconf 90' lang='lat' dir='ltr'><strong>et</strong></span> <span class='ocrx_word' id='word_1_176' title='bbox 1289 2676 1505 2721; x_wconf 89' lang='lat' dir='ltr'><strong>versus</strong></span> <span class='ocrx_word' id='word_1_177' title='bbox 1536 2677 1805 2743; x_wconf 86' lang='lat' dir='ltr'><strong>pangere</strong></span> <span class='ocrx_word' id='word_1_178' title='bbox 1829 2706 1845 2738; x_wconf 93' lang='lat'><strong>,</strong></span> <span class='ocrx_word' id='word_1_179' title='bbox 1883 2660 1940 2722; x_wconf 89' lang='lat' dir='ltr'><strong>id</strong></span> <span class='ocrx_word' id='word_1_180' title='bbox 1974 2658 2208 2723; x_wconf 89' lang='lat' dir='ltr'><strong>sublata</strong></span> 
     </span>
     <span class='ocr_line' id='line_1_23' title="bbox 158 2755 2208 2845; baseline 0.001 -24"><span class='ocrx_word' id='word_1_181' title='bbox 158 2758 444 2823; x_wconf 82' lang='lat' dir='ltr'><strong>libertate</strong></span> <span class='ocrx_word' id='word_1_182' title='bbox 491 2759 723 2824; x_wconf 80' lang='lat' dir='ltr'><strong>maiore</strong></span> <span class='ocrx_word' id='word_1_183' title='bbox 766 2777 1004 2842; x_wconf 87' lang='lat' dir='ltr'><strong>semper</strong></span> <span class='ocrx_word' id='word_1_184' title='bbox 1046 2758 1549 2845; x_wconf 68' lang='lat' dir='ltr'><strong>curaagebatur.</strong></span> <span class='ocrx_word' id='word_1_185' title='bbox 1606 2755 1699 2824; x_wconf 88' lang='lat' dir='ltr'><strong>lta</strong></span> <span class='ocrx_word' id='word_1_186' title='bbox 1732 2759 1845 2824; x_wconf 89' lang='lat' dir='ltr'><strong>boc</strong></span> <span class='ocrx_word' id='word_1_187' title='bbox 1874 2759 2208 2824; x_wconf 89' lang='lat' dir='ltr'><strong>liberalium</strong></span> 
     </span>
     <span class='ocr_line' id='line_1_24' title="bbox 156 2858 2207 2927; baseline 0 -3"><span class='ocrx_word' id='word_1_188' title='bbox 156 2861 373 2924; x_wconf 81' lang='lat' dir='ltr'><strong>artium</strong></span> <span class='ocrx_word' id='word_1_189' title='bbox 407 2858 669 2924; x_wconf 89' lang='lat' dir='ltr'><strong>studium</strong></span> <span class='ocrx_word' id='word_1_190' title='bbox 702 2859 989 2924; x_wconf 79' lang='lat' dir='ltr'><strong>celeriter</strong></span> <span class='ocrx_word' id='word_1_191' title='bbox 1017 2859 1091 2922; x_wconf 89' lang='lat' dir='ltr'><strong>ad</strong></span> <span class='ocrx_word' id='word_1_192' title='bbox 1139 2860 1384 2923; x_wconf 84' lang='lat' dir='ltr'><strong>inanem</strong></span> <span class='ocrx_word' id='word_1_193' title='bbox 1428 2861 1815 2925; x_wconf 83' lang='lat' dir='ltr'><strong>iactationem</strong></span> <span class='ocrx_word' id='word_1_194' title='bbox 1848 2874 1909 2925; x_wconf 89' lang='lat' dir='ltr'><strong>et</strong></span> <span class='ocrx_word' id='word_1_195' title='bbox 1940 2872 2207 2927; x_wconf 87' lang='lat' dir='ltr'><strong>ostenta-</strong></span> 
     </span>
     <span class='ocr_line' id='line_1_25' title="bbox 157 2961 2208 3048; baseline 0.001 -24"><span class='ocrx_word' id='word_1_196' title='bbox 157 2963 383 3026; x_wconf 82' lang='lat' dir='ltr'><strong>tionem</strong></span> <span class='ocrx_word' id='word_1_197' title='bbox 419 2963 707 3046; x_wconf 87' lang='lat' dir='ltr'><strong>puerilem</strong></span> <span class='ocrx_word' id='word_1_198' title='bbox 740 2961 1125 3038; x_wconf 86' lang='lat' dir='ltr'><strong>vertebatur,</strong></span> <span class='ocrx_word' id='word_1_199' title='bbox 1174 2981 1287 3042; x_wconf 90' lang='lat' dir='ltr'><strong>qua</strong></span> <span class='ocrx_word' id='word_1_200' title='bbox 1318 2962 1451 3025; x_wconf 86' lang='lat' dir='ltr'><strong>sine</strong></span> <span class='ocrx_word' id='word_1_201' title='bbox 1483 2963 1728 3046; x_wconf 88' lang='lat' dir='ltr'><strong>ingenio</strong></span> <span class='ocrx_word' id='word_1_202' title='bbox 1774 2984 1923 3028; x_wconf 89' lang='lat' dir='ltr'><strong>vere</strong></span> <span class='ocrx_word' id='word_1_203' title='bbox 1971 2965 2208 3048; x_wconf 87' lang='lat' dir='ltr'><strong>poetico</strong></span> 
     </span>
     <span class='ocr_line' id='line_1_26' title="bbox 159 3059 2204 3149; baseline 0.002 -23"><span class='ocrx_word' id='word_1_204' title='bbox 159 3065 286 3129; x_wconf 81' lang='lat' dir='ltr'><strong>sola</strong></span> <span class='ocrx_word' id='word_1_205' title='bbox 317 3085 608 3129; x_wconf 85' lang='lat' dir='ltr'><strong>versuum</strong></span> <span class='ocrx_word' id='word_1_206' title='bbox 642 3063 1097 3148; x_wconf 86' lang='lat' dir='ltr'><strong>pangendorum</strong></span> <span class='ocrx_word' id='word_1_207' title='bbox 1128 3063 1366 3126; x_wconf 80' lang='lat' dir='ltr'><strong>artificii</strong></span> <span class='ocrx_word' id='word_1_208' title='bbox 1411 3064 1602 3147; x_wconf 86' lang='lat' dir='ltr'><strong>gloria</strong></span> <span class='ocrx_word' id='word_1_209' title='bbox 1643 3059 1986 3147; x_wconf 83' lang='lat' dir='ltr'><strong>gaudebant</strong></span> <span class='ocrx_word' id='word_1_210' title='bbox 2025 3076 2204 3149; x_wconf 87' lang='lat' dir='ltr'><strong>atque</strong></span> 
     </span>
     <span class='ocr_line' id='line_1_27' title="bbox 156 3164 2207 3252; baseline 0.001 -23"><span class='ocrx_word' id='word_1_211' title='bbox 156 3167 593 3252; x_wconf 84' lang='lat' dir='ltr'><strong>imperitissimi</strong></span> <span class='ocrx_word' id='word_1_212' title='bbox 634 3166 920 3248; x_wconf 88' lang='lat' dir='ltr'><strong>cuiusque</strong></span> <span class='ocrx_word' id='word_1_213' title='bbox 966 3164 1203 3228; x_wconf 90' lang='lat' dir='ltr'><strong>laudem</strong></span> <span class='ocrx_word' id='word_1_214' title='bbox 1261 3165 1512 3249; x_wconf 85' lang='lat' dir='ltr'><strong>indigue</strong></span> <span class='ocrx_word' id='word_1_215' title='bbox 1573 3168 1919 3252; x_wconf 79' lang='lat' dir='ltr'><strong>captabant.</strong></span> <span class='ocrx_word' id='word_1_216' title='bbox 1999 3166 2207 3250; x_wconf 80' lang='lat' dir='ltr'><strong>Quare</strong></span> 
     </span>
     <span class='ocr_line' id='line_1_28' title="bbox 157 3264 2210 3354; baseline 0 -22"><span class='ocrx_word' id='word_1_217' title='bbox 157 3271 344 3332; x_wconf 77' lang='lat' dir='ltr'><strong>satira</strong></span> <span class='ocrx_word' id='word_1_218' title='bbox 391 3289 629 3353; x_wconf 88' lang='lat' dir='ltr'><strong>quoque</strong></span> <span class='ocrx_word' id='word_1_219' title='bbox 671 3289 709 3331; x_wconf 84' lang='lat' dir='ltr'><strong>a</strong></span> <span class='ocrx_word' id='word_1_220' title='bbox 753 3268 938 3333; x_wconf 87' lang='lat' dir='ltr'><strong>rebus</strong></span> <span class='ocrx_word' id='word_1_221' title='bbox 980 3264 1231 3350; x_wconf 87' lang='lat' dir='ltr'><strong>publicis</strong></span> <span class='ocrx_word' id='word_1_222' title='bbox 1272 3266 1346 3330; x_wconf 88' lang='lat' dir='ltr'><strong>ad</strong></span> <span class='ocrx_word' id='word_1_223' title='bbox 1389 3268 1626 3334; x_wconf 86' lang='lat' dir='ltr'><strong>litteras</strong></span> <span class='ocrx_word' id='word_1_224' title='bbox 1658 3271 2027 3354; x_wconf 89' lang='lat' dir='ltr'><strong>potissimum</strong></span> <span class='ocrx_word' id='word_1_225' title='bbox 2061 3290 2210 3335; x_wconf 88' lang='lat' dir='ltr'><strong>con-</strong></span> 
     </span>
     <span class='ocr_line' id='line_1_29' title="bbox 158 3366 2208 3456; baseline 0 -22"><span class='ocrx_word' id='word_1_226' title='bbox 158 3372 541 3436; x_wconf 80' lang='lat' dir='ltr'><strong>vertebatur.</strong></span> <span class='ocrx_word' id='word_1_227' title='bbox 638 3368 708 3434; x_wconf 87' lang='lat' dir='ltr'><strong>Id</strong></span> <span class='ocrx_word' id='word_1_228' title='bbox 754 3371 912 3454; x_wconf 88' lang='lat' dir='ltr'><strong>quod</strong></span> <span class='ocrx_word' id='word_1_229' title='bbox 953 3370 1015 3433; x_wconf 92' lang='lat' dir='ltr'><strong>in</strong></span> <span class='ocrx_word' id='word_1_230' title='bbox 1063 3366 1319 3432; x_wconf 83' lang='lat' dir='ltr'><strong>Horatio</strong></span> <span class='ocrx_word' id='word_1_231' title='bbox 1370 3369 1486 3433; x_wconf 86' lang='lat' dir='ltr'><strong>iam</strong></span> <span class='ocrx_word' id='word_1_232' title='bbox 1530 3382 1733 3456; x_wconf 88' lang='lat' dir='ltr'><strong>potest</strong></span> <span class='ocrx_word' id='word_1_233' title='bbox 1777 3372 2208 3447; x_wconf 84' lang='lat' dir='ltr'><strong>animadverti,</strong></span> 
     </span>
     <span class='ocr_line' id='line_1_30' title="bbox 163 3472 2210 3558; baseline -0.001 -22"><span class='ocrx_word' id='word_1_234' title='bbox 163 3472 259 3556; x_wconf 87' lang='lat' dir='ltr'><strong>qui</strong></span> <span class='ocrx_word' id='word_1_235' title='bbox 291 3493 650 3557; x_wconf 84' lang='lat' dir='ltr'><strong>quamquam</strong></span> <span class='ocrx_word' id='word_1_236' title='bbox 679 3473 741 3536; x_wconf 91' lang='lat' dir='ltr'><strong>in</strong></span> <span class='ocrx_word' id='word_1_237' title='bbox 774 3473 1125 3539; x_wconf 89' lang='lat' dir='ltr'><strong>universum</strong></span> <span class='ocrx_word' id='word_1_238' title='bbox 1157 3494 1312 3537; x_wconf 88' lang='lat' dir='ltr'><strong>aevo</strong></span> <span class='ocrx_word' id='word_1_239' title='bbox 1345 3493 1456 3538; x_wconf 91' lang='lat' dir='ltr'><strong>suo</strong></span> <span class='ocrx_word' id='word_1_240' title='bbox 1489 3495 1613 3536; x_wconf 92' lang='lat' dir='ltr'><strong>non</strong></span> <span class='ocrx_word' id='word_1_241' title='bbox 1648 3475 1873 3557; x_wconf 88' lang='lat' dir='ltr'><strong>parcit,</strong></span> <span class='ocrx_word' id='word_1_242' title='bbox 1924 3494 2210 3558; x_wconf 83' lang='lat' dir='ltr'><strong>nusquam</strong></span> 
     </span>
     <span class='ocr_line' id='line_1_31' title="bbox 164 3575 2207 3662; baseline 0.002 -24"><span class='ocrx_word' id='word_1_243' title='bbox 164 3587 364 3640; x_wconf 87' lang='lat' dir='ltr'><strong>tamen</strong></span> <span class='ocrx_word' id='word_1_244' title='bbox 411 3575 664 3658; x_wconf 86' lang='lat' dir='ltr'><strong>gravius</strong></span> <span class='ocrx_word' id='word_1_245' title='bbox 711 3588 1162 3654; x_wconf 89' lang='lat' dir='ltr'><strong>commovetur,</strong></span> <span class='ocrx_word' id='word_1_246' title='bbox 1228 3588 1289 3640; x_wconf 92' lang='lat' dir='ltr'><strong>et</strong></span> <span class='ocrx_word' id='word_1_247' title='bbox 1344 3576 1547 3640; x_wconf 88' lang='lat' dir='ltr'><strong>acrius</strong></span> <span class='ocrx_word' id='word_1_248' title='bbox 1608 3575 1931 3662; x_wconf 88' lang='lat' dir='ltr'><strong>veriusque</strong></span> <span class='ocrx_word' id='word_1_249' title='bbox 1984 3578 2207 3642; x_wconf 82' lang='lat' dir='ltr'><strong>satirae</strong></span> 
     </span>
     <span class='ocr_line' id='line_1_32' title="bbox 162 3676 2210 3762; baseline 0.002 -22"><span class='ocrx_word' id='word_1_250' title='bbox 162 3698 306 3743; x_wconf 83' lang='lat' dir='ltr'><strong>suae</strong></span> <span class='ocrx_word' id='word_1_251' title='bbox 348 3677 630 3741; x_wconf 83' lang='lat' dir='ltr'><strong>aculeum</strong></span> <span class='ocrx_word' id='word_1_252' title='bbox 670 3677 964 3757; x_wconf 89' lang='lat' dir='ltr'><strong>intendit,</strong></span> <span class='ocrx_word' id='word_1_253' title='bbox 1009 3701 1183 3762; x_wconf 86' lang='lat' dir='ltr'><strong>quam</strong></span> <span class='ocrx_word' id='word_1_254' title='bbox 1232 3680 1330 3744; x_wconf 89' lang='lat' dir='ltr'><strong>ubi</strong></span> <span class='ocrx_word' id='word_1_255' title='bbox 1378 3680 1452 3743; x_wconf 91' lang='lat' dir='ltr'><strong>de</strong></span> <span class='ocrx_word' id='word_1_256' title='bbox 1493 3676 1830 3742; x_wconf 87' lang='lat' dir='ltr'><strong>litterarum</strong></span> <span class='ocrx_word' id='word_1_257' title='bbox 1863 3679 2210 3744; x_wconf 88' lang='lat' dir='ltr'><strong>conditione</strong></span> 
     </span>
     <span class='ocr_line' id='line_1_33' title="bbox 165 3781 2209 3867; baseline 0 -22"><span class='ocrx_word' id='word_1_258' title='bbox 165 3783 325 3867; x_wconf 78' lang='lat' dir='ltr'><strong>agit,</strong></span> <span class='ocrx_word' id='word_1_259' title='bbox 385 3799 586 3866; x_wconf 88' lang='lat' dir='ltr'><strong>neque</strong></span> <span class='ocrx_word' id='word_1_260' title='bbox 633 3800 981 3864; x_wconf 87' lang='lat' dir='ltr'><strong>quemquam</strong></span> <span class='ocrx_word' id='word_1_261' title='bbox 1028 3793 1229 3865; x_wconf 88' lang='lat' dir='ltr'><strong>potest</strong></span> <span class='ocrx_word' id='word_1_262' title='bbox 1273 3784 1525 3865; x_wconf 84' lang='lat' dir='ltr'><strong>sugere,</strong></span> <span class='ocrx_word' id='word_1_263' title='bbox 1583 3800 1650 3843; x_wconf 89' lang='lat' dir='ltr'><strong>ea</strong></span> <span class='ocrx_word' id='word_1_264' title='bbox 1697 3781 1760 3844; x_wconf 93' lang='lat' dir='ltr'><strong>in</strong></span> <span class='ocrx_word' id='word_1_265' title='bbox 1807 3802 1875 3846; x_wconf 94' lang='lat' dir='ltr'><strong>re</strong></span> <span class='ocrx_word' id='word_1_266' title='bbox 1920 3801 2209 3845; x_wconf 88' lang='lat' dir='ltr'><strong>summam</strong></span> 
     </span>
     <span class='ocr_line' id='line_1_34' title="bbox 164 3880 2206 3967; baseline -0 -21"><span class='ocrx_word' id='word_1_267' title='bbox 164 3882 403 3947; x_wconf 81' lang='lat' dir='ltr'><strong>Horatii</strong></span> <span class='ocrx_word' id='word_1_268' title='bbox 434 3884 552 3946; x_wconf 87' lang='lat' dir='ltr'><strong>vim</strong></span> <span class='ocrx_word' id='word_1_269' title='bbox 585 3893 766 3964; x_wconf 87' lang='lat' dir='ltr'><strong>atque</strong></span> <span class='ocrx_word' id='word_1_270' title='bbox 799 3883 1218 3947; x_wconf 88' lang='lat' dir='ltr'><strong>auctoritatem</strong></span> <span class='ocrx_word' id='word_1_271' title='bbox 1255 3906 1393 3949; x_wconf 87' lang='lat' dir='ltr'><strong>esse</strong></span> <span class='ocrx_word' id='word_1_272' title='bbox 1440 3883 1718 3967; x_wconf 87' lang='lat' dir='ltr'><strong>positam.</strong></span> <span class='ocrx_word' id='word_1_273' title='bbox 1781 3880 1982 3966; x_wconf 85' lang='lat' dir='ltr'><strong>Magis</strong></span> <span class='ocrx_word' id='word_1_274' title='bbox 2028 3885 2206 3947; x_wconf 85' lang='lat' dir='ltr'><strong>etiam</strong></span> 
     </span>
     <span class='ocr_line' id='line_1_35' title="bbox 163 3980 2206 4070; baseline 0 -23"><span class='ocrx_word' id='word_1_275' title='bbox 163 3982 273 4048; x_wconf 89' lang='lat' dir='ltr'><strong>boc</strong></span> <span class='ocrx_word' id='word_1_276' title='bbox 319 3984 490 4049; x_wconf 85' lang='lat' dir='ltr'><strong>valet</strong></span> <span class='ocrx_word' id='word_1_277' title='bbox 534 3985 609 4048; x_wconf 90' lang='lat' dir='ltr'><strong>de</strong></span> <span class='ocrx_word' id='word_1_278' title='bbox 640 3980 845 4046; x_wconf 87' lang='lat' dir='ltr'><strong>Persii</strong></span> <span class='ocrx_word' id='word_1_279' title='bbox 886 3985 1254 4070; x_wconf 80' lang='lat' dir='ltr'><strong>temporibus</strong></span> <span class='ocrx_word' id='word_1_280' title='bbox 1300 3996 1479 4067; x_wconf 87' lang='lat' dir='ltr'><strong>atque</strong></span> <span class='ocrx_word' id='word_1_281' title='bbox 1525 3986 1737 4049; x_wconf 88' lang='lat' dir='ltr'><strong>satira.</strong></span> <span class='ocrx_word' id='word_1_282' title='bbox 1809 3982 1971 4048; x_wconf 89' lang='lat' dir='ltr'><strong>Nam</strong></span> <span class='ocrx_word' id='word_1_283' title='bbox 2019 3986 2206 4070; x_wconf 82' lang='lat' dir='ltr'><strong>magis</strong></span> 
     </span>
     <span class='ocr_line' id='line_1_36' title="bbox 166 4083 2206 4165; baseline 0 -16"><span class='ocrx_word' id='word_1_284' title='bbox 166 4086 337 4151; x_wconf 82' lang='lat' dir='ltr'><strong>etiam</strong></span> <span class='ocrx_word' id='word_1_285' title='bbox 397 4084 653 4151; x_wconf 89' lang='lat' dir='ltr'><strong>incaluit</strong></span> <span class='ocrx_word' id='word_1_286' title='bbox 712 4083 856 4149; x_wconf 93' lang='lat' dir='ltr'><strong>illud</strong></span> <span class='ocrx_word' id='word_1_287' title='bbox 914 4087 1223 4153; x_wconf 86' lang='lat' dir='ltr'><strong>scribendi</strong></span> <span class='ocrx_word' id='word_1_288' title='bbox 1283 4089 1583 4165; x_wconf 86' lang='lat' dir='ltr'><strong>studium,</strong></span> <span class='ocrx_word' id='word_1_289' title='bbox 1660 4086 1952 4152; x_wconf 85' lang='lat' dir='ltr'><strong>recitandi</strong></span> <span class='ocrx_word' id='word_1_290' title='bbox 2015 4089 2206 4165; x_wconf 77' lang='lat' dir='ltr'><strong>furor,</strong></span> 
     </span>
    </p>
   </div>
  </div>
 </body>
</html>
