2764 4738
875 405 1610 471 PROLEGOMENA.
2116 430 2264 474 eux·

200 579 470 645 Probum
493 626 512 659 ,
560 589 632 642 nt
660 597 843 663 snpra
870 576 989 641 iam
1021 578 1226 642 monui
1246 625 1264 658 ,
1313 578 1536 643 referri
1566 577 1716 643 nihil
1744 590 1917 645 vetat
1935 625 1955 657 ‚
2001 580 2174 645 cuius
2200 580 2264 646 in

199 684 452 748 scholiis
495 682 576 747 ad
622 677 943 764 Virgilium
986 679 1217 745 similes
1262 680 1550 765 reliquias
1590 691 1869 746 servatas
1913 703 2051 747 esse
2094 684 2262 749 vide-

200 807 334 850 mus
379 786 495 865 (ef.
548 784 626 848 ad
674 780 811 849 Ecl.
846 776 930 860 11,
965 779 1074 845 61.
1123 779 1241 862 vl,
1275 780 1380 847 31.
1430 779 1668 869 Georg.
1701 779 1755 862 1,
1788 780 1855 847 9.
1895 780 1995 849 11.
2030 782 2139 851 68.
2172 782 2256 865 11,

207 885 359 953 120.
394 885 548 952 38⁰.
585 883 735 951 385.
768 881 885 963 lv,
921 881 1015 967 1).

375 987 547 1053 Haec
592 989 724 1053 fere
768 997 946 1065 sunt,
994 1005 1146 1071 qnae
1192 987 1267 1052 de
1308 988 1571 1072 antiquis
1600 986 1801 1053 Persii
1830 987 2260 1075 interpretibus

200 1091 408 1155 afferri
440 1099 773 1177 potnerunt
808 1097 869 1169 ¹,
916 1098 981 1154 et
1010 1090 1084 1153 de
1116 1090 1325 1175 paucis
1352 1091 1470 1169 iis,
1519 1110 1670 1175 quae
1711 1091 1853 1155 inde
1896 1093 1972 1155 ad
2021 1088 2262 1157 Cornu-

199 1204 328 1257 tum
358 1203 800 1279 pervenerunt.
847 1189 995 1256 Non
1026 1194 1387 1271 defuerunt,
1436 1193 1534 1278 qui
1565 1202 1702 1279 post
1733 1194 1890 1257 hunc
1920 1193 2076 1259 idem
2110 1215 2259 1280 opus

200 1298 728 1381 aggrederentur,
777 1308 1026 1375 verum,
1076 1306 1364 1379 quantum
1412 1296 1716 1375 innotuit,
1764 1294 1912 1361 nihil
1943 1297 2087 1361 novi
2117 1297 2261 1360 affe·

198 1410 410 1463 rentes
437 1446 459 1477 ,
519 1399 679 1482 quod
724 1397 962 1484 quidem
1020 1396 1244 1461 bonum
1285 1396 1368 1463 sit
1401 1407 1464 1478 ²,
1522 1398 1870 1484 plerumque
1919 1395 2259 1463 Cornutum

199 1501 674 1579 exscribentes,
750 1520 924 1584 quem
996 1503 1296 1568 interdum
1357 1501 1540 1567 etiam
1601 1511 1910 1566 auctorem
1970 1503 2256 1568 afferunt.

199 1602 524 1667 Eiusmodi
554 1603 893 1688 exemplum
925 1606 1254 1669 secuudum
1287 1601 1365 1669 C.
1403 1602 1714 1668 Barthium
1735 1601 2257 1689 (Advv.Lvt‚2)

200 1707 447 1770 allatum
478 1716 576 1770 est
603 1708 679 1771 ad
712 1708 865 1791 prol.
898 1706 943 1772 8
971 1728 1027 1793 p.
1061 1705 1214 1772 247.
1258 1709 1339 1771 cf.
1379 1707 1587 1771 Advv.
1619 1703 1741 1784 xl,
1776 1705 1883 1770 27.
1950 1706 2152 1770 Etiam
2194 1709 2254 1772 iu

199 1807 334 1871 cod.
370 1805 778 1894 Erlangensz’
799 1810 1267 1876 commentarius
1310 1808 1461 1873 satis
1503 1818 1566 1873 et
1594 1807 1869 1894 prolixus
1901 1819 1962 1872 et
1992 1811 2250 1895 ineptus,

198 1910 299 1995 qui
339 1932 625 1996 magnam
669 1923 900 1998 partem
944 1897 1212 1978 ⁴Cornuti
1257 1911 1507 1975 scholiis
1557 1911 1804 1990 nititur,
1853 1932 2024 1994 quem
2074 1912 2253 1976 etiam

197 2013 431 2077 laudat.
489 2011 655 2078 Nam
688 2035 821 2079 cum
852 2016 929 2080 ad
959 2015 1115 2102 prol.
1151 2014 1283 2078 init.
1320 2013 1534 2078 eadem
1568 2013 1642 2077 de
1680 2011 2069 2096 Gorgonibus
2114 2033 2254 2077 nar-

194 2126 335 2195 ret,
396 2137 551 2200 qnae
594 2138 658 2203 p.
700 2115 825 2181 241
858 2139 952 2203 sq.
1007 2119 1328 2202 leguntur,
1403 2115 1608 2192 addit,
1687 2112 2111 2180 Cornutum
2169 2116 2253 2179 ita

196 2218 632 2303 allegorizare.
691 2219 873 2284 Aliud
906 2220 1243 2305 exemplum
1278 2218 1528 2304 praebet
1558 2217 1758 2283 codex
1785 2216 2256 2281 Laurentianus

192 2316 376 2406 (plut.
411 2318 763 2400 XXXVII,
795 2320 881 2388 20
912 2325 993 2388 ef.
1029 2319 1293 2388 Baudinss
1330 2332 1454 2389 cat.
1490 2317 1552 2384 11
1584 2343 1642 2407 p.
1675 2316 1833 2406 256)
1878 2319 2253 2386 membrana-

193 2442 368 2502 ceus,
402 2444 573 2488 saec.
606 2421 789 2507 Xlll,
826 2429 890 2491 in
921 2447 1038 2511 quo
1069 2427 1344 2511 prolixus
1376 2427 1437 2489 in
1469 2423 1746 2489 Persium
1780 2424 2249 2487 commentarius

195 2537 444 2605 exstat,
494 2528 593 2613 qui
639 2529 878 2613 saepius
924 2525 1189 2593 Cornuti
1236 2528 1606 2594 mentionem
1657 2526 1835 2603 facit,
1891 2525 1975 2589 ita
2025 2536 2090 2589 ut
2129 2527 2252 2610 ple-

193 2649 453 2711 rumque
502 2625 652 2711 quae
698 2652 772 2696 eo
817 2642 1066 2696 auctore
1106 2632 1282 2695 affert
1325 2651 1460 2695 cum
1504 2631 1580 2695 iis
1625 2628 2053 2705 consentiant,
2099 2648 2250 2710 quae

193 2751 421 2795 revera
482 2730 760 2814 legimus.
834 2731 988 2798 Inde
1050 2755 1185 2799 eum
1244 2733 1361 2797 iam
1423 2733 1713 2818 quaedam
1774 2730 2076 2816 proposita
2131 2730 2254 2793 sint

193 2833 285 2917 (p.
318 2830 453 2897 238
482 2833 685 2920 sqq.),
733 2857 885 2920 quae
915 2835 1335 2901 commentarii
1364 2834 1681 2900 exordium
1726 2832 1992 2909 faciunt,
2045 2841 2108 2895 et
2151 2831 2253 2895 de·

192 2949 580 3018 monstrant,
626 2940 923 3024 quomodo
969 2938 1235 3024 scriptor
1274 2958 1484 3003 eorum
1525 2937 1769 3022 antiqua
1796 2935 1939 3000 .vita
1969 2953 2114 2999 usus
2144 2933 2249 3010 sit,

191 3041 294 3107 hic
325 3062 524 3126 pauca
555 3041 830 3127 exempla
860 3039 1086 3106 addere
1118 3041 1322 3106 iuvatz

265 3159 332 3227 11,
374 3161 460 3213 33.
502 3160 705 3227 quami
731 3161 938 3229 digito,
976 3162 1143 3213 medio
1164 3199 1180 3226 ,
1218 3178 1263 3213 s.
1302 3162 1435 3228 quod
1469 3160 1532 3212 ad
1565 3157 1826 3211 infamium
1852 3164 1907 3210 et
1928 3157 2249 3225 opprobrium

262 3246 564 3298 ostenditur
595 3245 831 3312 ludaeis,
883 3248 1015 3314 quod
1053 3248 1104 3298 in
1142 3248 1365 3313 siugulis
1401 3247 1551 3299 anuis
1586 3244 1934 3297 crucifixionis
1968 3245 2251 3295 dominicae

262 3332 448 3385 ludaei
495 3333 676 3383 nerito
723 3334 918 3399 peceati
972 3333 1055 3384 sui
1116 3335 1181 3385 ad
1249 3332 1571 3401 opprobrium
1633 3330 1842 3395 generis
1905 3332 2099 3381 noxum
2162 3345 2254 3397 per

264 3417 563 3488 posteriora
592 3418 870 3483 emittunt,
908 3419 1042 3472 usde
1078 3425 1132 3471 et
1164 3434 1361 3485 verpus
1397 3417 1593 3469 dieitur
1624 3417 1773 3484 qnasi
1808 3431 1966 3468 urens
1999 3416 2246 3483 podicem,

198 3558 221 3611 1
262 3553 474 3606 Erhard
523 3556 586 3607 ad
634 3554 842 3608 Petrou.
892 3562 995 3608 sat.
1038 3555 1061 3608 1
1114 3554 1268 3607 affert
1316 3570 1377 3606 ea
1422 3554 1488 3605 de
1532 3554 1730 3618 satira,
1778 3556 1997 3621 quaein
2036 3553 2248 3605 Cornuti

262 3624 483 3676 scholiis
534 3625 690 3690 vulgo
736 3626 1011 3691 legnutnrz
1064 3625 1249 3677 Satira
1294 3629 1379 3675 ost
1420 3639 1594 3690 genus
1628 3630 1755 3673 cett.
1804 3622 1897 3687 (σῖ.
1936 3639 1984 3690 p.
2021 3622 2148 3687 241)
2195 3630 2248 3673 et

262 3694 444 3746 addit:
492 3693 638 3746 Haec
672 3694 957 3746 Saebn‘us
991 3695 1275 3757 lausus,
1322 3696 1477 3743 vetus
1526 3691 1708 3743 Persii
1739 3694 2040 3758 interpres,
2094 3708 2244 3758 quem

262 3767 321 3814 in
370 3763 682 3813 membrana
724 3767 992 3830 scriptum
1034 3764 1183 3814 nobis
1228 3777 1304 3811 ex
1350 3764 1568 3828 copiosa
1613 3764 1669 3811 et
1688 3760 1896 3823 festiva
1931 3776 2031 3812 sua
2068 3760 2248 3812 biblio-

262 3832 428 3883 theou
464 3832 830 3883 nubilarium
851 3831 1021 3883 simul
1039 3837 1095 3883 et
1118 3830 1524 3882 mittissimus
1552 3827 1842 3880 Goldaetus
1870 3830 2247 3881 commodavi&

264 3900 344 3953 De
380 3916 486 3966 qno
522 3901 650 3952 nihil
686 3901 836 3969 plane
872 3901 1110 3967 comperi.

194 3972 230 4025 2
264 3969 562 4037 speci-ina
622 3970 873 4036 quaedam
935 3969 1246 4022 scholiorum
1302 3969 1354 4020 in
1413 3967 1645 4020 Persium
1692 3965 2002 4019 ineditorum
2053 3967 2247 4018 nullius

264 4039 426 4104 pretii
464 4038 633 4090 edidit
676 4037 896 4103 Wasae,
946 4054 1011 4090 on
1070 4039 1199 4090 latin
1247 4038 1492 4089 acclinata
1542 4036 1595 4087 in
1646 4033 1892 4086 Classical
1943 4036 2156 4087 Journal
2209 4036 2244 4086 ΙΙ

263 4125 321 4176 p.
360 4109 462 4160 45⁴
483 4123 631 4176 sqq„
663 4108 799 4163 unde
832 4107 1119 4176 exemplum
1153 4107 1366 4160 exhibui
1399 4105 1471 4157 ad
1505 4104 1548 4171 1,
1586 4104 1648 4157 51
1688 4121 1740 4172 p.
1775 4105 1897 4235 2ῗ9.
2178 4129 2184 4136 ·

328 4197 569 4240 metus.
