2764 4738
707 441 977 505 scum..
1016 441 1124 506 Au
1169 439 1338 506 sAT.
1367 442 1416 520 1,
1443 448 1529 510 78
1547 445 1748 508 -85.
2122 440 2251 509 267

376 615 484 679 78.
526 616 852 675 Ασνιηπηιζς
891 633 996 675 eor
1025 615 1403 695 Iuchflcabt’le
1415 613 1588 695 fulta
1607 658 1631 687 ‚
1683 612 1742 676 id
1770 625 1864 675 est
1879 657 1897 687 ‚
1941 618 2247 689 aerumnis,

203 701 450 761 miseriis
492 710 556 761 ct
597 700 1007 761 calamitatibus
1051 717 1155 761 cor
1195 703 1509 762 luctuosum
1540 700 1788 773 habens,
1832 719 1910 761 ex
1947 719 2055 774 eo,
2099 699 2249 782 quod

203 786 459 847 serviret
489 785 720 846 Dircae.

376 875 481 934 79.
526 874 648 931 Hos
670 873 880 950 pueris
909 873 1159 931 monitus
1180 882 1395 951 patres
1421 873 1647 951 lippos,
1681 869 1830 951 quod
1859 872 1916 931 in
1947 882 2246 933 senectute

204 957 336 1017 fere
365 957 443 1016 ita
474 957 797 1017 afficiuntur
824 959 1007 1029 oculi;
1054 968 1114 1018 et
1143 957 1252 1017 boc
1282 956 1453 1017 dicit:
1499 958 1637 1016 Cum
1666 954 1904 1028 videas,
1941 977 2051 1016 non
2085 967 2247 1018 recto

201 1051 508 1123 parentum
540 1040 746 1102 iudicio
775 1043 921 1103 haec
964 1041 1034 1102 ad
1079 1042 1226 1101 lilios
1267 1040 1407 1102 vitia
1435 1060 1802 1121 permanasse
1832 1062 1943 1101 non
1972 1039 2121 1102 lien'e
2152 1061 2250 1101 se-

204 1126 418 1207 quendi
448 1129 727 1207 poeticam
759 1129 1046 1188 materiam
1066 1171 1083 1200 ‚
1135 1148 1239 1187 cnr
1266 1130 1489 1187 mireris
1522 1139 1581 1187 et
1611 1129 1965 1205 interroges,
2010 1126 2160 1187 nude
2189 1128 2246 1187 iu

202 1212 414 1292 linguis
444 1214 702 1272 iuvenum
734 1213 879 1273 haec
912 1211 1172 1293 loquendi
1202 1212 1434 1272 ariditas
1466 1224 1769 1290 personet,
1802 1224 1899 1271 aut
1928 1213 2035 1273 hoc
2065 1231 2247 1291 genus

203 1295 472 1380 loquendi
503 1308 614 1357 tam
645 1297 929 1358 sordidum
962 1303 1016 1357 iu
1048 1299 1388 1359 locutionem
1418 1300 1641 1357 venerit
1668 1296 2035 1357 Latinorum?
2063 1298 2250 1359 Meta-

200 1383 387 1463 phora
440 1403 542 1462 pro
598 1385 948 1463 garrulitatis
993 1381 1198 1444 ardore
1242 1389 1488 1464 arguta¹
1528 1394 1590 1444 et
1630 1384 1752 1443 sine
1796 1401 2002 1456 sensu,
2063 1383 2246 1464 qualis

204 1470 481 1547 strepitus
512 1478 603 1529 est
633 1471 938 1547 sartaginis
961 1474 1010 1528 2.

379 1558 456 1616 81
495 1574 619 1634 sqq.
670 1556 833 1614 Unde
881 1555 1045 1613 istud
1072 1555 1358 1626 dedecus,
1407 1553 1708 1614 locutionis
1738 1553 1994 1625 scilicet,
2042 1555 2104 1613 in
2135 1573 2248 1632 quo

212 1639 527 1700 Tros-sulus
581 1642 824 1699 exultat
874 1641 997 1699 te'bt’.
1100 1639 1410 1698 Trossulos
1468 1642 1690 1720 equites
1748 1638 2034 1699 Romanos
2092 1637 2250 1712 dicit,

204 1723 681 1870 ffiml'ssifmff
686 1727 948 1870 32⁰⁶?
945 1726 1143 1870 1:¹²2?
1140 1832 1174 1869 ..
1220 1726 1457 1887 '13:3²3
1471 1746 1557 1869 ⁸5:
1575 1726 2007 1871 ‘3'3'1351‘52'’
2048 1725 2250 1870 ⁰52¹}

206 1898 512 1977 equites
574 1894 869 1956 Romani
928 1895 1095 1957 sine
1151 1894 1547 1975 peditibus
1593 1905 2246 1976 expugnaverunt,

203 1981 471 2042 Numio
501 1986 531 2022 ⁴
600 1980 902 2061 quodam
981 1980 1204 2054 duce,
1307 1981 1499 2041 unde
1571 1982 1876 2062 equites
1946 1979 2250 2040 Romani

204 2068 560 2128 Trossuli
620 2066 809 2127 ‹licti
866 2065 1097 2127 sunt-¹⁸²
1172 2066 1292 2128 Aut
1335 2068 1516 2127 torosi
1566 2066 1991 2127 adolescentes.
2074 2068 2250 2127 Tros-

202 2156 417 2225 sulus,
464 2151 521 2212 id
551 2163 644 2213 est
684 2152 911 2226 brevis,
953 2165 1014 2214 et
1057 2162 1389 2233 compactae
1430 2163 1666 2213 naturae
1709 2157 1752 2212 ὅ.
1820 2152 2020 2212 Potest
2061 2162 2122 2213 et
2165 2152 2250 2211 sic

203 2239 467 2318 intelligi.
539 2238 653 2311 Ita,
698 2240 903 2319 inquit,
949 2239 1202 2299 exultant
1245 2240 1369 2297 siue
1415 2249 1682 2318 respectu
1722 2239 2074 2310 honestatis,
2122 2249 2251 2297 tau-

205 2345 373 2408 quam
404 2324 736 2384 Trossulum
780 2326 1091 2406 cepissent.
1264 2325 1477 2397 Levis,
1523 2325 1562 2385 i.
1595 2345 1647 2387 e.
1688 2335 1785 2385 aut
1829 2324 2111 2406 ephebus,
2153 2334 2252 2383 aut

206 2431 279 2473 eo
311 2408 462 2492 quod
493 2430 668 2490 eques
709 2410 850 2472 levis
871 2454 888 2483 ‚
919 2421 1031 2470 ‘aut
1072 2412 1216 2471 citus
1257 2412 1312 2468 iu
1357 2408 1599 2470 levando
1643 2431 1744 2484 se,
1788 2421 1888 2472 aut
1915 2420 2076 2471 certe
2107 2409 2249 2470 levis
2285 2409 2291 2420 “

210 2498 350 2557 nihil
379 2498 434 2556 in
468 2516 532 2556 se
564 2497 778 2557 habens
811 2498 998 2557 severi
1029 2495 1239 2556 iudicii.

381 2586 486 2645 83.
530 2582 711 2642 Nilne
744 2585 943 2662 pudet
982 2584 1188 2660 capili,
1251 2579 1371 2641 Hoc
1416 2578 1582 2641 dicit:
1626 2578 1755 2640 Non
1798 2579 2019 2640 esttibi
2050 2576 2251 2659 pudori

207 2677 271 2729 et
297 2665 714 2740 verecundiae,
762 2678 824 2727 ut
852 2665 925 2728 «le
956 2670 1142 2749 capite
1173 2678 1271 2727 tuo
1302 2677 1414 2726 tam
1445 2664 1770 2745 grandaevo
1820 2676 1882 2726 et
1922 2666 2087 2726 senili
2132 2662 2252 2725 ‹lis-

207 2754 448 2813 crimina
480 2773 589 2811 uon
621 2753 897 2813 obiicias?

380 2843 484 2901 84.
539 2839 814 2918 Tepidum
856 2839 965 2897 hoc
1004 2846 1168 2915 optes
1215 2837 1428 2897 audire
1469 2838 1778 2909 decenter,
1837 2835 1947 2895 hoc
1988 2844 2109 2906 est,
2153 2834 2251 2895 illa

208 2942 355 3007 quae
383 2926 576 3002 inepta
606 2934 757 2996 sunt,
789 2935 850 2984 et
877 2925 1001 2981 sine
1030 2922 1243 2981 viribus
1261 2964 1279 2994 ‚
1309 2922 1484 2982 liceat
1514 2933 1570 2981 tc
1601 2921 1989 2981 favorabiliter
2016 2917 2254 2981 audire?

380 3013 483 3072 85.
527 3012 745 3069 Pedius
790 3010 980 3088 quid?
1043 3009 1307 3067 Crimina
1352 3009 1512 3067 rasis
1531 3050 1550 3079 ,
1608 3004 1665 3066 id
1710 3018 1836 3079 est,
1880 3007 2144 3086 expolitis
2191 3015 2254 3067 et

209 3096 490 3176 purgatis.
554 3093 760 3155 Pedius
806 3093 1029 3174 quidam
1072 3093 1169 3152 illo
1214 3103 1472 3173 tempore
1515 3091 1809 3152 damnatus
1851 3102 1945 3152 est
1983 3091 2251 3172 pecunia-

206 3201 332 3241 rum
365 3178 834 3259 repetundarum:
890 3181 979 3239 cui
1013 3197 1135 3237 cum
1167 3179 1380 3238 crimen
1413 3178 1693 3238 obiectum
1727 3187 1888 3239 esset
1916 3177 2089 3248 furti,
2139 3196 2249 3236 non

210 3286 277 3326 sc
308 3267 540 3325 fortiter
567 3263 964 3345 respondendo
995 3265 1276 3343 purgavit,
1305 3262 1410 3324 sed
1440 3284 1514 3324 ex
1543 3264 1955 3344 compositione
1986 3281 2251 3322 versuum

208 3352 466 3412 favorem
496 3350 843 3430 quaerebat3
903 3349 1099 3428 figuris
1129 3347 1431 3409 dictionum
1460 3350 1756 3424 serviens,
1795 3367 2034 3409 securus
2064 3348 2252 3408 crimi-

209 3457 339 3499 num
372 3433 719 3496 diversorum
743 3439 798 3494 ⁶.

211 3657 238 3709 1
277 3655 382 3721 leg.
409 3652 650 3705 stridore
673 3658 892 3720 arguto.

206 3725 244 3780 2
278 3724 404 3776 lsid.
430 3723 594 3787 origg.
616 3720 739 3786 XX,
770 3724 802 3774 8
821 3745 835 3773 =
878 3723 1161 3791 „Sar-tago
1186 3737 1217 3775 a
1244 3723 1466 3789 strepitu
1497 3722 1609 3773 soni
1638 3727 1844 3785 vocate,
1870 3719 2070 3788 quando
2106 3721 2159 3771 iu
2189 3734 2252 3770 ea

279 3793 432 3844 ardet
453 3792 685 3844 oleum.“
724 3790 867 3857 Quae
900 3795 1089 3862 repetit
1115 3792 1320 3861 Papias.
1360 3790 1536 3843 Gloss.
1573 3790 1634 3842 Η.
1669 3790 1850 3859 Steph.
1878 3806 1929 3859 p.
1952 3790 2083 3844 1⁹22
2121 3789 2254 3842 Sar·

281 3868 340 3914 ta
381 3878 411 3912 o
483 3857 549 3926 τῆ
584 3878 732 3911 ανον.

209 3932 243 3985 s
279 3877 534 3982 σεξ-ἔνο
585 3932 727 3980 tutos
742 3944 1001 3996 passuum
1029 3929 1106 3982 ιχ
1128 3928 1204 3981 u.
1231 3928 1367 3980 Plio.
1393 3926 1638 3991 xxxm,
1668 3928 1754 3993 11,
1782 3927 1833 3979 9.

212 4002 247 4053 4
279 4002 504 4051 minimo
531 3999 612 4049 ed.
647 4013 725 4064 pr.
766 3997 1057 4060 Mummio,
1095 3997 1399 4051 Numerio?

213 4070 244 4120 5
280 4067 449 4120 Gloss.
488 4067 553 4117 H.
577 4067 753 4132 Steph.
781 4083 830 4134 p·
863 4069 998 4124 2182
1045 4066 1343 4134 Traxula-5,
1384 4063 1415 4118 ὅ
1446 4061 1504 4119 ἓν
1523 4063 1700 4137 μιαρῷ
1735 4060 1924 4132 nugis.

212 4138 246 4190 ⁶
280 4136 409 4204 Les.
446 4139 796 4189 severiorum.
