2764 4738
735 435 998 500 scum„
1029 436 1134 499 Au
1169 435 1337 500 SA'r.
1367 437 1443 510 v,
1474 441 1653 502 36—
1668 443 1773 501 47.
1933 423 1941 430 ’
2140 437 2269 504 325

236 612 389 670 tione
418 609 743 688 suscepisti.
795 608 871 667 Et
895 607 1045 669 bene
1075 608 1166 670 hic
1192 611 1447 688 suscipis
1476 607 1647 683 dixit,
1676 607 1985 698 proplerea
2013 609 2159 691 quod
2189 613 2271 672 ait

238 713 408 776 supra
445 714 746 774 supposui.
842 739 846 743 .
2288 762 2292 765 Α

409 785 511 843 37.
565 782 725 839 Tunc
737 778 973 858 fallere
998 782 1214 840 sollers
1245 783 1538 859 apposnfflta
1595 778 1732 839 Mox
1760 790 1821 839 ut
1850 800 1940 840 me
1971 783 2267 859 excepisti,

238 868 498 945 apposita
537 865 672 924 mihi
714 885 749 925 a
790 875 848 924 te
893 865 1091 952 regula
1133 863 1361 928 vivendi
1406 876 1529 936 est3
1588 885 1735 945 quae
1780 867 2016 944 regula,
2061 867 2268 925 sollers

241 952 475 1021 fallere,
517 952 758 1010 intortos
802 970 961 1010 meos
1004 971 1193 1012 mores
1236 949 1527 1023 extendit3
1553 961 1642 1010 et
1680 949 1753 1012 de
1796 954 1947 1011 vitae
1991 952 2271 1030 pravitate

240 1034 312 1097 ad
354 1037 604 1096 melioris
655 1037 805 1096 vitae
862 1034 1254 1097 rectitudinem
1310 1033 1614 1096 adduxisti.
1661 1099 1671 1112 ⁶
1786 1038 2010 1096 Sollers
2038 1035 2273 1115 fallere

239 1121 370 1182 ideo
413 1120 587 1192 dixit,
640 1118 788 1201 quod
826 1140 950 1180 cum
994 1123 1180 1181 stultis
1224 1121 1495 1208 obrepat,
1538 1123 1828 1200 sapientes
1858 1132 2085 1203 oportet
2112 1133 2273 1182 recte
2350 1165 2357 1170 -

240 1226 632 1285 cognoscere,
675 1216 738 1265 ut
765 1207 887 1284 ipsa
918 1205 1236 1266 emendatio
1265 1202 1419 1268 lente
1464 1226 1534 1266 ac
1562 1208 1686 1267 siue
1719 1218 1998 1290 tormento
2028 1208 2159 1279 liat,
2201 1227 2273 1267 ue

242 1312 348 1371 per
389 1293 754 1371 asperitatem
798 1289 1089 1352 doctrinae
1146 1295 1202 1352 in
1243 1294 1401 1370 ipsis
1429 1290 1755 1351 rudimentis
1801 1313 1913 1351 non
1963 1293 2272 1352 tolerantes
2364 1349 2367 1352 .

239 1379 601 1456 impatienter
630 1377 817 1436 ferant
845 1379 1076 1456 corrigi.
1112 1378 1252 1439 Vel.
1279 1380 1330 1437 si
1357 1375 1535 1459 quid
1518 1397 1576 1436 ιιι
1605 1397 1693 1438 me
1722 1377 2115 1457 corrigendum
2148 1379 2273 1449 fuit,

243 1463 462 1522 ratione
507 1459 836 1522 emendasti.

413 1551 516 1610 40.
560 1547 986 1626 Artzficemque
1017 1556 1116 1606 tuo
1147 1548 1325 1607 ducit.
1379 1547 1709 1627 Praeceptis
1750 1549 1861 1607 tuis
1892 1550 1971 1607 ita
2002 1548 2275 1607 formatur
2300 1606 2311 1614 ,

243 1634 458 1693 animus
501 1651 695 1704 meus,
739 1633 886 1691 sicut
926 1633 1177 1693 artifices
1219 1632 1523 1692 simulacra
1564 1633 1766 1712 pollice
1797 1646 1858 1694 et
1888 1654 2048 1692 mauu
2079 1631 2276 1711 depin-

242 1730 401 1797 gunt.
570 1717 881 1796 Artificem
912 1719 1131 1777 vultum
1151 1762 1170 1790 ‚
1217 1737 1323 1797 per
1351 1729 1532 1777 artem
1565 1720 1809 1791 factum,
1854 1716 2158 1779 secundum
2190 1720 2275 1777 in-

244 1805 529 1864 tellectum
559 1804 1018 1876 simulacrorum,
1047 1824 1194 1883 quae
1232 1803 1303 1862 ab
1333 1805 1643 1864 artificibus
1675 1805 1977 1883 linguntur.

409 1912 514 1969 41.
557 1906 810 1965 Memini
846 1909 1182 1966 consumere
1220 1907 1397 1966 soles.
1469 1907 1641 1966 Soles
1683 1904 1825 1966 dixit
1866 1905 1991 1968 dies
2038 1919 2100 1967 ut
2142 1906 2277 1966 Vir·

286 1992 300 2006 .
327 1992 341 2007 .
435 1999 457 2033 1
475 2015 491 2030 ·

243 1991 411 2072 &thus
582 2080 712 2138 Tris
742 2079 889 2137 adeo
920 2078 1178 2137 incertos
1205 2097 1385 2138 caeca
1419 2065 1679 2156 ealigine
1705 2078 1862 2139 soles

575 2167 868 2225 Erramus
890 2163 1131 2242 pelago.

414 2271 519 2329 42.
564 2269 796 2328 Przmas
825 2275 1062 2337 noctes,
1094 2284 1198 2344 pro
1227 2265 1423 2344 primis
1458 2266 1711 2344 partibus
1740 2267 1926 2325 noctis
1958 2269 2164 2344 posuit.

415 2375 534 2432 43
579 2373 761 2430 Unum
804 2389 951 2448 opus
993 2379 1058 2427 et
1095 2388 1394 2448 requzem,
1438 2367 1493 2428 id
1523 2381 1644 2443 est,
1666 2369 1848 2428 simul
1880 2359 2080 2429 studiis
2111 2390 2280 2431 exer·

210 2483 212 2486 ⁴
239 2474 478 2526 ·cemur,
519 2456 683 2514 simul
713 2456 841 2514 otiis
873 2455 1128 2523 fruimur.

416 2561 519 2618 44.
563 2562 767 2636 Atque
796 2558 1164 2643 verecunda,
1210 2556 1466 2615 honestis
1508 2556 1648 2615 iocis
1679 2553 1748 2615 ad
1781 2574 2027 2616 mensam
2060 2559 2285 2627 utimur,

249 2653 314 2703 ut
353 2642 569 2703 animus
614 2643 818 2719 seriis
826 2625 1160 2701 remittatur.
1226 2638 1320 2700 Ad
1362 2659 1613 2699 mensam
1660 2641 1808 2699 euim
1853 2642 2153 2702 cuiuslibet
2200 2644 2286 2702 rei

250 2720 572 2787 relaxanda
589 2737 681 2787 est
708 2728 1026 2805 asperitas,
1057 2725 1150 2785 ubi
1181 2725 1313 2784 nihil
1344 2725 1748 2806 colloquimur,
1779 2727 1936 2785 nisi.
2067 2769 2084 2784 .
2121 2733 2149 2766 ²
2213 2750 2225 2764 ·

420 2833 524 2891 45.
570 2829 743 2888 Certa
773 2828 902 2906 lege
933 2837 993 2903 et
1021 2824 1258 2888 decreto
1287 2837 1526 2888 naturae
1562 2829 1887 2887 consentire
1913 2826 2037 2887 dies
2066 2828 2286 2888 natales

252 2915 340 2974 sui
371 2911 510 2973 dicit
538 2925 708 2994 atque
739 2912 990 2972 Cornuti.

423 3020 527 3078 46.
570 3019 656 3076 Et
681 3015 755 3075 ab
788 3035 900 3074 nno
928 3016 1126 3074 sidere
1157 3014 1311 3074 duel.
1358 3012 1550 3073 ¹''Hoc
1594 3009 2000 3074 secundum
2046 3026 2287 3075 astro·

213 3145 219 3156 .
254 3103 470 3181 logos
514 3099 785 3173 dicit,*
845 3101 936 3181 qui
982 3099 1173 3160 dicunt
1215 3100 1537 3159 nativitates
1585 3098 1862 3159 homiuum
1905 3101 1960 3158 iu
2007 3097 2289 3159 sideribus

255 3198 543 3247 constare.
598 3185 674 3245 Et
715 3185 1029 3246 hocdicit:
1074 3185 1201 3269 Non
1247 3197 1384 3264 puto
1427 3182 1757 3244 discordare
1789 3185 2026 3263 genesin
2056 3186 2115 3244 iu
2145 3187 2290 3245 uati-

252 3273 519 3333 vitatibus
547 3273 789 3343 nostris,
832 3270 934 3339 sed
964 3271 1035 3331 ab
1066 3291 1176 3330 uno
1198 3270 1399 3338 sidere
1430 3291 1535 3329 nos
1567 3278 1921 3348 procreatos.

426 3378 529 3437 47.
576 3374 804 3434 Nostra
835 3374 934 3433 vel
959 3374 1216 3452 aequali.
1271 3374 1332 3434 In
1375 3371 1633 3432 diversas
1676 3369 1927 3432 eiusdem
1960 3371 2138 3432 librae
2171 3373 2292 3431 lan-

257 3479 358 3520 ces
401 3460 664 3538 imposita
709 3459 949 3540 aequale
995 3478 1233 3519 examen
1276 3458 1615 3518 habueruut.
1817 3459 2055 3517 Libram
2102 3469 2291 3518 autem

256 3543 423 3617 dicit,
467 3563 612 3624 quae
657 3556 750 3605 est
791 3565 867 3605 ex
908 3541 1199 3604 duodecim
1242 3544 1441 3621 signis.
1640 3545 1854 3621 Aequa
1903 3542 2100 3616 libra,
2157 3545 2293 3624 quia

257 3649 558 3691 mensurae
586 3631 745 3691 vices
777 3630 1027 3707 fungitur
1054 3631 1112 3689 in
1143 3631 1533 3710 aequinoctio,
1562 3638 1626 3687 ut
1655 3628 1925 3705 Virgilius
1947 3633 2005 3687 ³:

509 3715 695 3775 Libra
727 3717 823 3774 die
850 3716 1148 3793 somnique
1169 3733 1353 3793 pares
1387 3712 1731 3792 ubisecerit
1755 3715 1956 3774 leores.

259 3798 471 3861 Horam
501 3811 784 3874 nostram,
815 3801 988 3860 satum
1006 3843 1024 3872 ,
1054 3799 1204 3882 quod
1232 3801 1437 3860 mutari
1466 3800 1682 3871 nescit,
1712 3798 1852 3859 libra
1882 3799 2189 3860 coniunxit.

266 3983 477 4051 l‘Virg.
505 3984 648 4037 Ἀοιι.
688 3984 778 4050 111,
815 3986 917 4039 203
939 4000 1019 4052 sq.

261 4056 296 4109 2
330 4053 490 4105 Deest
522 4054 748 4120 aliquid,
786 4054 1018 4106 ἱοσιιπάα
1050 4054 1135 4107 vel
1168 4054 1287 4107 sim.

263 4124 295 4176 3
332 4121 482 4189 Virg.
521 4124 710 4190 Georg.
749 4124 793 4189 1,
826 4124 948 4181 2⁰8.
