<?xml version="1.0" encoding="UTF-8"?>
<!DOCTYPE html PUBLIC "-//W3C//DTD XHTML 1.0 Transitional//EN"
    "http://www.w3.org/TR/xhtml1/DTD/xhtml1-transitional.dtd">
<html xmlns="http://www.w3.org/1999/xhtml" xml:lang="en" lang="en">
 <head>
  <title>
</title>
<meta http-equiv="Content-Type" content="text/html;charset=utf-8" />
  <meta name='ocr-system' content='tesseract 3.04.00' />
  <meta name='ocr-capabilities' content='ocr_page ocr_carea ocr_par ocr_line ocrx_word'/>
</head>
<body>
  <div class='ocr_page' id='page_1' title='image "./satirarumliberc01jahngoog_0406.png"; bbox 0 0 2764 4738; ppageno 0'>
   <div class='ocr_carea' id='block_1_1' title="bbox 911 395 2261 474">
    <p class='ocr_par' dir='ltr' id='par_1_1' title="bbox 911 395 2261 474">
     <span class='ocr_line' id='line_1_1' title="bbox 911 395 2261 474; baseline -0.001 -10"><span class='ocrx_word' id='word_1_1' title='bbox 911 401 1082 464; x_wconf 79' lang='lat' dir='ltr'><strong>SAT.</strong></span> <span class='ocrx_word' id='word_1_2' title='bbox 1117 401 1217 474; x_wconf 86' lang='lat' dir='ltr'><strong>IV,</strong></span> <span class='ocrx_word' id='word_1_3' title='bbox 1248 405 1324 465; x_wconf 84' lang='grc'><strong>31</strong></span> <span class='ocrx_word' id='word_1_4' title='bbox 1360 436 1446 448; x_wconf 93' lang='lat'><strong>—</strong></span> <span class='ocrx_word' id='word_1_5' title='bbox 1474 404 1577 466; x_wconf 76' lang='grc'><strong>30.</strong></span> <span class='ocrx_word' id='word_1_6' title='bbox 2135 395 2261 464; x_wconf 81' lang='lat'><strong>175</strong></span> 
     </span>
    </p>
   </div>
   <div class='ocr_carea' id='block_1_2' title="bbox 200 569 2258 4148">
    <p class='ocr_par' dir='ltr' id='par_1_2' title="bbox 234 569 2258 1162">
     <span class='ocr_line' id='line_1_2' title="bbox 234 569 2258 652; baseline 0.001 -23"><span class='ocrx_word' id='word_1_7' title='bbox 234 569 462 649; x_wconf 74' lang='lat' dir='ltr'><strong>plaudat</strong></span> <span class='ocrx_word' id='word_1_8' title='bbox 486 574 757 651; x_wconf 82' lang='lat' dir='ltr'><strong>paganica</strong></span> <span class='ocrx_word' id='word_1_9' title='bbox 787 572 951 632; x_wconf 88' lang='lat' dir='ltr'><strong>turba</strong></span> <span class='ocrx_word' id='word_1_10' title='bbox 993 573 1294 650; x_wconf 79' lang='lat' dir='ltr'><strong>magistro,</strong></span> <span class='ocrx_word' id='word_1_11' title='bbox 1342 571 1451 644; x_wconf 85' lang='lat' dir='ltr'><strong>Qui</strong></span> <span class='ocrx_word' id='word_1_12' title='bbox 1498 572 1634 631; x_wconf 83' lang='lat' dir='ltr'><strong>facit</strong></span> <span class='ocrx_word' id='word_1_13' title='bbox 1662 573 1931 650; x_wconf 77' lang='lat' dir='ltr'><strong>egregios</strong></span> <span class='ocrx_word' id='word_1_14' title='bbox 1961 571 2032 632; x_wconf 89' lang='lat' dir='ltr'><strong>ad</strong></span> <span class='ocrx_word' id='word_1_15' title='bbox 2060 576 2258 652; x_wconf 83' lang='lat' dir='ltr'><strong>pervia</strong></span> 
     </span>
     <span class='ocr_line' id='line_1_3' title="bbox 235 655 2254 736; baseline 0.002 -21"><span class='ocrx_word' id='word_1_16' title='bbox 235 659 473 736; x_wconf 77' lang='lat' dir='ltr'><strong>compita</strong></span> <span class='ocrx_word' id='word_1_17' title='bbox 502 657 723 717; x_wconf 85' lang='lat' dir='ltr'><strong>ludos.“</strong></span> <span class='ocrx_word' id='word_1_18' title='bbox 744 656 969 718; x_wconf 77' lang='lat' dir='ltr'><strong>Interea</strong></span> <span class='ocrx_word' id='word_1_19' title='bbox 986 656 1237 718; x_wconf 82' lang='lat' dir='ltr'><strong>dominus</strong></span> <span class='ocrx_word' id='word_1_20' title='bbox 1266 658 1471 716; x_wconf 79' lang='lat' dir='ltr'><strong>sorbet</strong></span> <span class='ocrx_word' id='word_1_21' title='bbox 1478 655 1716 735; x_wconf 82' lang='lat' dir='ltr'><strong>faecem</strong></span> <span class='ocrx_word' id='word_1_22' title='bbox 1748 660 1910 718; x_wconf 82' lang='lat' dir='ltr'><strong>aceti</strong></span> <span class='ocrx_word' id='word_1_23' title='bbox 1928 661 2254 730; x_wconf 64' lang='lat' dir='ltr'><strong>mor-tentis,</strong></span> 
     </span>
     <span class='ocr_line' id='line_1_4' title="bbox 234 743 2253 822; baseline 0.003 -24"><span class='ocrx_word' id='word_1_24' title='bbox 234 743 352 800; x_wconf 79' lang='lat' dir='ltr'><strong>vini</strong></span> <span class='ocrx_word' id='word_1_25' title='bbox 379 762 540 802; x_wconf 79' lang='lat' dir='ltr'><strong>acore</strong></span> <span class='ocrx_word' id='word_1_26' title='bbox 569 745 646 801; x_wconf 89' lang='lat' dir='ltr'><strong>ita</strong></span> <span class='ocrx_word' id='word_1_27' title='bbox 687 746 958 822; x_wconf 84' lang='lat' dir='ltr'><strong>corrupti,</strong></span> <span class='ocrx_word' id='word_1_28' title='bbox 1000 755 1063 801; x_wconf 89' lang='lat' dir='ltr'><strong>ut</strong></span> <span class='ocrx_word' id='word_1_29' title='bbox 1103 746 1211 802; x_wconf 88' lang='lat' dir='ltr'><strong>iam</strong></span> <span class='ocrx_word' id='word_1_30' title='bbox 1256 744 1350 801; x_wconf 83' lang='lat' dir='ltr'><strong>vix</strong></span> <span class='ocrx_word' id='word_1_31' title='bbox 1378 753 1600 803; x_wconf 88' lang='lat' dir='ltr'><strong>acetum</strong></span> <span class='ocrx_word' id='word_1_32' title='bbox 1633 743 1724 813; x_wconf 91' lang='lat' dir='ltr'><strong>sit,</strong></span> <span class='ocrx_word' id='word_1_33' title='bbox 1746 763 2102 821; x_wconf 75' lang='lat' dir='ltr'><strong>pannosam,</strong></span> <span class='ocrx_word' id='word_1_34' title='bbox 2134 765 2253 805; x_wconf 84' lang='lat' dir='ltr'><strong>mu-</strong></span> 
     </span>
     <span class='ocr_line' id='line_1_5' title="bbox 234 827 2252 908; baseline 0.001 -22"><span class='ocrx_word' id='word_1_35' title='bbox 234 846 374 886; x_wconf 82' lang='lat' dir='ltr'><strong>core</strong></span> <span class='ocrx_word' id='word_1_36' title='bbox 401 830 549 906; x_wconf 87' lang='lat' dir='ltr'><strong>qnasi</strong></span> <span class='ocrx_word' id='word_1_37' title='bbox 580 831 776 906; x_wconf 85' lang='lat' dir='ltr'><strong>pannis</strong></span> <span class='ocrx_word' id='word_1_38' title='bbox 805 831 1065 888; x_wconf 78' lang='lat' dir='ltr'><strong>obsitam.</strong></span> <span class='ocrx_word' id='word_1_39' title='bbox 1125 828 1269 887; x_wconf 88' lang='lat' dir='ltr'><strong>Nam</strong></span> <span class='ocrx_word' id='word_1_40' title='bbox 1296 847 1629 906; x_wconf 78' lang='lat' dir='ltr'><strong>pannosus,</strong></span> <span class='ocrx_word' id='word_1_41' title='bbox 1673 827 1821 908; x_wconf 87' lang='lat' dir='ltr'><strong>quod</strong></span> <span class='ocrx_word' id='word_1_42' title='bbox 1852 831 2050 908; x_wconf 87' lang='lat' dir='ltr'><strong>pannis</strong></span> <span class='ocrx_word' id='word_1_43' title='bbox 2079 831 2252 889; x_wconf 84' lang='lat' dir='ltr'><strong>vesti-</strong></span> 
     </span>
     <span class='ocr_line' id='line_1_6' title="bbox 237 912 2253 994; baseline 0.001 -24"><span class='ocrx_word' id='word_1_44' title='bbox 237 923 351 970; x_wconf 77' lang='lat' dir='ltr'><strong>tum</strong></span> <span class='ocrx_word' id='word_1_45' title='bbox 381 916 651 991; x_wconf 79' lang='lat' dir='ltr'><strong>sig-nificat</strong></span> <span class='ocrx_word' id='word_1_46' title='bbox 690 914 831 987; x_wconf 80' lang='lat' dir='ltr'><strong>(Iuv.</strong></span> <span class='ocrx_word' id='word_1_47' title='bbox 877 914 952 983; x_wconf 88' lang='lat' dir='ltr'><strong>X,</strong></span> <span class='ocrx_word' id='word_1_48' title='bbox 1001 918 1183 986; x_wconf 92' lang='grc'><strong>102),</strong></span> <span class='ocrx_word' id='word_1_49' title='bbox 1228 912 1298 972; x_wconf 82' lang='lat' dir='ltr'><strong>ad</strong></span> <span class='ocrx_word' id='word_1_50' title='bbox 1337 933 1410 973; x_wconf 85' lang='lat' dir='ltr'><strong>ea</strong></span> <span class='ocrx_word' id='word_1_51' title='bbox 1455 914 1827 985; x_wconf 78' lang='lat' dir='ltr'><strong>transfertur,</strong></span> <span class='ocrx_word' id='word_1_52' title='bbox 1868 934 2013 994; x_wconf 87' lang='lat' dir='ltr'><strong>quae</strong></span> <span class='ocrx_word' id='word_1_53' title='bbox 2044 934 2253 993; x_wconf 81' lang='lat' dir='ltr'><strong>rugosa</strong></span> 
     </span>
     <span class='ocr_line' id='line_1_7' title="bbox 234 996 2248 1078; baseline 0.001 -23"><span class='ocrx_word' id='word_1_54' title='bbox 234 1009 380 1069; x_wconf 68' lang='lat' dir='ltr'><strong>cunt,</strong></span> <span class='ocrx_word' id='word_1_55' title='bbox 406 1019 457 1056; x_wconf 76' lang='lat' dir='ltr'><strong>v.</strong></span> <span class='ocrx_word' id='word_1_56' title='bbox 487 997 654 1058; x_wconf 74' lang='lat' dir='ltr'><strong>Mart.</strong></span> <span class='ocrx_word' id='word_1_57' title='bbox 688 999 780 1070; x_wconf 86' lang='grc' dir='ltr'>ΙΙΙ,</span> <span class='ocrx_word' id='word_1_58' title='bbox 812 1005 914 1072; x_wconf 89' lang='grc'><strong>72,</strong></span> <span class='ocrx_word' id='word_1_59' title='bbox 945 1004 1017 1062; x_wconf 85' lang='lat'><strong>3:</strong></span> <span class='ocrx_word' id='word_1_60' title='bbox 1055 1000 1345 1058; x_wconf 78' lang='lat' dir='ltr'><strong>pannosae</strong></span> <span class='ocrx_word' id='word_1_61' title='bbox 1359 996 1926 1078; x_wconf 86' lang='lat' dir='ltr'><strong>dependentpectore</strong></span> <span class='ocrx_word' id='word_1_62' title='bbox 1956 1018 2248 1061; x_wconf 80' lang='lat' dir='ltr'><strong>mammae.</strong></span> 
     </span>
     <span class='ocr_line' id='line_1_8' title="bbox 238 1081 1715 1162; baseline 0.001 -20"><span class='ocrx_word' id='word_1_63' title='bbox 238 1081 374 1142; x_wconf 84' lang='lat' dir='ltr'><strong>Seu.</strong></span> <span class='ocrx_word' id='word_1_64' title='bbox 405 1082 472 1142; x_wconf 91' lang='lat' dir='ltr'><strong>de</strong></span> <span class='ocrx_word' id='word_1_65' title='bbox 500 1086 663 1144; x_wconf 90' lang='lat' dir='ltr'><strong>clem.</strong></span> <span class='ocrx_word' id='word_1_66' title='bbox 698 1085 767 1156; x_wconf 88' lang='lat' dir='ltr'><strong>II,</strong></span> <span class='ocrx_word' id='word_1_67' title='bbox 800 1089 872 1147; x_wconf 83' lang='lat'><strong>6:</strong></span> <span class='ocrx_word' id='word_1_68' title='bbox 921 1083 1077 1143; x_wconf 86' lang='lat' dir='ltr'><strong>arida</strong></span> <span class='ocrx_word' id='word_1_69' title='bbox 1103 1104 1172 1143; x_wconf 87' lang='lat' dir='ltr'><strong>ac</strong></span> <span class='ocrx_word' id='word_1_70' title='bbox 1203 1104 1452 1162; x_wconf 87' lang='lat' dir='ltr'><strong>pannosa</strong></span> <span class='ocrx_word' id='word_1_71' title='bbox 1484 1085 1715 1144; x_wconf 79' lang='lat' dir='ltr'><strong>macIes.</strong></span> 
     </span>
    </p>

    <p class='ocr_par' dir='ltr' id='par_1_3' title="bbox 200 1167 2252 4148">
     <span class='ocr_line' id='line_1_9' title="bbox 394 1167 2252 1246; baseline 0.002 -20"><span class='ocrx_word' id='word_1_72' title='bbox 394 1189 445 1226; x_wconf 82' lang='lat' dir='ltr'><strong>v.</strong></span> <span class='ocrx_word' id='word_1_73' title='bbox 477 1174 750 1232; x_wconf 71' lang='lat'><strong>33—41.</strong></span> <span class='ocrx_word' id='word_1_74' title='bbox 810 1169 950 1229; x_wconf 86' lang='lat' dir='ltr'><strong>Dum</strong></span> <span class='ocrx_word' id='word_1_75' title='bbox 970 1182 1039 1228; x_wconf 75' lang='lat' dir='ltr'><strong>tu</strong></span> <span class='ocrx_word' id='word_1_76' title='bbox 1071 1169 1143 1230; x_wconf 90' lang='lat' dir='ltr'><strong>de</strong></span> <span class='ocrx_word' id='word_1_77' title='bbox 1176 1168 1389 1230; x_wconf 81' lang='lat' dir='ltr'><strong>Vettidi</strong></span> <span class='ocrx_word' id='word_1_78' title='bbox 1419 1170 1654 1228; x_wconf 82' lang='lat' dir='ltr'><strong>avaritia</strong></span> <span class='ocrx_word' id='word_1_79' title='bbox 1696 1180 1807 1228; x_wconf 87' lang='lat' dir='ltr'><strong>tam</strong></span> <span class='ocrx_word' id='word_1_80' title='bbox 1835 1170 2078 1246; x_wconf 84' lang='lat' dir='ltr'><strong>maligne</strong></span> <span class='ocrx_word' id='word_1_81' title='bbox 2109 1167 2252 1229; x_wconf 85' lang='lat' dir='ltr'><strong>iudi·</strong></span> 
     </span>
     <span class='ocr_line' id='line_1_10' title="bbox 235 1253 2251 1324; baseline 0.001 -12"><span class='ocrx_word' id='word_1_82' title='bbox 235 1273 348 1324; x_wconf 81' lang='lat' dir='ltr'><strong>eas,</strong></span> <span class='ocrx_word' id='word_1_83' title='bbox 375 1255 511 1314; x_wconf 86' lang='lat' dir='ltr'><strong>alius</strong></span> <span class='ocrx_word' id='word_1_84' title='bbox 543 1257 598 1315; x_wconf 91' lang='lat' dir='ltr'><strong>in</strong></span> <span class='ocrx_word' id='word_1_85' title='bbox 631 1257 914 1314; x_wconf 86' lang='lat' dir='ltr'><strong>mollitiem</strong></span> <span class='ocrx_word' id='word_1_86' title='bbox 956 1265 1105 1314; x_wconf 89' lang='lat' dir='ltr'><strong>tuam</strong></span> <span class='ocrx_word' id='word_1_87' title='bbox 1138 1257 1349 1314; x_wconf 87' lang='lat' dir='ltr'><strong>acriter</strong></span> <span class='ocrx_word' id='word_1_88' title='bbox 1378 1254 1679 1314; x_wconf 78' lang='lat' dir='ltr'><strong>invehitur.</strong></span> <span class='ocrx_word' id='word_1_89' title='bbox 1772 1253 1990 1314; x_wconf 88' lang='lat' dir='ltr'><strong>Inducit</strong></span> <span class='ocrx_word' id='word_1_90' title='bbox 2018 1254 2251 1315; x_wconf 83' lang='lat' dir='ltr'><strong>Persius</strong></span> 
     </span>
     <span class='ocr_line' id='line_1_11' title="bbox 237 1338 2247 1420; baseline 0 -23"><span class='ocrx_word' id='word_1_91' title='bbox 237 1341 459 1418; x_wconf 77' lang='lat' dir='ltr'><strong>aliquem</strong></span> <span class='ocrx_word' id='word_1_92' title='bbox 488 1339 560 1399; x_wconf 89' lang='lat' dir='ltr'><strong>de</strong></span> <span class='ocrx_word' id='word_1_93' title='bbox 595 1342 818 1420; x_wconf 86' lang='lat' dir='ltr'><strong>populo,</strong></span> <span class='ocrx_word' id='word_1_94' title='bbox 848 1343 939 1419; x_wconf 88' lang='lat' dir='ltr'><strong>qui</strong></span> <span class='ocrx_word' id='word_1_95' title='bbox 966 1343 1156 1399; x_wconf 85' lang='lat' dir='ltr'><strong>vitium</strong></span> <span class='ocrx_word' id='word_1_96' title='bbox 1176 1383 1193 1411; x_wconf 93' lang='lat'><strong>,</strong></span> <span class='ocrx_word' id='word_1_97' title='bbox 1234 1351 1384 1400; x_wconf 89' lang='lat' dir='ltr'><strong>teste</strong></span> <span class='ocrx_word' id='word_1_98' title='bbox 1409 1340 1650 1400; x_wconf 84' lang='lat' dir='ltr'><strong>Timaeo</strong></span> <span class='ocrx_word' id='word_1_99' title='bbox 1673 1338 1844 1418; x_wconf 80' lang='lat' dir='ltr'><strong>(apud</strong></span> <span class='ocrx_word' id='word_1_100' title='bbox 1880 1339 2087 1399; x_wconf 80' lang='lat' dir='ltr'><strong>Athen.</strong></span> <span class='ocrx_word' id='word_1_101' title='bbox 2118 1339 2247 1412; x_wconf 89' lang='lat' dir='ltr'><strong>XII,</strong></span> 
     </span>
     <span class='ocr_line' id='line_1_12' title="bbox 234 1423 2247 1505; baseline 0.001 -24"><span class='ocrx_word' id='word_1_102' title='bbox 234 1445 285 1502; x_wconf 81' lang='lat' dir='ltr'><strong>p.</strong></span> <span class='ocrx_word' id='word_1_103' title='bbox 313 1429 429 1486; x_wconf 89' lang='lat' dir='ltr'><strong>5l8</strong></span> <span class='ocrx_word' id='word_1_104' title='bbox 456 1423 530 1485; x_wconf 82' lang='lat' dir='ltr'><strong>A.</strong></span> <span class='ocrx_word' id='word_1_105' title='bbox 558 1426 655 1498; x_wconf 89' lang='grc' dir='ltr'><strong>Β.)</strong></span> <span class='ocrx_word' id='word_1_106' title='bbox 686 1425 831 1504; x_wconf 90' lang='lat' dir='ltr'><strong>apud</strong></span> <span class='ocrx_word' id='word_1_107' title='bbox 857 1426 1026 1485; x_wconf 88' lang='lat' dir='ltr'><strong>Italos</strong></span> <span class='ocrx_word' id='word_1_108' title='bbox 1044 1427 1393 1504; x_wconf 87' lang='lat' dir='ltr'><strong>potissimum</strong></span> <span class='ocrx_word' id='word_1_109' title='bbox 1413 1426 1674 1484; x_wconf 86' lang='lat' dir='ltr'><strong>usitatum</strong></span> <span class='ocrx_word' id='word_1_110' title='bbox 1705 1435 1766 1484; x_wconf 90' lang='lat' dir='ltr'><strong>et</strong></span> <span class='ocrx_word' id='word_1_111' title='bbox 1800 1423 1945 1505; x_wconf 88' lang='lat' dir='ltr'><strong>apud</strong></span> <span class='ocrx_word' id='word_1_112' title='bbox 1972 1424 2247 1485; x_wconf 87' lang='lat' dir='ltr'><strong>delicatos</strong></span> 
     </span>
     <span class='ocr_line' id='line_1_13' title="bbox 232 1509 2248 1591; baseline 0.001 -23"><span class='ocrx_word' id='word_1_113' title='bbox 232 1520 351 1568; x_wconf 85' lang='lat' dir='ltr'><strong>tune</strong></span> <span class='ocrx_word' id='word_1_114' title='bbox 382 1512 651 1589; x_wconf 81' lang='lat' dir='ltr'><strong>frequens</strong></span> <span class='ocrx_word' id='word_1_115' title='bbox 686 1523 870 1581; x_wconf 81' lang='lat' dir='ltr'><strong>taxat,</strong></span> <span class='ocrx_word' id='word_1_116' title='bbox 917 1511 1104 1570; x_wconf 77' lang='lat' dir='ltr'><strong>verbis</strong></span> <span class='ocrx_word' id='word_1_117' title='bbox 1137 1509 1358 1591; x_wconf 87' lang='lat' dir='ltr'><strong>quidem</strong></span> <span class='ocrx_word' id='word_1_118' title='bbox 1389 1510 1920 1582; x_wconf 77' lang='lat' dir='ltr'><strong>vehementissimiS,</strong></span> <span class='ocrx_word' id='word_1_119' title='bbox 1959 1512 2144 1589; x_wconf 87' lang='lat' dir='ltr'><strong>qualia</strong></span> <span class='ocrx_word' id='word_1_120' title='bbox 2174 1530 2248 1570; x_wconf 83' lang='lat' dir='ltr'><strong>ex</strong></span> 
     </span>
     <span class='ocr_line' id='line_1_14' title="bbox 231 1594 2245 1676; baseline 0 -23"><span class='ocrx_word' id='word_1_121' title='bbox 231 1613 478 1654; x_wconf 82' lang='lat' dir='ltr'><strong>sermone</strong></span> <span class='ocrx_word' id='word_1_122' title='bbox 508 1594 735 1656; x_wconf 87' lang='lat' dir='ltr'><strong>rudiore</strong></span> <span class='ocrx_word' id='word_1_123' title='bbox 764 1597 926 1655; x_wconf 88' lang='lat' dir='ltr'><strong>nimis</strong></span> <span class='ocrx_word' id='word_1_124' title='bbox 967 1595 1211 1655; x_wconf 84' lang='lat' dir='ltr'><strong>fideliter</strong></span> <span class='ocrx_word' id='word_1_125' title='bbox 1229 1598 1475 1654; x_wconf 75' lang='lat' dir='ltr'><strong>fortasse</strong></span> <span class='ocrx_word' id='word_1_126' title='bbox 1505 1597 1791 1673; x_wconf 77' lang='lat' dir='ltr'><strong>expressit</strong></span> <span class='ocrx_word' id='word_1_127' title='bbox 1821 1606 1989 1676; x_wconf 79' lang='lat' dir='ltr'><strong>(quae</strong></span> <span class='ocrx_word' id='word_1_128' title='bbox 2007 1597 2245 1674; x_wconf 89' lang='lat' dir='ltr'><strong>iniquius</strong></span> 
     </span>
     <span class='ocr_line' id='line_1_15' title="bbox 230 1680 2245 1761; baseline 0 -22"><span class='ocrx_word' id='word_1_129' title='bbox 230 1690 375 1739; x_wconf 80' lang='lat' dir='ltr'><strong>taxat</strong></span> <span class='ocrx_word' id='word_1_130' title='bbox 405 1681 601 1741; x_wconf 80' lang='lat' dir='ltr'><strong>Heius.</strong></span> <span class='ocrx_word' id='word_1_131' title='bbox 630 1680 699 1740; x_wconf 92' lang='lat' dir='ltr'><strong>de</strong></span> <span class='ocrx_word' id='word_1_132' title='bbox 745 1692 852 1740; x_wconf 84' lang='lat' dir='ltr'><strong>sat.</strong></span> <span class='ocrx_word' id='word_1_133' title='bbox 888 1682 1024 1740; x_wconf 86' lang='lat' dir='ltr'><strong>Hor.</strong></span> <span class='ocrx_word' id='word_1_134' title='bbox 1051 1702 1107 1761; x_wconf 92' lang='lat' dir='ltr'><strong>p.</strong></span> <span class='ocrx_word' id='word_1_135' title='bbox 1152 1685 1276 1743; x_wconf 88' lang='grc'><strong>232</strong></span> <span class='ocrx_word' id='word_1_136' title='bbox 1305 1687 1476 1760; x_wconf 82' lang='lat' dir='ltr'><strong>sqq.).</strong></span> <span class='ocrx_word' id='word_1_137' title='bbox 1550 1681 1824 1740; x_wconf 90' lang='lat' dir='ltr'><strong>Solebant</strong></span> <span class='ocrx_word' id='word_1_138' title='bbox 1866 1682 2012 1741; x_wconf 91' lang='lat' dir='ltr'><strong>enim</strong></span> <span class='ocrx_word' id='word_1_139' title='bbox 2050 1681 2245 1740; x_wconf 82' lang='lat' dir='ltr'><strong>molles</strong></span> 
     </span>
     <span class='ocr_line' id='line_1_16' title="bbox 229 1765 2244 1846; baseline 0 -22"><span class='ocrx_word' id='word_1_140' title='bbox 229 1785 459 1843; x_wconf 82' lang='lat' dir='ltr'><strong>corpora</strong></span> <span class='ocrx_word' id='word_1_141' title='bbox 506 1767 796 1844; x_wconf 82' lang='lat' dir='ltr'><strong>levigare,</strong></span> <span class='ocrx_word' id='word_1_142' title='bbox 835 1786 1017 1846; x_wconf 86' lang='lat' dir='ltr'><strong>neque</strong></span> <span class='ocrx_word' id='word_1_143' title='bbox 1057 1786 1224 1825; x_wconf 87' lang='lat' dir='ltr'><strong>crura</strong></span> <span class='ocrx_word' id='word_1_144' title='bbox 1272 1767 1450 1824; x_wconf 89' lang='lat' dir='ltr'><strong>solum</strong></span> <span class='ocrx_word' id='word_1_145' title='bbox 1495 1777 1663 1846; x_wconf 86' lang='lat' dir='ltr'><strong>atque</strong></span> <span class='ocrx_word' id='word_1_146' title='bbox 1710 1765 1940 1826; x_wconf 85' lang='lat' dir='ltr'><strong>brachia</strong></span> <span class='ocrx_word' id='word_1_147' title='bbox 1972 1765 2111 1840; x_wconf 83' lang='lat' dir='ltr'><strong>(Iuv.</strong></span> <span class='ocrx_word' id='word_1_148' title='bbox 2143 1765 2244 1838; x_wconf 90' lang='lat' dir='ltr'><strong>IX,</strong></span> 
     </span>
     <span class='ocr_line' id='line_1_17' title="bbox 229 1849 2246 1933; baseline -0.001 -21"><span class='ocrx_word' id='word_1_149' title='bbox 229 1855 299 1912; x_wconf 85' lang='grc'><strong>13</strong></span> <span class='ocrx_word' id='word_1_150' title='bbox 326 1872 449 1931; x_wconf 89' lang='lat' dir='ltr'><strong>sqq.</strong></span> <span class='ocrx_word' id='word_1_151' title='bbox 481 1851 651 1910; x_wconf 83' lang='lat' dir='ltr'><strong>Mart.</strong></span> <span class='ocrx_word' id='word_1_152' title='bbox 679 1852 752 1922; x_wconf 89' lang='lat' dir='ltr'><strong>V,</strong></span> <span class='ocrx_word' id='word_1_153' title='bbox 788 1855 889 1922; x_wconf 78' lang='lat'><strong>61,</strong></span> <span class='ocrx_word' id='word_1_154' title='bbox 923 1857 980 1916; x_wconf 84' lang='lat'><strong>6.</strong></span> <span class='ocrx_word' id='word_1_155' title='bbox 1010 1850 1080 1921; x_wconf 88' lang='grc' dir='ltr'><strong>ΙΙ,</strong></span> <span class='ocrx_word' id='word_1_156' title='bbox 1121 1856 1224 1922; x_wconf 84' lang='grc'><strong>29,</strong></span> <span class='ocrx_word' id='word_1_157' title='bbox 1252 1856 1337 1922; x_wconf 85' lang='grc'><strong>6),</strong></span> <span class='ocrx_word' id='word_1_158' title='bbox 1367 1871 1584 1925; x_wconf 85' lang='lat' dir='ltr'><strong>verum,</strong></span> <span class='ocrx_word' id='word_1_159' title='bbox 1629 1849 1776 1933; x_wconf 86' lang='lat' dir='ltr'><strong>quod</strong></span> <span class='ocrx_word' id='word_1_160' title='bbox 1812 1853 2035 1910; x_wconf 78' lang='lat' dir='ltr'><strong>infamis</strong></span> <span class='ocrx_word' id='word_1_161' title='bbox 2066 1850 2246 1910; x_wconf 88' lang='lat' dir='ltr'><strong>libidi-</strong></span> 
     </span>
     <span class='ocr_line' id='line_1_18' title="bbox 224 1935 2245 2015; baseline 0 -20"><span class='ocrx_word' id='word_1_162' title='bbox 224 1937 302 1995; x_wconf 82' lang='lat' dir='ltr'><strong>nis</strong></span> <span class='ocrx_word' id='word_1_163' title='bbox 336 1940 559 2013; x_wconf 83' lang='lat' dir='ltr'><strong>signum</strong></span> <span class='ocrx_word' id='word_1_164' title='bbox 596 1937 928 2007; x_wconf 84' lang='lat' dir='ltr'><strong>habebatur,</strong></span> <span class='ocrx_word' id='word_1_165' title='bbox 956 1936 1208 2015; x_wconf 83' lang='lat' dir='ltr'><strong>podicem</strong></span> <span class='ocrx_word' id='word_1_166' title='bbox 1243 1956 1465 2015; x_wconf 87' lang='lat' dir='ltr'><strong>quoque</strong></span> <span class='ocrx_word' id='word_1_167' title='bbox 1500 1936 1640 2009; x_wconf 83' lang='lat' dir='ltr'><strong>(Iuv.</strong></span> <span class='ocrx_word' id='word_1_168' title='bbox 1686 1935 1758 2005; x_wconf 91' lang='grc' dir='ltr'><strong>ΙΙ,</strong></span> <span class='ocrx_word' id='word_1_169' title='bbox 1803 1941 1902 1999; x_wconf 88' lang='grc'><strong>12.</strong></span> <span class='ocrx_word' id='word_1_170' title='bbox 1945 1936 2113 1995; x_wconf 85' lang='lat' dir='ltr'><strong>Mart.</strong></span> <span class='ocrx_word' id='word_1_171' title='bbox 2143 1935 2245 2009; x_wconf 85' lang='lat' dir='ltr'><strong>Vl,</strong></span> 
     </span>
     <span class='ocr_line' id='line_1_19' title="bbox 224 2020 2245 2101; baseline -0.001 -17"><span class='ocrx_word' id='word_1_172' title='bbox 224 2026 318 2093; x_wconf 82' lang='lat'><strong>56,</strong></span> <span class='ocrx_word' id='word_1_173' title='bbox 342 2027 408 2091; x_wconf 77' lang='lat'><strong>4)</strong></span> <span class='ocrx_word' id='word_1_174' title='bbox 438 2033 501 2081; x_wconf 90' lang='lat' dir='ltr'><strong>et</strong></span> <span class='ocrx_word' id='word_1_175' title='bbox 528 2024 756 2098; x_wconf 82' lang='lat' dir='ltr'><strong>inguina</strong></span> <span class='ocrx_word' id='word_1_176' title='bbox 776 2022 967 2094; x_wconf 84' lang='lat' dir='ltr'><strong>(Mart.</strong></span> <span class='ocrx_word' id='word_1_177' title='bbox 985 2021 1054 2092; x_wconf 93' lang='grc' dir='ltr'><strong>ΙΙ,</strong></span> <span class='ocrx_word' id='word_1_178' title='bbox 1088 2026 1268 2092; x_wconf 83' lang='grc'><strong>62,2.</strong></span> <span class='ocrx_word' id='word_1_179' title='bbox 1301 2020 1403 2093; x_wconf 91' lang='grc' dir='ltr'><strong>ΙΧ,</strong></span> <span class='ocrx_word' id='word_1_180' title='bbox 1434 2026 1538 2091; x_wconf 85' lang='grc'><strong>27,</strong></span> <span class='ocrx_word' id='word_1_181' title='bbox 1577 2029 1604 2084; x_wconf 89' lang='grc'><strong>1</strong></span> <span class='ocrx_word' id='word_1_182' title='bbox 1641 2042 1726 2101; x_wconf 91' lang='lat' dir='ltr'><strong>sq.</strong></span> <span class='ocrx_word' id='word_1_183' title='bbox 1757 2021 1866 2080; x_wconf 90' lang='lat' dir='ltr'><strong>Dio</strong></span> <span class='ocrx_word' id='word_1_184' title='bbox 1892 2021 2026 2080; x_wconf 87' lang='lat' dir='ltr'><strong>Chr.</strong></span> <span class='ocrx_word' id='word_1_185' title='bbox 2055 2021 2245 2083; x_wconf 86' lang='lat' dir='ltr'>XXIII</span> 
     </span>
     <span class='ocr_line' id='line_1_20' title="bbox 220 2107 2241 2186; baseline 0.001 -21"><span class='ocrx_word' id='word_1_186' title='bbox 220 2127 270 2186; x_wconf 89' lang='lat' dir='ltr'><strong>p.</strong></span> <span class='ocrx_word' id='word_1_187' title='bbox 297 2112 425 2169; x_wconf 74' lang='lat'><strong>412</strong></span> <span class='ocrx_word' id='word_1_188' title='bbox 453 2119 493 2167; x_wconf 95' lang='lat' dir='ltr'><strong>t.</strong></span> <span class='ocrx_word' id='word_1_189' title='bbox 528 2107 575 2165; x_wconf 89' lang='lat' dir='ltr'><strong>II</strong></span> <span class='ocrx_word' id='word_1_190' title='bbox 603 2128 657 2185; x_wconf 86' lang='lat' dir='ltr'><strong>p.</strong></span> <span class='ocrx_word' id='word_1_191' title='bbox 707 2111 780 2170; x_wconf 88' lang='grc'><strong>31</strong></span> <span class='ocrx_word' id='word_1_192' title='bbox 811 2107 926 2180; x_wconf 83' lang='lat' dir='ltr'><strong>R.).</strong></span> <span class='ocrx_word' id='word_1_193' title='bbox 975 2107 1173 2167; x_wconf 87' lang='lat' dir='ltr'><strong>Fiebat</strong></span> <span class='ocrx_word' id='word_1_194' title='bbox 1216 2107 1322 2165; x_wconf 87' lang='lat' dir='ltr'><strong>boc</strong></span> <span class='ocrx_word' id='word_1_195' title='bbox 1351 2108 1443 2166; x_wconf 81' lang='lat' dir='ltr'><strong>vel</strong></span> <span class='ocrx_word' id='word_1_196' title='bbox 1487 2108 1737 2185; x_wconf 85' lang='lat' dir='ltr'><strong>forcipe,</strong></span> <span class='ocrx_word' id='word_1_197' title='bbox 1780 2107 2016 2167; x_wconf 84' lang='lat' dir='ltr'><strong>volsella</strong></span> <span class='ocrx_word' id='word_1_198' title='bbox 2044 2107 2241 2179; x_wconf 83' lang='lat' dir='ltr'><strong>(Mart.</strong></span> 
     </span>
     <span class='ocr_line' id='line_1_21' title="bbox 220 2191 2241 2274; baseline 0.003 -26"><span class='ocrx_word' id='word_1_199' title='bbox 220 2191 317 2263; x_wconf 83' lang='lat' dir='ltr'><strong>IX,</strong></span> <span class='ocrx_word' id='word_1_200' title='bbox 353 2198 460 2261; x_wconf 88' lang='grc'><strong>27,</strong></span> <span class='ocrx_word' id='word_1_201' title='bbox 496 2198 553 2253; x_wconf 88' lang='lat'><strong>5.</strong></span> <span class='ocrx_word' id='word_1_202' title='bbox 584 2193 744 2252; x_wconf 90' lang='lat' dir='ltr'><strong>Tert.</strong></span> <span class='ocrx_word' id='word_1_203' title='bbox 781 2191 852 2252; x_wconf 89' lang='lat' dir='ltr'><strong>de</strong></span> <span class='ocrx_word' id='word_1_204' title='bbox 894 2191 1027 2271; x_wconf 87' lang='lat' dir='ltr'><strong>pall.</strong></span> <span class='ocrx_word' id='word_1_205' title='bbox 1071 2197 1134 2262; x_wconf 77' lang='grc'><strong>4)</strong></span> <span class='ocrx_word' id='word_1_206' title='bbox 1166 2194 1256 2252; x_wconf 84' lang='lat' dir='ltr'><strong>vel</strong></span> <span class='ocrx_word' id='word_1_207' title='bbox 1288 2192 1561 2271; x_wconf 88' lang='lat' dir='ltr'><strong>psilothro</strong></span> <span class='ocrx_word' id='word_1_208' title='bbox 1594 2193 1843 2274; x_wconf 85' lang='lat' dir='ltr'><strong>(Lampr.</strong></span> <span class='ocrx_word' id='word_1_209' title='bbox 1872 2192 2097 2271; x_wconf 83' lang='lat' dir='ltr'><strong>Heliog.</strong></span> <span class='ocrx_word' id='word_1_210' title='bbox 2135 2195 2241 2263; x_wconf 88' lang='grc'><strong>31)</strong></span> 
     </span>
     <span class='ocr_line' id='line_1_22' title="bbox 218 2277 2243 2358; baseline 0.001 -23"><span class='ocrx_word' id='word_1_211' title='bbox 218 2296 315 2337; x_wconf 82' lang='lat' dir='ltr'><strong>seu</strong></span> <span class='ocrx_word' id='word_1_212' title='bbox 346 2277 599 2357; x_wconf 83' lang='lat' dir='ltr'><strong>dropace</strong></span> <span class='ocrx_word' id='word_1_213' title='bbox 620 2278 810 2350; x_wconf 86' lang='lat' dir='ltr'><strong>(Mart.</strong></span> <span class='ocrx_word' id='word_1_214' title='bbox 846 2278 921 2349; x_wconf 87' lang='lat' dir='ltr'><strong>X,</strong></span> <span class='ocrx_word' id='word_1_215' title='bbox 952 2283 1052 2348; x_wconf 82' lang='lat'><strong>65,</strong></span> <span class='ocrx_word' id='word_1_216' title='bbox 1072 2282 1156 2349; x_wconf 88' lang='grc'><strong>8),</strong></span> <span class='ocrx_word' id='word_1_217' title='bbox 1192 2277 1282 2358; x_wconf 79' lang='lat' dir='ltr'><strong>qui</strong></span> <span class='ocrx_word' id='word_1_218' title='bbox 1302 2278 1492 2337; x_wconf 83' lang='lat' dir='ltr'><strong>resina</strong></span> <span class='ocrx_word' id='word_1_219' title='bbox 1510 2278 1637 2337; x_wconf 89' lang='lat' dir='ltr'><strong>oleo</strong></span> <span class='ocrx_word' id='word_1_220' title='bbox 1661 2278 1869 2358; x_wconf 87' lang='lat' dir='ltr'><strong>liquata</strong></span> <span class='ocrx_word' id='word_1_221' title='bbox 1899 2277 2065 2353; x_wconf 86' lang='lat' dir='ltr'><strong>(Plin.</strong></span> <span class='ocrx_word' id='word_1_222' title='bbox 2085 2278 2243 2348; x_wconf 86' lang='lat' dir='ltr'><strong>XIV,</strong></span> 
     </span>
     <span class='ocr_line' id='line_1_23' title="bbox 217 2361 2242 2444; baseline -0.001 -18"><span class='ocrx_word' id='word_1_223' title='bbox 217 2367 317 2433; x_wconf 83' lang='lat'><strong>20,</strong></span> <span class='ocrx_word' id='word_1_224' title='bbox 344 2368 453 2432; x_wconf 77' lang='lat'><strong>25,</strong></span> <span class='ocrx_word' id='word_1_225' title='bbox 482 2362 629 2423; x_wconf 88' lang='lat' dir='ltr'><strong>unde</strong></span> <span class='ocrx_word' id='word_1_226' title='bbox 665 2362 914 2424; x_wconf 82' lang='lat' dir='ltr'><strong>resinata</strong></span> <span class='ocrx_word' id='word_1_227' title='bbox 945 2366 1204 2423; x_wconf 84' lang='lat' dir='ltr'><strong>iuventus</strong></span> <span class='ocrx_word' id='word_1_228' title='bbox 1237 2361 1381 2442; x_wconf 84' lang='lat' dir='ltr'><strong>apud</strong></span> <span class='ocrx_word' id='word_1_229' title='bbox 1409 2362 1601 2424; x_wconf 86' lang='lat' dir='ltr'><strong>Iuven.</strong></span> <span class='ocrx_word' id='word_1_230' title='bbox 1630 2363 1779 2436; x_wconf 90' lang='lat' dir='ltr'>VIII,</span> <span class='ocrx_word' id='word_1_231' title='bbox 1814 2368 1958 2436; x_wconf 78' lang='grc'><strong>114)</strong></span> <span class='ocrx_word' id='word_1_232' title='bbox 1996 2363 2086 2423; x_wconf 86' lang='lat' dir='ltr'><strong>vel</strong></span> <span class='ocrx_word' id='word_1_233' title='bbox 2114 2366 2242 2444; x_wconf 89' lang='lat' dir='ltr'><strong>pice</strong></span> 
     </span>
     <span class='ocr_line' id='line_1_24' title="bbox 219 2448 2243 2520; baseline 0 -12"><span class='ocrx_word' id='word_1_234' title='bbox 219 2450 358 2519; x_wconf 82' lang='lat' dir='ltr'><strong>(lnv.</strong></span> <span class='ocrx_word' id='word_1_235' title='bbox 398 2448 498 2519; x_wconf 86' lang='lat' dir='ltr'><strong>IX,</strong></span> <span class='ocrx_word' id='word_1_236' title='bbox 547 2453 648 2520; x_wconf 84' lang='lat'><strong>13)</strong></span> <span class='ocrx_word' id='word_1_237' title='bbox 691 2449 872 2509; x_wconf 88' lang='lat' dir='ltr'><strong>calida</strong></span> <span class='ocrx_word' id='word_1_238' title='bbox 905 2450 1329 2509; x_wconf 82' lang='lat' dir='ltr'><strong>conficiebatur.</strong></span> <span class='ocrx_word' id='word_1_239' title='bbox 1407 2448 1492 2508; x_wconf 87' lang='lat' dir='ltr'><strong>Ita</strong></span> <span class='ocrx_word' id='word_1_240' title='bbox 1522 2469 1660 2508; x_wconf 86' lang='lat' dir='ltr'><strong>vasa</strong></span> <span class='ocrx_word' id='word_1_241' title='bbox 1689 2448 1997 2509; x_wconf 80' lang='lat' dir='ltr'><strong>Samnitica</strong></span> <span class='ocrx_word' id='word_1_242' title='bbox 2026 2451 2243 2509; x_wconf 82' lang='lat' dir='ltr'><strong>calefa-</strong></span> 
     </span>
     <span class='ocr_line' id='line_1_25' title="bbox 217 2533 2241 2613; baseline 0 -20"><span class='ocrx_word' id='word_1_243' title='bbox 217 2534 458 2593; x_wconf 81' lang='lat' dir='ltr'><strong>ctandae</strong></span> <span class='ocrx_word' id='word_1_244' title='bbox 511 2536 740 2594; x_wconf 88' lang='lat' dir='ltr'><strong>resinae</strong></span> <span class='ocrx_word' id='word_1_245' title='bbox 794 2555 862 2594; x_wconf 87' lang='lat' dir='ltr'><strong>ac</strong></span> <span class='ocrx_word' id='word_1_246' title='bbox 925 2537 1033 2613; x_wconf 86' lang='lat' dir='ltr'><strong>pici</strong></span> <span class='ocrx_word' id='word_1_247' title='bbox 1071 2533 1403 2594; x_wconf 80' lang='lat' dir='ltr'><strong>divellendis</strong></span> <span class='ocrx_word' id='word_1_248' title='bbox 1449 2534 1762 2593; x_wconf 88' lang='lat' dir='ltr'><strong>hominibus</strong></span> <span class='ocrx_word' id='word_1_249' title='bbox 1817 2554 1887 2593; x_wconf 82' lang='lat' dir='ltr'><strong>ac</strong></span> <span class='ocrx_word' id='word_1_250' title='bbox 1931 2534 2241 2612; x_wconf 77' lang='lat' dir='ltr'><strong>levigandis</strong></span> 
     </span>
     <span class='ocr_line' id='line_1_26' title="bbox 216 2614 2240 2700; baseline 0 -23"><span class='ocrx_word' id='word_1_251' title='bbox 216 2619 462 2679; x_wconf 76' lang='lat' dir='ltr'><strong>babebat</strong></span> <span class='ocrx_word' id='word_1_252' title='bbox 490 2618 820 2679; x_wconf 83' lang='lat' dir='ltr'><strong>Commodus</strong></span> <span class='ocrx_word' id='word_1_253' title='bbox 853 2619 983 2694; x_wconf 87' lang='lat' dir='ltr'><strong>(Iul.</strong></span> <span class='ocrx_word' id='word_1_254' title='bbox 1020 2619 1199 2700; x_wconf 88' lang='lat' dir='ltr'><strong>Capit.</strong></span> <span class='ocrx_word' id='word_1_255' title='bbox 1220 2620 1432 2679; x_wconf 84' lang='lat' dir='ltr'><strong>Pertin.</strong></span> <span class='ocrx_word' id='word_1_256' title='bbox 1463 2624 1549 2689; x_wconf 88' lang='grc'><strong>8).</strong></span> <span class='ocrx_word' id='word_1_257' title='bbox 1595 2619 1685 2677; x_wconf 80' lang='lat' dir='ltr'><strong>Cl&#39;.</strong></span> <span class='ocrx_word' id='word_1_258' title='bbox 1702 2618 1952 2679; x_wconf 84' lang='lat' dir='ltr'><strong>Hildebr.</strong></span> <span class='ocrx_word' id='word_1_259' title='bbox 1970 2619 2040 2678; x_wconf 87' lang='lat' dir='ltr'><strong>ad</strong></span> <span class='ocrx_word' id='word_1_260' title='bbox 2071 2614 2240 2698; x_wconf 70' lang='lat' dir='ltr'><strong>Apul.</strong></span> 
     </span>
     <span class='ocr_line' id='line_1_27' title="bbox 212 2702 2242 2785; baseline 0 -22"><span class='ocrx_word' id='word_1_261' title='bbox 212 2704 351 2764; x_wconf 75' lang='lat' dir='ltr'><strong>net.</strong></span> <span class='ocrx_word' id='word_1_262' title='bbox 386 2704 488 2776; x_wconf 88' lang='lat' dir='ltr'><strong>IX,</strong></span> <span class='ocrx_word' id='word_1_263' title='bbox 514 2710 619 2767; x_wconf 89' lang='grc'><strong>28.</strong></span> <span class='ocrx_word' id='word_1_264' title='bbox 668 2705 757 2764; x_wconf 83' lang='lat' dir='ltr'><strong>Ex</strong></span> <span class='ocrx_word' id='word_1_265' title='bbox 787 2706 874 2764; x_wconf 87' lang='lat' dir='ltr'><strong>his</strong></span> <span class='ocrx_word' id='word_1_266' title='bbox 906 2705 1126 2784; x_wconf 81' lang='lat' dir='ltr'><strong>singula</strong></span> <span class='ocrx_word' id='word_1_267' title='bbox 1154 2704 1299 2785; x_wconf 87' lang='lat' dir='ltr'><strong>apud</strong></span> <span class='ocrx_word' id='word_1_268' title='bbox 1326 2705 1580 2764; x_wconf 86' lang='lat' dir='ltr'><strong>Persium</strong></span> <span class='ocrx_word' id='word_1_269' title='bbox 1610 2702 1944 2782; x_wconf 79' lang='lat' dir='ltr'><strong>explicanda</strong></span> <span class='ocrx_word' id='word_1_270' title='bbox 1965 2715 2111 2764; x_wconf 81' lang='lat' dir='ltr'><strong>suut.</strong></span> <span class='ocrx_word' id='word_1_271' title='bbox 2157 2706 2242 2765; x_wconf 90' lang='lat' dir='ltr'><strong>De</strong></span> 
     </span>
     <span class='ocr_line' id='line_1_28' title="bbox 213 2788 2240 2869; baseline 0.003 -21"><span class='ocrx_word' id='word_1_272' title='bbox 213 2790 364 2848; x_wconf 77' lang='lat' dir='ltr'><strong>molli</strong></span> <span class='ocrx_word' id='word_1_273' title='bbox 393 2802 454 2848; x_wconf 91' lang='lat' dir='ltr'><strong>et</strong></span> <span class='ocrx_word' id='word_1_274' title='bbox 499 2792 681 2849; x_wconf 84' lang='lat' dir='ltr'><strong>otiosa</strong></span> <span class='ocrx_word' id='word_1_275' title='bbox 708 2792 1088 2869; x_wconf 87' lang='lat' dir='ltr'><strong>apricatione,</strong></span> <span class='ocrx_word' id='word_1_276' title='bbox 1140 2792 1282 2861; x_wconf 83' lang='lat' dir='ltr'><strong>sive,</strong></span> <span class='ocrx_word' id='word_1_277' title='bbox 1310 2802 1370 2849; x_wconf 90' lang='lat' dir='ltr'><strong>ut</strong></span> <span class='ocrx_word' id='word_1_278' title='bbox 1407 2789 1630 2849; x_wconf 87' lang='lat' dir='ltr'><strong>Seneca</strong></span> <span class='ocrx_word' id='word_1_279' title='bbox 1684 2788 1778 2863; x_wconf 91' lang='lat' dir='ltr'><strong>(de</strong></span> <span class='ocrx_word' id='word_1_280' title='bbox 1809 2790 1967 2848; x_wconf 82' lang='lat' dir='ltr'><strong>brev.</strong></span> <span class='ocrx_word' id='word_1_281' title='bbox 2002 2791 2101 2848; x_wconf 78' lang='lat' dir='ltr'><strong>vit.</strong></span> <span class='ocrx_word' id='word_1_282' title='bbox 2138 2794 2240 2862; x_wconf 92' lang='grc'><strong>13)</strong></span> 
     </span>
     <span class='ocr_line' id='line_1_29' title="bbox 213 2873 2242 2955; baseline 0 -23"><span class='ocrx_word' id='word_1_283' title='bbox 213 2878 311 2944; x_wconf 79' lang='lat' dir='ltr'><strong>ait,</strong></span> <span class='ocrx_word' id='word_1_284' title='bbox 340 2875 695 2954; x_wconf 83' lang='lat' dir='ltr'><strong>excoquendi</strong></span> <span class='ocrx_word' id='word_1_285' title='bbox 723 2878 777 2934; x_wconf 92' lang='lat' dir='ltr'><strong>in</strong></span> <span class='ocrx_word' id='word_1_286' title='bbox 811 2877 933 2935; x_wconf 90' lang='lat' dir='ltr'><strong>sole</strong></span> <span class='ocrx_word' id='word_1_287' title='bbox 960 2878 1214 2953; x_wconf 88' lang='lat' dir='ltr'><strong>corporis</strong></span> <span class='ocrx_word' id='word_1_288' title='bbox 1247 2895 1382 2934; x_wconf 87' lang='lat' dir='ltr'><strong>cura</strong></span> <span class='ocrx_word' id='word_1_289' title='bbox 1401 2918 1419 2945; x_wconf 95' lang='lat'><strong>,</strong></span> <span class='ocrx_word' id='word_1_290' title='bbox 1447 2896 1502 2934; x_wconf 85' lang='lat' dir='ltr'><strong>v.</strong></span> <span class='ocrx_word' id='word_1_291' title='bbox 1534 2873 1605 2933; x_wconf 83' lang='lat' dir='ltr'><strong>ad</strong></span> <span class='ocrx_word' id='word_1_292' title='bbox 1633 2896 1686 2934; x_wconf 87' lang='lat' dir='ltr'><strong>v.</strong></span> <span class='ocrx_word' id='word_1_293' title='bbox 1724 2879 1823 2946; x_wconf 89' lang='grc'><strong>18,</strong></span> <span class='ocrx_word' id='word_1_294' title='bbox 1853 2873 1998 2955; x_wconf 89' lang='lat' dir='ltr'><strong>quod</strong></span> <span class='ocrx_word' id='word_1_295' title='bbox 2021 2877 2080 2934; x_wconf 75' lang='lat' dir='ltr'><strong>in</strong></span> <span class='ocrx_word' id='word_1_296' title='bbox 2110 2887 2242 2935; x_wconf 78' lang='lat' dir='ltr'><strong>oute</strong></span> 
     </span>
     <span class='ocr_line' id='line_1_30' title="bbox 209 2960 2242 3039; baseline -0 -20"><span class='ocrx_word' id='word_1_297' title='bbox 209 2962 389 3019; x_wconf 80' lang='lat' dir='ltr'><strong>solem</strong></span> <span class='ocrx_word' id='word_1_298' title='bbox 401 2962 609 3038; x_wconf 78' lang='lat' dir='ltr'><strong>figere</strong></span> <span class='ocrx_word' id='word_1_299' title='bbox 633 2960 768 3019; x_wconf 85' lang='lat' dir='ltr'><strong>dicit</strong></span> <span class='ocrx_word' id='word_1_300' title='bbox 792 2961 1043 3020; x_wconf 86' lang='lat' dir='ltr'><strong>Persius.</strong></span> <span class='ocrx_word' id='word_1_301' title='bbox 1075 2964 1190 3020; x_wconf 80' lang='lat' dir='ltr'><strong>Est</strong></span> <span class='ocrx_word' id='word_1_302' title='bbox 1218 2981 1406 3039; x_wconf 84' lang='lat' dir='ltr'><strong>prope</strong></span> <span class='ocrx_word' id='word_1_303' title='bbox 1440 2970 1495 3019; x_wconf 86' lang='lat' dir='ltr'><strong>te</strong></span> <span class='ocrx_word' id='word_1_304' title='bbox 1524 2962 1762 3038; x_wconf 74' lang='lat' dir='ltr'><strong>ignotus</strong></span> <span class='ocrx_word' id='word_1_305' title='bbox 1781 3005 1803 3032; x_wconf 90' lang='lat'><strong>,</strong></span> <span class='ocrx_word' id='word_1_306' title='bbox 1845 2961 2002 3019; x_wconf 85' lang='lat' dir='ltr'><strong>cuius</strong></span> <span class='ocrx_word' id='word_1_307' title='bbox 2035 2972 2091 3019; x_wconf 88' lang='lat' dir='ltr'><strong>tu</strong></span> <span class='ocrx_word' id='word_1_308' title='bbox 2120 2962 2242 3019; x_wconf 92' lang='lat' dir='ltr'><strong>nul-</strong></span> 
     </span>
     <span class='ocr_line' id='line_1_31' title="bbox 209 3044 2243 3125; baseline -0 -21"><span class='ocrx_word' id='word_1_309' title='bbox 209 3045 319 3104; x_wconf 83' lang='lat' dir='ltr'><strong>lam</strong></span> <span class='ocrx_word' id='word_1_310' title='bbox 354 3067 547 3105; x_wconf 83' lang='lat' dir='ltr'><strong>curam</strong></span> <span class='ocrx_word' id='word_1_311' title='bbox 578 3046 858 3118; x_wconf 83' lang='lat' dir='ltr'><strong>habuisti,</strong></span> <span class='ocrx_word' id='word_1_312' title='bbox 904 3047 1099 3105; x_wconf 79' lang='lat' dir='ltr'><strong>cubito</strong></span> <span class='ocrx_word' id='word_1_313' title='bbox 1143 3050 1249 3125; x_wconf 77' lang='lat' dir='ltr'><strong>qui</strong></span> <span class='ocrx_word' id='word_1_314' title='bbox 1271 3055 1509 3122; x_wconf 78' lang='lat' dir='ltr'><strong>tangat,</strong></span> <span class='ocrx_word' id='word_1_315' title='bbox 1555 3065 1629 3104; x_wconf 83' lang='lat' dir='ltr'><strong>ex</strong></span> <span class='ocrx_word' id='word_1_316' title='bbox 1661 3065 1765 3104; x_wconf 90' lang='lat' dir='ltr'><strong>usu</strong></span> <span class='ocrx_word' id='word_1_317' title='bbox 1797 3046 2035 3122; x_wconf 82' lang='lat' dir='ltr'><strong>vulgari,</strong></span> <span class='ocrx_word' id='word_1_318' title='bbox 2056 3058 2117 3103; x_wconf 88' lang='lat' dir='ltr'><strong>ut</strong></span> <span class='ocrx_word' id='word_1_319' title='bbox 2143 3044 2243 3104; x_wconf 84' lang='lat' dir='ltr'><strong>ad-</strong></span> 
     </span>
     <span class='ocr_line' id='line_1_32' title="bbox 208 3131 2241 3209; baseline 0 -19"><span class='ocrx_word' id='word_1_320' title='bbox 208 3143 459 3201; x_wconf 85' lang='lat' dir='ltr'><strong>moneat,</strong></span> <span class='ocrx_word' id='word_1_321' title='bbox 490 3133 568 3191; x_wconf 81' lang='lat' dir='ltr'><strong>cf.</strong></span> <span class='ocrx_word' id='word_1_322' title='bbox 598 3131 734 3192; x_wconf 86' lang='lat' dir='ltr'><strong>Hor.</strong></span> <span class='ocrx_word' id='word_1_323' title='bbox 766 3143 874 3190; x_wconf 85' lang='lat' dir='ltr'><strong>sat.</strong></span> <span class='ocrx_word' id='word_1_324' title='bbox 918 3131 986 3199; x_wconf 92' lang='lat' dir='ltr'><strong>II,</strong></span> <span class='ocrx_word' id='word_1_325' title='bbox 1014 3136 1071 3202; x_wconf 92' lang='lat'><strong>5,</strong></span> <span class='ocrx_word' id='word_1_326' title='bbox 1099 3135 1215 3193; x_wconf 75' lang='lat'><strong>42:</strong></span> <span class='ocrx_word' id='word_1_327' title='bbox 1282 3132 1502 3209; x_wconf 83' lang='lat' dir='ltr'><strong>Aliquis</strong></span> <span class='ocrx_word' id='word_1_328' title='bbox 1545 3132 1733 3189; x_wconf 86' lang='lat' dir='ltr'><strong>cubito</strong></span> <span class='ocrx_word' id='word_1_329' title='bbox 1783 3141 2020 3189; x_wconf 81' lang='lat' dir='ltr'><strong>stantem</strong></span> <span class='ocrx_word' id='word_1_330' title='bbox 2063 3151 2241 3209; x_wconf 86' lang='lat' dir='ltr'><strong>prope</strong></span> 
     </span>
     <span class='ocr_line' id='line_1_33' title="bbox 205 3211 2241 3296; baseline 0 -21"><span class='ocrx_word' id='word_1_331' title='bbox 205 3227 453 3295; x_wconf 78' lang='lat' dir='ltr'><strong>tangens</strong></span> <span class='ocrx_word' id='word_1_332' title='bbox 484 3216 734 3296; x_wconf 80' lang='lat' dir='ltr'><strong>Inquiet;</strong></span> <span class='ocrx_word' id='word_1_333' title='bbox 781 3215 1018 3276; x_wconf 85' lang='lat' dir='ltr'><strong>Graecis</strong></span> <span class='ocrx_word' id='word_1_334' title='bbox 1043 3212 1284 3275; x_wconf 76' lang='grc' dir='ltr'><strong><em>νύσσειν</em></strong></span> <span class='ocrx_word' id='word_1_335' title='bbox 1307 3217 1394 3293; x_wconf 80' lang='grc' dir='ltr'><strong>τῷ</strong></span> <span class='ocrx_word' id='word_1_336' title='bbox 1417 3211 1664 3293; x_wconf 74' lang='grc' dir='ltr'><strong>ἀγκῶνι,</strong></span> <span class='ocrx_word' id='word_1_337' title='bbox 1695 3215 1855 3275; x_wconf 84' lang='grc' dir='ltr'><strong>Ηοω.</strong></span> <span class='ocrx_word' id='word_1_338' title='bbox 1876 3214 1983 3276; x_wconf 87' lang='lat' dir='ltr'><strong>Od.</strong></span> <span class='ocrx_word' id='word_1_339' title='bbox 2007 3216 2063 3286; x_wconf 82' lang='grc' dir='ltr'>ξ,</span> <span class='ocrx_word' id='word_1_340' title='bbox 2097 3220 2241 3278; x_wconf 80' lang='grc'><strong>485.</strong></span> 
     </span>
     <span class='ocr_line' id='line_1_34' title="bbox 205 3300 2244 3378; baseline 0 -19"><span class='ocrx_word' id='word_1_341' title='bbox 205 3300 498 3361; x_wconf 81' lang='lat' dir='ltr'><strong>Aristaeo.</strong></span> <span class='ocrx_word' id='word_1_342' title='bbox 532 3302 574 3371; x_wconf 91' lang='grc' dir='ltr'><strong>Ι,</strong></span> <span class='ocrx_word' id='word_1_343' title='bbox 621 3306 720 3372; x_wconf 84' lang='grc'><strong>19,</strong></span> <span class='ocrx_word' id='word_1_344' title='bbox 749 3307 832 3365; x_wconf 87' lang='grc'><strong>27</strong></span> <span class='ocrx_word' id='word_1_345' title='bbox 877 3302 950 3360; x_wconf 91' lang='lat' dir='ltr'><strong>ib.</strong></span> <span class='ocrx_word' id='word_1_346' title='bbox 984 3300 1169 3361; x_wconf 87' lang='lat' dir='ltr'><strong>Boiss.</strong></span> <span class='ocrx_word' id='word_1_347' title='bbox 1216 3322 1273 3378; x_wconf 91' lang='lat' dir='ltr'><strong>p.</strong></span> <span class='ocrx_word' id='word_1_348' title='bbox 1329 3305 1473 3362; x_wconf 89' lang='lat'><strong>515.</strong></span> <span class='ocrx_word' id='word_1_349' title='bbox 1547 3302 1851 3377; x_wconf 78' lang='lat' dir='ltr'><strong>Despuat,</strong></span> <span class='ocrx_word' id='word_1_350' title='bbox 1891 3301 2244 3362; x_wconf 84' lang='lat' dir='ltr'><strong>abominetur</strong></span> 
     </span>
     <span class='ocr_line' id='line_1_35' title="bbox 208 3384 2238 3461; baseline 0 -15"><span class='ocrx_word' id='word_1_351' title='bbox 208 3387 312 3459; x_wconf 79' lang='lat' dir='ltr'><strong>(ef.</strong></span> <span class='ocrx_word' id='word_1_352' title='bbox 337 3386 409 3445; x_wconf 78' lang='lat' dir='ltr'><strong>ad</strong></span> <span class='ocrx_word' id='word_1_353' title='bbox 442 3388 510 3457; x_wconf 88' lang='grc' dir='ltr'><strong>ΙΙ,</strong></span> <span class='ocrx_word' id='word_1_354' title='bbox 548 3390 652 3455; x_wconf 84' lang='grc'><strong>33)</strong></span> <span class='ocrx_word' id='word_1_355' title='bbox 700 3407 841 3446; x_wconf 82' lang='lat' dir='ltr'><strong>acre</strong></span> <span class='ocrx_word' id='word_1_356' title='bbox 884 3385 979 3461; x_wconf 89' lang='lat' dir='ltr'><strong>(ad</strong></span> <span class='ocrx_word' id='word_1_357' title='bbox 1028 3386 1076 3457; x_wconf 90' lang='grc' dir='ltr'><strong>Ι,</strong></span> <span class='ocrx_word' id='word_1_358' title='bbox 1116 3390 1222 3455; x_wconf 87' lang='grc'><strong>90)</strong></span> <span class='ocrx_word' id='word_1_359' title='bbox 1267 3384 1712 3461; x_wconf 85' lang='lat' dir='ltr'><strong>indignabundus</strong></span> <span class='ocrx_word' id='word_1_360' title='bbox 1757 3388 1816 3446; x_wconf 74' lang='lat' dir='ltr'><strong>in</strong></span> <span class='ocrx_word' id='word_1_361' title='bbox 1859 3406 2050 3446; x_wconf 80' lang='lat' dir='ltr'><strong>mores</strong></span> <span class='ocrx_word' id='word_1_362' title='bbox 2093 3398 2238 3457; x_wconf 87' lang='lat' dir='ltr'><strong>tuos,</strong></span> 
     </span>
     <span class='ocr_line' id='line_1_36' title="bbox 207 3470 2243 3552; baseline 0 -21"><span class='ocrx_word' id='word_1_363' title='bbox 207 3474 301 3551; x_wconf 88' lang='lat' dir='ltr'><strong>qui</strong></span> <span class='ocrx_word' id='word_1_364' title='bbox 336 3491 580 3542; x_wconf 77' lang='lat' dir='ltr'><strong>runcas,</strong></span> <span class='ocrx_word' id='word_1_365' title='bbox 612 3470 849 3550; x_wconf 86' lang='lat' dir='ltr'><strong>depilas,</strong></span> <span class='ocrx_word' id='word_1_366' title='bbox 869 3470 1016 3552; x_wconf 89' lang='lat' dir='ltr'><strong>quod</strong></span> <span class='ocrx_word' id='word_1_367' title='bbox 1046 3472 1278 3530; x_wconf 82' lang='lat' dir='ltr'><strong>verbum</strong></span> <span class='ocrx_word' id='word_1_368' title='bbox 1305 3471 1682 3548; x_wconf 81' lang='lat' dir='ltr'><strong>agricolarum</strong></span> <span class='ocrx_word' id='word_1_369' title='bbox 1710 3482 1819 3541; x_wconf 83' lang='lat' dir='ltr'><strong>est,</strong></span> <span class='ocrx_word' id='word_1_370' title='bbox 1848 3474 1939 3550; x_wconf 88' lang='lat' dir='ltr'><strong>qui</strong></span> <span class='ocrx_word' id='word_1_371' title='bbox 1960 3474 2147 3551; x_wconf 83' lang='lat' dir='ltr'><strong>spinas</strong></span> <span class='ocrx_word' id='word_1_372' title='bbox 2182 3484 2243 3534; x_wconf 89' lang='lat' dir='ltr'><strong>et</strong></span> 
     </span>
     <span class='ocr_line' id='line_1_37' title="bbox 205 3555 2237 3629; baseline 0 -13"><span class='ocrx_word' id='word_1_373' title='bbox 205 3557 414 3617; x_wconf 90' lang='lat' dir='ltr'><strong>herbas</strong></span> <span class='ocrx_word' id='word_1_374' title='bbox 461 3558 706 3617; x_wconf 76' lang='lat' dir='ltr'><strong>evellunt</strong></span> <span class='ocrx_word' id='word_1_375' title='bbox 753 3558 858 3629; x_wconf 85' lang='lat' dir='ltr'><strong>(cf.</strong></span> <span class='ocrx_word' id='word_1_376' title='bbox 896 3558 1019 3615; x_wconf 87' lang='lat' dir='ltr'><strong>Cat.</strong></span> <span class='ocrx_word' id='word_1_377' title='bbox 1059 3576 1110 3614; x_wconf 95' lang='lat' dir='ltr'><strong>r.</strong></span> <span class='ocrx_word' id='word_1_378' title='bbox 1157 3576 1205 3614; x_wconf 93' lang='lat' dir='ltr'><strong>r.</strong></span> <span class='ocrx_word' id='word_1_379' title='bbox 1234 3561 1296 3627; x_wconf 85' lang='grc'><strong>2,</strong></span> <span class='ocrx_word' id='word_1_380' title='bbox 1339 3561 1401 3618; x_wconf 76' lang='lat'><strong>4.</strong></span> <span class='ocrx_word' id='word_1_381' title='bbox 1432 3555 1602 3615; x_wconf 87' lang='lat' dir='ltr'><strong>Varr.</strong></span> <span class='ocrx_word' id='word_1_382' title='bbox 1633 3576 1686 3616; x_wconf 91' lang='lat' dir='ltr'><strong>r.</strong></span> <span class='ocrx_word' id='word_1_383' title='bbox 1719 3575 1769 3614; x_wconf 92' lang='lat' dir='ltr'><strong>r.</strong></span> <span class='ocrx_word' id='word_1_384' title='bbox 1804 3556 1846 3626; x_wconf 89' lang='grc' dir='ltr'><strong>Ι,</strong></span> <span class='ocrx_word' id='word_1_385' title='bbox 1890 3560 1993 3619; x_wconf 91' lang='grc'><strong>30.</strong></span> <span class='ocrx_word' id='word_1_386' title='bbox 2027 3556 2237 3617; x_wconf 87' lang='lat' dir='ltr'><strong>Colum.</strong></span> 
     </span>
     <span class='ocr_line' id='line_1_38' title="bbox 205 3641 2241 3721; baseline -0.001 -17"><span class='ocrx_word' id='word_1_387' title='bbox 205 3642 275 3712; x_wconf 84' lang='grc' dir='ltr'><strong>ΙΙ,</strong></span> <span class='ocrx_word' id='word_1_388' title='bbox 316 3648 444 3715; x_wconf 85' lang='lat'><strong>11),</strong></span> <span class='ocrx_word' id='word_1_389' title='bbox 465 3661 789 3721; x_wconf 78' lang='lat' dir='ltr'><strong>penemque</strong></span> <span class='ocrx_word' id='word_1_390' title='bbox 819 3660 1159 3721; x_wconf 81' lang='lat' dir='ltr'><strong>arcanaque</strong></span> <span class='ocrx_word' id='word_1_391' title='bbox 1190 3641 1394 3711; x_wconf 80' lang='lat' dir='ltr'><strong>lumbi,</strong></span> <span class='ocrx_word' id='word_1_392' title='bbox 1428 3642 1507 3700; x_wconf 85' lang='lat' dir='ltr'><strong>ita</strong></span> <span class='ocrx_word' id='word_1_393' title='bbox 1531 3652 1592 3700; x_wconf 91' lang='lat' dir='ltr'><strong>ut</strong></span> <span class='ocrx_word' id='word_1_394' title='bbox 1615 3642 1835 3719; x_wconf 85' lang='lat' dir='ltr'><strong>populo</strong></span> <span class='ocrx_word' id='word_1_395' title='bbox 1849 3644 2087 3719; x_wconf 79' lang='lat' dir='ltr'><strong>pandas</strong></span> <span class='ocrx_word' id='word_1_396' title='bbox 2115 3644 2241 3702; x_wconf 83' lang='lat' dir='ltr'><strong>vul-</strong></span> 
     </span>
     <span class='ocr_line' id='line_1_39' title="bbox 206 3726 2241 3829; baseline 0 -43"><span class='ocrx_word' id='word_1_397' title='bbox 206 3747 335 3798; x_wconf 78' lang='lat' dir='ltr'><strong>vas,</strong></span> <span class='ocrx_word' id='word_1_398' title='bbox 370 3749 489 3829; x_wconf 66' lang='lat' dir='ltr'><strong>quo</strong></span> <span class='ocrx_word' id='word_1_399' title='bbox 514 3749 568 3787; x_wconf 80' lang='lat' dir='ltr'><strong>v.</strong></span> <span class='ocrx_word' id='word_1_400' title='bbox 615 3726 888 3787; x_wconf 85' lang='lat' dir='ltr'><strong>audacter</strong></span> <span class='ocrx_word' id='word_1_401' title='bbox 925 3726 994 3787; x_wconf 92' lang='lat' dir='ltr'><strong>de</strong></span> <span class='ocrx_word' id='word_1_402' title='bbox 1040 3726 1168 3786; x_wconf 89' lang='lat' dir='ltr'><strong>culo</strong></span> <span class='ocrx_word' id='word_1_403' title='bbox 1216 3727 1427 3805; x_wconf 88' lang='lat' dir='ltr'><strong>pathici</strong></span> <span class='ocrx_word' id='word_1_404' title='bbox 1476 3727 1683 3796; x_wconf 86' lang='lat' dir='ltr'><strong>utitur,</strong></span> <span class='ocrx_word' id='word_1_405' title='bbox 1719 3737 2066 3798; x_wconf 81' lang='lat' dir='ltr'><strong>marcentes,</strong></span> <span class='ocrx_word' id='word_1_406' title='bbox 2110 3732 2241 3808; x_wconf 87' lang='lat' dir='ltr'><strong>quia</strong></span> 
     </span>
     <span class='ocr_line' id='line_1_40' title="bbox 204 3809 2237 3910; baseline 0.001 -37"><span class='ocrx_word' id='word_1_407' title='bbox 204 3811 390 3873; x_wconf 81' lang='lat' dir='ltr'><strong>calida</strong></span> <span class='ocrx_word' id='word_1_408' title='bbox 434 3816 563 3892; x_wconf 91' lang='lat' dir='ltr'><strong>pice</strong></span> <span class='ocrx_word' id='word_1_409' title='bbox 614 3813 1020 3887; x_wconf 84' lang='lat' dir='ltr'><strong>tractabantur.</strong></span> <span class='ocrx_word' id='word_1_410' title='bbox 1091 3811 1184 3871; x_wconf 82' lang='lat' dir='ltr'><strong>cf.</strong></span> <span class='ocrx_word' id='word_1_411' title='bbox 1237 3811 1413 3871; x_wconf 91' lang='lat' dir='ltr'><strong>Clem.</strong></span> <span class='ocrx_word' id='word_1_412' title='bbox 1450 3811 1620 3871; x_wconf 82' lang='lat' dir='ltr'><strong>Alex.</strong></span> <span class='ocrx_word' id='word_1_413' title='bbox 1653 3809 1818 3910; x_wconf 89' lang='lat' dir='ltr'><strong>paed.</strong></span> <span class='ocrx_word' id='word_1_414' title='bbox 1858 3810 1956 3883; x_wconf 89' lang='grc' dir='ltr'>ΙΙΙ,</span> <span class='ocrx_word' id='word_1_415' title='bbox 1996 3817 2034 3875; x_wconf 84' lang='grc'><strong>3</strong></span> <span class='ocrx_word' id='word_1_416' title='bbox 2066 3832 2124 3888; x_wconf 80' lang='grc' dir='ltr'><strong>Ρ.</strong></span> <span class='ocrx_word' id='word_1_417' title='bbox 2155 3819 2237 3877; x_wconf 87' lang='grc'><strong>96</strong></span> 
     </span>
     <span class='ocr_line' id='line_1_41' title="bbox 202 3889 2241 4002; baseline 0 -44"><span class='ocrx_word' id='word_1_418' title='bbox 202 3898 404 3976; x_wconf 86' lang='lat' dir='ltr'><strong>Sylb.·</strong></span> <span class='ocrx_word' id='word_1_419' title='bbox 442 3894 532 3958; x_wconf 88' lang='grc' dir='ltr'>Τό</span> <span class='ocrx_word' id='word_1_420' title='bbox 550 3894 617 3956; x_wconf 69' lang='grc' dir='ltr'><strong>δὲ</strong></span> <span class='ocrx_word' id='word_1_421' title='bbox 635 3918 737 3995; x_wconf 69' lang='lat' dir='ltr'><strong>unu²</strong></span> <span class='ocrx_word' id='word_1_422' title='bbox 722 3896 1151 3956; x_wconf 77' lang='grc' dir='ltr'><strong><em>πιττοῦσθαι·</em></strong></span> <span class='ocrx_word' id='word_1_423' title='bbox 1175 3891 1335 3957; x_wconf 79' lang='grc' dir='ltr'>ὀκνῶ</span> <span class='ocrx_word' id='word_1_424' title='bbox 1356 3894 1461 3955; x_wconf 69' lang='grc' dir='ltr'><strong>καὶ</strong></span> <span class='ocrx_word' id='word_1_425' title='bbox 1483 3893 1673 3974; x_wconf 73' lang='grc' dir='ltr'><em>λέγειν</em></span> <span class='ocrx_word' id='word_1_426' title='bbox 1699 3890 1958 4002; x_wconf 74' lang='grc' dir='ltr'><strong><em>τὴνπερι</em></strong></span> <span class='ocrx_word' id='word_1_427' title='bbox 1982 3889 2241 3977; x_wconf 73' lang='grc' dir='ltr'><em>τοῦργον</em></span> 
     </span>
     <span class='ocr_line' id='line_1_42' title="bbox 208 3976 2240 4085; baseline 0 -43"><span class='ocrx_word' id='word_1_428' title='bbox 208 3979 663 4062; x_wconf 73' lang='grc' dir='ltr'><em>ἀσχημοσύνην·</em></span> <span class='ocrx_word' id='word_1_429' title='bbox 697 3977 1228 4085; x_wconf 54' lang='grc' dir='ltr'><strong>ἅπερ-εραμμενους</strong></span> <span class='ocrx_word' id='word_1_430' title='bbox 1255 3980 1360 4041; x_wconf 79' lang='grc' dir='ltr'><strong>καὶ</strong></span> <span class='ocrx_word' id='word_1_431' title='bbox 1386 3976 1726 4058; x_wconf 78' lang='grc' dir='ltr'><strong><em>κεκυφότας</em></strong></span> <span class='ocrx_word' id='word_1_432' title='bbox 1756 3979 1860 4039; x_wconf 78' lang='grc' dir='ltr'><strong>και</strong></span> <span class='ocrx_word' id='word_1_433' title='bbox 1881 3981 1984 4054; x_wconf 78' lang='grc' dir='ltr'><strong>τῆς</strong></span> <span class='ocrx_word' id='word_1_434' title='bbox 2000 3979 2240 4059; x_wconf 81' lang='grc' dir='ltr'><strong><em>φύσεως</em></strong></span> 
     </span>
     <span class='ocr_line' id='line_1_43' title="bbox 200 4060 2241 4148; baseline 0.001 -22"><span class='ocrx_word' id='word_1_435' title='bbox 200 4063 276 4128; x_wconf 76' lang='grc' dir='ltr'><strong>τὰ</strong></span> <span class='ocrx_word' id='word_1_436' title='bbox 318 4063 638 4148; x_wconf 81' lang='grc' dir='ltr'><strong><em>ἀπόρρητα</em></strong></span> <span class='ocrx_word' id='word_1_437' title='bbox 681 4063 743 4137; x_wconf 78' lang='grc' dir='ltr'><strong>ἐς</strong></span> <span class='ocrx_word' id='word_1_438' title='bbox 780 4060 849 4127; x_wconf 82' lang='grc' dir='ltr'><strong>τὸ</strong></span> <span class='ocrx_word' id='word_1_439' title='bbox 897 4065 1207 4143; x_wconf 74' lang='grc' dir='ltr'><strong>συμφανὲς</strong></span> <span class='ocrx_word' id='word_1_440' title='bbox 1233 4061 1743 4144; x_wconf 73' lang='grc' dir='ltr'>ἀπογυμνοῦπας,</span> <span class='ocrx_word' id='word_1_441' title='bbox 1777 4062 2241 4148; x_wconf 60' lang='grc' dir='ltr'><strong><em>ἐξορχουμώους</em></strong></span> 
     </span>
    </p>
   </div>
  </div>
 </body>
</html>
