2764 4738
728 444 994 509 senon.
1027 445 1132 506 An
1164 442 1335 508 sAr.
1365 445 1412 520 1,
1445 450 1737 512 54—58.
1958 412 1967 421 ’
2119 442 2244 511 261

512 617 646 677 Hoc
676 625 734 675 tc
774 635 880 675 nos
907 614 1150 695 fragili
1173 617 1511 678 donabimus
1540 627 1679 678 ante
1703 618 1915 677 cicuta.

205 701 283 762 Et
312 702 453 761 facit
482 701 864 782 apostrophen
896 699 967 760 ad
996 700 1223 762 divitem
1266 713 1523 783 poetam,
1576 714 1882 781 propterea
1910 699 2058 782 quod
2089 702 2250 762 favo-

205 805 329 848 rem
371 788 515 847 velit
555 790 762 848 iniuste
807 788 1124 867 acquirere.
1306 790 1529 847 Tritmn
1558 798 1742 849 autem
1777 789 2075 848 lacernam
2108 785 2252 847 dixit

208 882 499 945 voterem,
538 884 635 933 ant
672 883 834 933 certe
876 873 1125 933 tenuiter
1167 883 1400 935 textam.
1481 874 1892 934 *Lucerna
1936 873 2247 952 pallium

209 957 666 1018 fimbriatum
705 964 756 1030 ¹,
815 977 953 1038 qno
1011 958 1179 1019 olim
1239 960 1391 1019 soli
1434 960 1725 1019 milites
1767 959 2248 1030 velabanturg

200 1046 546 1123 paenula
587 1054 831 1103 autem
875 1053 995 1103 cst
1036 1044 1339 1122 pallium
1384 1063 1537 1104 cum
1584 1042 1885 1104 fimbris
1930 1044 2249 1123 longis-¹*

383 1133 487 1192 55.
518 1131 606 1189 Et
629 1148 829 1188 ver-um
859 1129 1052 1206 inquis
1080 1149 1244 1200 amo,
1277 1140 1338 1189 et
1367 1127 1509 1189 dicis
1538 1131 1703 1202 mihi,
1735 1141 1793 1189 te
1826 1127 2086 1209 cupidum
2115 1147 2250 1189 csse

210 1211 404 1274 indicii
433 1217 555 1275 veri
585 1212 658 1275 dc
689 1224 785 1273 tua
816 1215 1132 1293 scriptura,
1177 1226 1359 1275 utrum
1392 1215 1695 1295 scripseris
1725 1214 1873 1276 bene
1902 1235 1975 1274 an
2005 1214 2178 1276 male.

384 1303 489 1363 56.
540 1301 662 1376 Qui
703 1308 848 1379 pote
862 1303 912 1358 ?=
959 1297 1080 1359 Hoc
1138 1299 1307 1360 dicits
1374 1300 1462 1360 Tu
1506 1319 1700 1361 verum
1758 1320 1998 1361 examen
2057 1298 2130 1359 ab
2180 1299 2253 1359 iis

211 1380 417 1444 audire
460 1383 794 1455 desideras,
838 1382 1037 1464 quibus
1081 1406 1192 1444 non
1232 1384 1494 1446 habenda
1533 1395 1625 1447 cst
1664 1383 1842 1454 fides,
1892 1386 2151 1467 quoniam
2193 1396 2253 1444 te

212 1479 414 1550 putant
456 1480 682 1550 poetam
725 1488 860 1529 esse
893 1488 1068 1529 causa
1101 1476 1129 1510 ²
1165 1470 1360 1550 gulae.
1568 1472 1672 1531 Vis
1702 1473 1940 1531 dicam?
1979 1471 2253 1548 Nugart’s

213 1565 328 1615 etc.
373 1555 495 1615 Hoc
525 1553 696 1616 dicits
731 1553 1025 1628 Quomodo
1054 1566 1219 1635 potes
1249 1575 1444 1616 verum
1477 1576 1702 1629 amare,
1747 1576 1872 1617 cum
1902 1557 1984 1616 sis
2015 1557 2256 1635 nugige-

213 1641 419 1700 rulus?
488 1640 599 1701 Vel
642 1661 767 1701 cum
813 1650 908 1711 tu,
966 1660 1002 1699 o
1042 1642 1202 1702 calve
1246 1652 1510 1714 senator,
1567 1640 1909 1702 abundantia
1947 1640 2200 1701 ciborum
2229 1644 2259 1681 ⁸

215 1727 440 1806 pinguis
483 1728 565 1786 sis
611 1740 673 1788 et
712 1736 971 1786 ventrem
1016 1726 1229 1787 habeas
1286 1728 1436 1786 ultra
1489 1725 1885 1808 sesquipedem
1935 1738 2255 1797 extensum,

217 1809 498 1893 quomodo
539 1822 693 1871 tanta
737 1811 972 1871 obtusus
1015 1810 1394 1872 crassitudine
1435 1815 1622 1892 possis
1667 1809 1876 1893 aliquid
1929 1811 2134 1872 subtile
2161 1811 2257 1871 vel

215 1908 387 1957 tenue
436 1899 683 1978 sapere?
740 1897 982 1976 Operam
1025 1896 1327 1957 scribendo
1374 1896 1603 1977 perdis,
1648 1917 1771 1958 cum
1817 1900 2003 1958 ventri
2045 1907 2141 1958 tuo
2172 1897 2258 1957 in·

216 1981 489 2062 dulgas,
563 1992 627 2042 ut
682 1981 1021 2063 pinguedine
1081 1993 1327 2043 crescat.
1401 1982 1429 2015 *
1460 1983 1790 2044 Tractus
1847 2002 2111 2043 sensus
2169 2002 2258 2044 cx

218 2068 508 2130 Gracco
551 2088 811 2140 versu,
856 2087 998 2150 quo
1041 2070 1572 2148 significatur,
1616 2089 1707 2131 cx
1748 2080 2019 2129 ventre
2060 2088 2259 2129 cras-

217 2175 299 2215 so
354 2164 658 2215 tenuem
715 2173 1019 2214 sensum
1078 2175 1221 2213 non
1281 2155 1645 2216 nasci⁴.*
1856 2155 2258 2234 Aqualiculus

216 2242 448 2321 proprie
491 2251 697 2301 venter
739 2242 896 2319 porci
929 2251 1058 2311 est,
1108 2241 1197 2299 hic
1238 2239 1310 2301 ad
1352 2252 1611 2301 ventrem
1653 2240 1947 2300 translatio
1970 2244 2030 2318 ὃς
2079 2250 2141 2300 et
2167 2250 2262 2299 cst

217 2326 651 2412 hyperbolicos:
706 2345 902 2386 omnes
933 2336 1231 2386 senatores
1263 2328 1419 2387 stulti
1451 2337 1599 2388 sunt.
2120 2324 2123 2327 ’

394 2417 496 2475 58.
548 2414 596 2471 0
625 2414 770 2471 Iane
800 2430 837 2470 α
885 2423 1072 2490 tergo.
1145 2412 1312 2473 lanus
1343 2411 1549 2472 dicitnr
1576 2412 1795 2473 bifrons
1826 2430 1995 2483 esse,
2027 2412 2122 2492 qui
2152 2429 2259 2471 ncc

219 2500 434 2579 poterit
477 2495 761 2568 derideri,
805 2517 914 2557 nec
958 2500 1011 2558 ei
1058 2517 1093 2558 a
1135 2508 1299 2577 tergo
1341 2519 1518 2558 sanna
1558 2499 1721 2573 ficri3
1784 2516 1891 2577 per
1932 2516 2096 2578 quem
2142 2497 2264 2556 vult

218 2585 475 2666 quemvis
517 2585 829 2661 sapientem
878 2584 1135 2663 intellig-i.
1190 2585 1280 2644 Ac
1322 2603 1431 2664 per
1470 2583 1579 2642 hoc
1623 2584 1779 2643 solus
1823 2583 1990 2642 lanus
2035 2593 2128 2642 est
2167 2600 2262 2641 sa-

219 2673 421 2751 piens,
467 2671 561 2749 qui
603 2667 744 2728 duas
786 2668 958 2728 babet
1003 2669 1204 2729 facies.
1374 2670 1564 2728 Nulla
1607 2670 1869 2740 ciconia,
1904 2687 2067 2748 quam
2098 2685 2263 2727 manu

222 2756 472 2814 formare
519 2754 709 2814 solent
745 2751 1051 2825 irrisores,
1095 2756 1188 2834 qui
1235 2754 1448 2814 unitate
1480 2754 1719 2812 collatos
1751 2751 1959 2832 digitos
1989 2763 2163 2831 agunt
2190 2749 2265 2812 ad

220 2842 554 2900 inferiorem
613 2850 830 2919 partem
888 2839 1210 2899 inclinatam
1242 2843 1269 2881 ⁶
1326 2838 1686 2898 similitudine
1755 2838 2003 2898 ciconini
2069 2838 2264 2911 rostri,

221 2925 371 3008 quod
418 2945 543 2985 cum
588 2936 955 3004 praesentant
981 2934 1114 3004 post
1153 2935 1374 3003 tergum
1422 2926 1774 2995 motitantes‚
1817 2921 2079 2983 derident
2121 2942 2264 3003 quos

221 3012 437 3071 voluat.
494 3008 629 3070 Ideo
661 3030 890 3069 sannam
923 3010 1121 3082 Ianus,
1152 3011 1201 3069 si
1232 3031 1266 3069 a
1297 3020 1463 3088 tergo
1493 3011 1623 3082 liat,
1665 3008 1955 3090 intelligit,
1986 3006 2267 3089 quomodo

221 3098 500 3158 ciconiam
543 3097 715 3175 pinsit
754 3115 984 3167 manus,
1036 3106 1231 3175 utpote
1278 3097 1368 3155 cui
1399 3115 1564 3156 nemo
1594 3115 1700 3174 per
1728 3094 2042 3154 absentiam
2073 3090 2268 3162 detra-

222 3182 366 3243 here
407 3192 599 3261 potest
634 3185 676 3240 ⁷.
848 3182 1075 3254 Pin-51⁶1,
1150 3179 1290 3241 dixit
1329 3180 1559 3242 assidue
1602 3181 1909 3261 percussit.
1948 3175 2207 3248 VDictum'
2230 3197 2268 3239 a

227 3388 255 3441 t
280 3385 586 3451 fibularum
625 3385 763 3437 coni.
807 3384 1116 3435 Bnonarroti
1153 3399 1357 3436 osserv.
1401 3384 1552 3437 istor.
1596 3398 1748 3453 sopra
1776 3383 1875 3434 alc.
1904 3382 2126 3448 medagl.
2154 3389 2266 3435 ant.

225 3527 263 3580 2
297 3455 596 3574 gigig-um
617 3522 783 3588 gulae
805 3521 890 3573 cd.
918 3537 997 3588 pr.

228 3595 264 3646 ³
300 3593 530 3643 liborum
556 3589 675 3642 Vin.
715 3592 977 3642 librorum
1001 3590 1083 3642 cd.
1115 3589 1235 3642 Par.

227 3663 265 3714 4
301 3659 552 3712 Graccum
589 3676 669 3710 va.
709 3659 922 3725 Παχεῖα
951 3656 1152 3728 γαστὴρ
1178 3653 1378 3709 λεπτὸν
1409 3654 1472 3709 οὗ
1502 3658 1669 3710 τίκτει
1696 3655 1828 3710 νόον
1851 3659 2021 3709 adscr.
2060 3655 2200 3708 Pith.

232 3732 265 3782 5
301 3727 440 3781 ldem
488 3729 616 3780 dicit
665 3727 788 3791 lsid.
837 3729 1001 3793 origg.
1041 3726 1137 3792 xl,
1181 3728 1230 3791 1,
1280 3727 1367 3777 nbi
1404 3728 1548 3779 hinc.
1588 3727 1801 3795 Papiasz
1851 3725 2270 3793 „Aqualiculem

201 3869 209 3875 ·
298 3797 664 3895 ventriculus}
701 3798 793 3849 scd
827 3797 1033 3865 proprie
1068 3812 1361 3863 porcorum,
1403 3796 1689 3864 pinguendo
1712 3796 1775 3865 (1.
1798 3795 2092 3863 pinguedo)
2116 3809 2274 3862 anper

230 3936 265 3988 ὁ
298 3866 770 4019 altmaniam.
820 3933 1044 3986 collatis
1076 3933 1275 4000 digitis
1309 3936 1398 3985 ait
1425 3932 1500 3985 cd
1532 3934 1849 4002 wer-iorem
1872 3937 2095 4001 partem
2116 3932 2272 3984 incli-

235 4073 268 4126 ’1
301 4010 454 4123 ἳῖὴι,
477 4004 562 4123 eg..
590 4019 670 4124 U
699 4086 730 4122 a
762 4039 947 4123 'Vonck
981 4072 1033 4123 in
1069 4078 1197 4122 actt.
1236 4071 1385 4122 acnd.
1425 4069 1912 4123 Theodoro-Palat.
1940 4069 1961 4122 1
1986 4087 2036 4137 p.
2066 4069 2158 4122 1⁷¹
2200 4070 2276 4120 itu

307 4142 613 4194 constituit:
655 4141 824 4210 Quom
845 4142 1107 4210 somaro
1143 4140 1318 4194 soleat
1344 4143 1605 4195 irrisum
1623 4178 1641 4204 ‚
1678 4142 1778 4208 qm·
1797 4143 1856 4192 in
1880 4143 2145 4192 unitatem
2169 4139 2275 4191 col·
