2764 4738
840 436 845 439 ·
886 411 1612 479 PROLEGOMENA.
2077 437 2273 483 cxxix

210 585 351 647 stiae
405 601 679 668 empore
733 584 900 647 vitae
918 627 942 659 ,
1001 602 1157 648 cava
1220 582 1334 647 sub
1406 585 1686 670 imagine
1745 584 2036 670 formae,
2106 585 2273 651 miris

213 685 532 751 erroribus
575 684 1012 771 indulgebant,
1070 696 1136 751 et
1177 686 1298 752 nisi
1342 686 1539 751 sicubi
1595 685 1836 771 antiquo
1897 690 2152 771 quodam
2208 699 2274 754 et

210 788 462 853 sincero
510 788 686 851 fonte
732 788 819 850 uti
862 788 939 852 iis
996 787 1256 868 licebat,
1320 788 1430 853 vix
1488 787 1801 873 quicquam
1857 789 2156 854 subtiliter
2210 799 2273 854 et

211 890 394 954 docte
423 900 731 953 annotare
761 888 1086 954 habebant.
1145 890 1447 976 Exemplo
1479 909 1618 955 esse
1648 899 1851 975 potest
1878 889 2138 976 Lupus
2167 891 2270 955 ille

211 987 679 1070 Fen-ariensis,
728 990 936 1057 Herici
966 991 1292 1075 magister,
1341 992 1418 1058 de
1463 992 1634 1057 cuius
1663 992 2040 1076 antiquitatis
2071 992 2271 1057 studio

211 1104 277 1158 et
321 1093 602 1157 doctrina
647 1103 954 1158 testantur
980 1095 1271 1179 epistolae
1301 1095 1435 1159 eius
1457 1138 1474 1170 ,
1524 1094 1725 1159 editae
1758 1114 1795 1158 a
1823 1092 2071 1179 Papirio
2101 1092 2273 1160 Mas-

211 1214 369 1258 sono
399 1191 641 1278 (Paris.
681 1193 870 1260 1588.
903 1193 994 1276 8).
1060 1194 1178 1261 Hic
1224 1217 1358 1261 cum
1390 1217 1459 1261 se
1491 1196 1916 1280 grammatica,
1962 1196 2273 1261 rhetorica

216 1298 565 1379 ceterisque
595 1296 945 1362 liberalibus
976 1296 1305 1382 disciplinis
1336 1298 1656 1363 formatum
1689 1301 2002 1384 professus
2032 1298 2150 1377 sit,
2194 1297 2269 1364 ab

213 1396 535 1463 Einhardo
565 1399 1036 1484 explicationem
1065 1399 1215 1483 petit
1244 1398 1318 1463 de
1349 1399 1426 1464 iis
1446 1445 1464 1476 ,
1500 1419 1651 1482 quae
1681 1400 1745 1464 in
1774 1401 1902 1465 vita
1933 1399 2139 1466 Caroli
2171 1399 2266 1464 Μ.

215 1503 348 1586 (ep.
382 1496 415 1563 1
444 1503 491 1565 f.
522 1499 650 1583 21»)
671 1550 691 1582 ,
725 1513 788 1565 et
817 1502 881 1565 in
910 1498 1154 1566 Boethii
1185 1500 1566 1566 arithmetica
1609 1509 1737 1588 (ep.
1785 1499 1846 1567 V
1888 1504 1933 1567 s.
1971 1502 2106 1569 131»
2137 1506 2267 1587 sq.)

213 1603 480 1668 obseura
517 1613 899 1668 manserant.
974 1602 1200 1669 Postea
1253 1604 1386 1688 ipse
1429 1603 1582 1669 alios
1629 1604 1703 1669 de
1762 1605 1945 1671 rebus
1991 1627 2146 1689 quae
2191 1606 2266 1671 ad

213 1706 634 1790 antiquitatem
666 1706 975 1790 pertinent
1002 1717 1371 1790 quaerentes
1415 1705 1669 1781 edocet,
1716 1707 1931 1791 partim
1972 1729 2267 1791 gramma-

212 1808 385 1886 ticis,
444 1819 514 1872 ut
554 1807 620 1871 in
670 1806 769 1893 ep.
816 1804 974 1872 VIII
1010 1809 1086 1873 ad
1128 1808 1584 1892 Adalgardum,
1647 1817 1712 1872 et
1756 1808 1819 1872 in
1871 1827 2006 1895 epp.
2039 1807 2174 1874 XX
2203 1821 2267 1875 et

210 1906 513 1975 XXXIV
545 1909 970 1983 adAltuinum
1004 1910 1194 1986 datis,
1245 1910 1342 1974 ubi
1364 1954 1382 1985 ,
1417 1906 1717 1974 Prisciani
1747 1921 1811 1974 et
1843 1907 2047 1976 Servii
2078 1911 2266 1995 potis-

209 2012 431 2077 simum
474 2012 839 2077 auctoritate
896 2021 961 2076 et
1001 2023 1313 2096 poetarum
1355 2011 1765 2094 quorundam,
1809 2013 2075 2078 maxime
2120 2008 2266 2077 Vir-

210 2116 365 2200 gilii,
400 2115 701 2200 exemplis
732 2134 901 2193 usus,
937 2113 1012 2178 de
1040 2125 1213 2179 recta
1243 2113 1568 2179 verborum
1600 2115 1970 2197 quorundam
2001 2134 2265 2199 pronun·

214 2217 514 2298 tiatione,
560 2214 866 2302 prosodia,
900 2214 1357 2301 orthographia,
1391 2215 1826 2298 significatione
1858 2218 1995 2282 sim.
2027 2217 2113 2281 ita
2145 2215 2267 2280 dis-

211 2321 409 2399 serit,
456 2329 525 2385 ut
568 2328 893 2405 appareat,
942 2316 1039 2401 qui
1085 2328 1279 2384 status
1324 2329 1471 2383 tunc
1515 2318 1850 2384 litterarum
1880 2319 2263 2404 antiquarum

209 2424 438 2500 fuerit,
494 2443 671 2507 quam
713 2421 950 2484 incerta
995 2431 1060 2485 et
1115 2424 1369 2486 confusa
1432 2420 1612 2486 etiam
1667 2423 2008 2508 vulgarium
2057 2441 2304 2512 rerum·

212 2525 511 2610 cognitio.
584 2521 892 2587 interdum
955 2523 1136 2588 etiam
1181 2525 1257 2589 de
1301 2523 1485 2588 rebus
1529 2525 1783 2608 exponit
1834 2524 2138 2609 antiquiS,
2198 2534 2266 2588 ut

212 2650 312 2715 ep.
343 2625 477 2694 XV
506 2625 583 2691 acl
609 2622 1010 2704 Leotaldum,
1058 2626 1199 2710 quid
1229 2626 1311 2690 sit
1340 2633 1534 2710 pater
1564 2633 1905 2710 patratus,
1952 2626 2109 2709 quod
2152 2645 2263 2690 no-

209 2751 355 2797 nen
386 2749 529 2795 esse
560 2728 872 2794 existimat
899 2728 1124 2811 gradus
1152 2727 1587 2806 sacerdotalis,
1635 2748 1767 2792 cum
1808 2729 1861 2792 is
1892 2728 1992 2812 qui
2024 2748 2097 2791 eo
2131 2729 2265 2790 sun-

209 2843 466 2918 geretur
495 2842 727 2895 tantum
755 2830 1172 2896 venerationis
1202 2850 1240 2894 a
1269 2829 1506 2894 civibus
1535 2840 1875 2894 mereretur
1893 2876 1911 2907 ,
1957 2840 2025 2894 ut
2053 2847 2264 2893 eorum

210 2945 391 3020 pater
431 2935 628 2997 factus
672 2933 1014 3012 diceretur,
1059 2932 1299 2996 adiecto
1345 2931 1421 2995 de
1465 2931 1597 2996 eius
1630 2932 1820 2996 officio
1854 2925 2061 2995 Servii
2092 2929 2263 2994 testi·

210 3035 456 3115 nonio,
516 3045 583 3099 et
622 3035 742 3098 alio
780 3034 919 3098 loco
966 3035 1094 3117 (ep.
1128 3030 1262 3098 XX
1291 3035 1337 3096 s.
1371 3031 1537 3114 261»)
1585 3033 1659 3098 de
1709 3035 1926 3096 sistro.
2006 3029 2260 3114 Qualem

211 3136 498 3203 Graecae
526 3136 770 3220 linguae
803 3136 1215 3219 cognitionem
1247 3134 1561 3212 habuerit,
1610 3156 1735 3200 uon
1782 3135 2039 3199 obscure
2074 3133 2262 3215 signi-

207 3240 391 3317 fieat,
450 3259 587 3304 eum
631 3239 708 3302 ad
750 3237 1126 3303 Einhardum
1185 3237 1400 3302 scribit
1454 3234 1582 3320 (ep.
1630 3233 1691 3301 V
1732 3236 1779 3298 f.
1827 3232 2024 3320 1420:
2090 3234 2263 3315 Quae

207 3340 408 3407 verba
438 3338 687 3406 Graxa
713 3362 900 3428 quam
926 3340 1199 3404 habeant
1215 3338 1673 3424 proprietatem
1688 3383 1708 3413 ,
1753 3340 1962 3401 nescio
2005 3337 2071 3400 si
2093 3346 2264 3401 recte

208 3444 593 3530 «caepa-fin,
654 3454 719 3507 et
779 3452 990 3528 postea
1041 3444 1115 3524 (f.
1179 3439 1261 3503 15
1290 3462 1350 3504 a.
1384 3439 1497 3521 b):
1572 3437 1826 3502 Abdita
1878 3440 1944 3502 in
2000 3439 2142 3522 lege
2199 3447 2266 3499 et

208 3546 487 3612 κει-τίκα
533 3542 784 3610 Graeca
820 3546 1066 3607 nomina
1100 3551 1165 3606 et
1192 3544 1322 3606 alia
1352 3563 1440 3605 ea:
1470 3539 1690 3604 Servio
1721 3542 1866 3603 item
1901 3538 2148 3605 Graeca
2177 3572 2260 3586 —

207 3670 287 3713 ne
310 3646 678 3733 gravemini
699 3647 1086 3731 explanare5
1134 3646 1235 3710 vel
1274 3644 1352 3708 ad
1396 3640 1872 3707 Godescalchum
1905 3643 2030 3726 (ep.
2063 3637 2257 3704 XXX

209 3753 255 3815 f.
288 3746 501 3833 401»)·
570 3747 649 3813 V
635 3748 929 3813 erbonem
972 3768 1151 3826 vero,
1230 3767 1496 3834 quorum
1533 3744 1875 3831 flagitasti
1925 3744 2257 3816 rationem,

210 3855 361 3939 quia
401 3873 519 3915 nee
556 3852 859 3936 ple-nana
898 3852 1113 3914 statim
1172 3847 1452 3912 omnebus
1501 3848 1776 3910 ocem-m
1836 3881 1922 3892 —
1962 3847 2027 3908 in
2089 3842 2267 3907 aliud

211 3964 450 4040 tenpus
490 3953 760 4029 distulz,
807 3973 1174 4038 quamquam
1217 3971 1344 4014 non
1386 3952 1502 4013 sim
1544 3951 1829 4022 nescim
1882 3946 2261 4011 Graecorum

207 4076 556 4120 sermonum
591 4055 1026 4143 proprietates
1082 4074 1125 4118 a
1171 4052 1439 4117 Graecis
1495 4052 1715 4137 potius
1772 4047 2258 4135 eoespectandos.

336 4195 580 4240 muna.
1827 4168 1848 4228 i
