<?xml version="1.0" encoding="UTF-8"?>
<!DOCTYPE html PUBLIC "-//W3C//DTD XHTML 1.0 Transitional//EN"
    "http://www.w3.org/TR/xhtml1/DTD/xhtml1-transitional.dtd">
<html xmlns="http://www.w3.org/1999/xhtml" xml:lang="en" lang="en">
 <head>
  <title>
</title>
<meta http-equiv="Content-Type" content="text/html;charset=utf-8" />
  <meta name='ocr-system' content='tesseract 3.04.00' />
  <meta name='ocr-capabilities' content='ocr_page ocr_carea ocr_par ocr_line ocrx_word'/>
</head>
<body>
  <div class='ocr_page' id='page_1' title='image "./satirarumliberc01jahngoog_0335.png"; bbox 0 0 2764 4738; ppageno 0'>
   <div class='ocr_carea' id='block_1_1' title="bbox 551 414 1848 490">
    <p class='ocr_par' dir='ltr' id='par_1_1' title="bbox 551 414 1848 490">
     <span class='ocr_line' id='line_1_1' title="bbox 551 414 1848 490; baseline -0.002 -11"><span class='ocrx_word' id='word_1_1' title='bbox 551 414 672 481; x_wconf 74' lang='lat'>104</span> <span class='ocrx_word' id='word_1_2' title='bbox 1232 416 1399 477; x_wconf 72' lang='grc' dir='ltr'>ΕΔΤ.</span> <span class='ocrx_word' id='word_1_3' title='bbox 1433 418 1477 490; x_wconf 91' lang='grc' dir='ltr'>Ι,</span> <span class='ocrx_word' id='word_1_4' title='bbox 1517 421 1600 482; x_wconf 76' lang='grc'>96</span> <span class='ocrx_word' id='word_1_5' title='bbox 1631 451 1713 463; x_wconf 89' lang='grc'>-</span> <span class='ocrx_word' id='word_1_6' title='bbox 1745 420 1848 480; x_wconf 76' lang='grc'>97.</span> 
     </span>
    </p>
   </div>
   <div class='ocr_carea' id='block_1_2' title="bbox 542 584 2588 1775">
    <p class='ocr_par' dir='ltr' id='par_1_2' title="bbox 542 584 2588 1775">
     <span class='ocr_line' id='line_1_2' title="bbox 543 584 2584 668; baseline -0.001 -19"><span class='ocrx_word' id='word_1_7' title='bbox 543 589 765 668; x_wconf 83' lang='lat' dir='ltr'>Virgilii</span> <span class='ocrx_word' id='word_1_8' title='bbox 794 585 1108 649; x_wconf 76' lang='lat' dir='ltr'>Aeneidem</span> <span class='ocrx_word' id='word_1_9' title='bbox 1139 587 1249 648; x_wconf 89' lang='lat' dir='ltr'>hoe</span> <span class='ocrx_word' id='word_1_10' title='bbox 1278 585 1443 647; x_wconf 91' lang='lat' dir='ltr'>modo</span> <span class='ocrx_word' id='word_1_11' title='bbox 1474 586 1796 665; x_wconf 85' lang='lat' dir='ltr'>significare</span> <span class='ocrx_word' id='word_1_12' title='bbox 1814 584 2093 658; x_wconf 83' lang='lat' dir='ltr'>amabant,</span> <span class='ocrx_word' id='word_1_13' title='bbox 2126 607 2181 646; x_wconf 85' lang='lat' dir='ltr'>v.</span> <span class='ocrx_word' id='word_1_14' title='bbox 2215 586 2374 647; x_wconf 78' lang='lat' dir='ltr'>ovid.</span> <span class='ocrx_word' id='word_1_15' title='bbox 2403 587 2584 647; x_wconf 68' lang='lat' dir='ltr'>hist.</span> 
     </span>
     <span class='ocr_line' id='line_1_3' title="bbox 543 669 2583 752; baseline -0.002 -17"><span class='ocrx_word' id='word_1_16' title='bbox 543 675 614 747; x_wconf 85' lang='grc' dir='ltr'>ΙΙ,</span> <span class='ocrx_word' id='word_1_17' title='bbox 647 678 789 737; x_wconf 82' lang='grc'><strong>533.</strong></span> <span class='ocrx_word' id='word_1_18' title='bbox 834 674 1079 733; x_wconf 84' lang='lat' dir='ltr'>Martial.</span> <span class='ocrx_word' id='word_1_19' title='bbox 1124 672 1274 746; x_wconf 86' lang='lat' dir='ltr'>VIII,</span> <span class='ocrx_word' id='word_1_20' title='bbox 1322 676 1425 744; x_wconf 89' lang='grc'>56,</span> <span class='ocrx_word' id='word_1_21' title='bbox 1479 676 1578 744; x_wconf 83' lang='lat'>19,</span> <span class='ocrx_word' id='word_1_22' title='bbox 1623 672 1778 744; x_wconf 85' lang='lat' dir='ltr'>XIV,</span> <span class='ocrx_word' id='word_1_23' title='bbox 1826 675 1969 742; x_wconf 84' lang='lat'>¹85,</span> <span class='ocrx_word' id='word_1_24' title='bbox 2019 675 2084 733; x_wconf 82' lang='lat'>2.</span> <span class='ocrx_word' id='word_1_25' title='bbox 2131 669 2351 734; x_wconf 82' lang='lat' dir='ltr'>Auson.</span> <span class='ocrx_word' id='word_1_26' title='bbox 2391 674 2583 752; x_wconf 81' lang='lat' dir='ltr'>epigr.</span> 
     </span>
     <span class='ocr_line' id='line_1_4' title="bbox 550 756 2588 836; baseline -0.003 -14"><span class='ocrx_word' id='word_1_27' title='bbox 550 764 690 832; x_wconf 80' lang='grc'><strong>187,</strong></span> <span class='ocrx_word' id='word_1_28' title='bbox 728 766 783 822; x_wconf 82' lang='lat'>¹.</span> <span class='ocrx_word' id='word_1_29' title='bbox 828 759 998 818; x_wconf 80' lang='lat' dir='ltr'>Hisce</span> <span class='ocrx_word' id='word_1_30' title='bbox 1027 758 1240 830; x_wconf 88' lang='lat' dir='ltr'>verbis,</span> <span class='ocrx_word' id='word_1_31' title='bbox 1272 777 1345 817; x_wconf 89' lang='lat' dir='ltr'>ex</span> <span class='ocrx_word' id='word_1_32' title='bbox 1375 760 1670 836; x_wconf 85' lang='lat' dir='ltr'>ingeniosa</span> <span class='ocrx_word' id='word_1_33' title='bbox 1696 757 1956 817; x_wconf 83' lang='lat' dir='ltr'>Meisteri</span> <span class='ocrx_word' id='word_1_34' title='bbox 1999 756 2407 836; x_wconf 76' lang='lat' dir='ltr'>explicatione,</span> <span class='ocrx_word' id='word_1_35' title='bbox 2437 757 2588 817; x_wconf 87' lang='lat' dir='ltr'>Per-</span> 
     </span>
     <span class='ocr_line' id='line_1_5' title="bbox 545 842 2588 923; baseline -0.001 -19"><span class='ocrx_word' id='word_1_36' title='bbox 545 848 664 905; x_wconf 88' lang='lat' dir='ltr'>sius</span> <span class='ocrx_word' id='word_1_37' title='bbox 694 847 869 904; x_wconf 88' lang='lat' dir='ltr'>utitur</span> <span class='ocrx_word' id='word_1_38' title='bbox 898 863 1002 923; x_wconf 88' lang='lat' dir='ltr'>pro</span> <span class='ocrx_word' id='word_1_39' title='bbox 1033 845 1476 915; x_wconf 74' lang='lat' dir='ltr'>exclamatione,</span> <span class='ocrx_word' id='word_1_40' title='bbox 1519 844 1713 923; x_wconf 91' lang='lat' dir='ltr'>optimi</span> <span class='ocrx_word' id='word_1_41' title='bbox 1756 853 1962 921; x_wconf 86' lang='lat' dir='ltr'>poetae</span> <span class='ocrx_word' id='word_1_42' title='bbox 1991 843 2048 900; x_wconf 91' lang='lat' dir='ltr'>in</span> <span class='ocrx_word' id='word_1_43' title='bbox 2079 842 2169 900; x_wconf 91' lang='lat' dir='ltr'>his</span> <span class='ocrx_word' id='word_1_44' title='bbox 2199 845 2421 921; x_wconf 86' lang='lat' dir='ltr'>ineptiis</span> <span class='ocrx_word' id='word_1_45' title='bbox 2451 864 2588 903; x_wconf 79' lang='lat' dir='ltr'>cun</span> 
     </span>
     <span class='ocr_line' id='line_1_6' title="bbox 542 928 2585 1008; baseline -0.001 -19"><span class='ocrx_word' id='word_1_46' title='bbox 542 929 925 1008; x_wconf 77' lang='lat' dir='ltr'>indignatione</span> <span class='ocrx_word' id='word_1_47' title='bbox 955 948 1187 988; x_wconf 90' lang='lat' dir='ltr'>memor.</span> <span class='ocrx_word' id='word_1_48' title='bbox 1232 928 1373 988; x_wconf 84' lang='lat' dir='ltr'>Huic</span> <span class='ocrx_word' id='word_1_49' title='bbox 1404 929 1854 1007; x_wconf 74' lang='lat' dir='ltr'>interpretationi</span> <span class='ocrx_word' id='word_1_50' title='bbox 1876 928 2388 1006; x_wconf 87' lang='lat' dir='ltr'>convenitegregie</span> <span class='ocrx_word' id='word_1_51' title='bbox 2417 929 2585 988; x_wconf 81' lang='lat' dir='ltr'>locus</span> 
     </span>
     <span class='ocr_line' id='line_1_7' title="bbox 545 1011 2585 1092; baseline 0 -17"><span class='ocrx_word' id='word_1_52' title='bbox 545 1035 579 1075; x_wconf 86' lang='lat' dir='ltr'>e</span> <span class='ocrx_word' id='word_1_53' title='bbox 609 1015 918 1074; x_wconf 84' lang='lat' dir='ltr'>Florentiui</span> <span class='ocrx_word' id='word_1_54' title='bbox 962 1014 1369 1074; x_wconf 78' lang='lat' dir='ltr'>Institutionum</span> <span class='ocrx_word' id='word_1_55' title='bbox 1416 1013 1453 1072; x_wconf 92' lang='lat' dir='ltr'>l.</span> <span class='ocrx_word' id='word_1_56' title='bbox 1483 1013 1617 1073; x_wconf 85' lang='lat' dir='ltr'>vlu</span> <span class='ocrx_word' id='word_1_57' title='bbox 1658 1023 1962 1091; x_wconf 85' lang='lat' dir='ltr'>excerptus</span> <span class='ocrx_word' id='word_1_58' title='bbox 2002 1014 2058 1070; x_wconf 92' lang='lat' dir='ltr'>in</span> <span class='ocrx_word' id='word_1_59' title='bbox 2089 1011 2260 1092; x_wconf 82' lang='lat' dir='ltr'>Digg.</span> <span class='ocrx_word' id='word_1_60' title='bbox 2304 1013 2486 1086; x_wconf 85' lang='lat' dir='ltr'>XLV,</span> <span class='ocrx_word' id='word_1_61' title='bbox 2525 1018 2585 1085; x_wconf 84' lang='lat'>1,</span> 
     </span>
     <span class='ocr_line' id='line_1_8' title="bbox 547 1096 2585 1180; baseline -0.002 -17"><span class='ocrx_word' id='word_1_62' title='bbox 547 1105 660 1172; x_wconf 78' lang='lat'>65,</span> <span class='ocrx_word' id='word_1_63' title='bbox 709 1119 870 1180; x_wconf 88' lang='lat' dir='ltr'>quem</span> <span class='ocrx_word' id='word_1_64' title='bbox 926 1110 1121 1158; x_wconf 83' lang='lat' dir='ltr'>nostro</span> <span class='ocrx_word' id='word_1_65' title='bbox 1163 1097 1412 1158; x_wconf 76' lang='lat' dir='ltr'>adhibuit</span> <span class='ocrx_word' id='word_1_66' title='bbox 1455 1097 1755 1158; x_wconf 86' lang='lat' dir='ltr'>Schindler</span> <span class='ocrx_word' id='word_1_67' title='bbox 1813 1096 2054 1171; x_wconf 82' lang='lat' dir='ltr'>(Meditt.</span> <span class='ocrx_word' id='word_1_68' title='bbox 2102 1109 2163 1157; x_wconf 91' lang='lat' dir='ltr'>et</span> <span class='ocrx_word' id='word_1_69' title='bbox 2219 1099 2378 1158; x_wconf 81' lang='lat' dir='ltr'>obss.</span> <span class='ocrx_word' id='word_1_70' title='bbox 2439 1119 2492 1158; x_wconf 92' lang='lat' dir='ltr'>c.</span> <span class='ocrx_word' id='word_1_71' title='bbox 2542 1103 2585 1160; x_wconf 89' lang='grc'><strong>5</strong></span> 
     </span>
     <span class='ocr_line' id='line_1_9' title="bbox 545 1181 2588 1265; baseline -0.001 -22"><span class='ocrx_word' id='word_1_72' title='bbox 545 1206 600 1265; x_wconf 92' lang='lat' dir='ltr'>p.</span> <span class='ocrx_word' id='word_1_73' title='bbox 633 1189 715 1248; x_wconf 86' lang='grc'>46</span> <span class='ocrx_word' id='word_1_74' title='bbox 760 1190 930 1264; x_wconf 85' lang='lat' dir='ltr'>sqq.).</span> <span class='ocrx_word' id='word_1_75' title='bbox 1008 1185 1061 1244; x_wconf 92' lang='lat' dir='ltr'>ls</span> <span class='ocrx_word' id='word_1_76' title='bbox 1092 1186 1170 1243; x_wconf 91' lang='lat' dir='ltr'>ita</span> <span class='ocrx_word' id='word_1_77' title='bbox 1214 1203 1279 1243; x_wconf 89' lang='lat' dir='ltr'>se</span> <span class='ocrx_word' id='word_1_78' title='bbox 1311 1183 1516 1243; x_wconf 84' lang='lat' dir='ltr'>babet:</span> <span class='ocrx_word' id='word_1_79' title='bbox 1589 1184 1791 1257; x_wconf 85' lang='lat' dir='ltr'>„Quae</span> <span class='ocrx_word' id='word_1_80' title='bbox 1835 1184 2194 1242; x_wconf 83' lang='lat' dir='ltr'>extrinsecus</span> <span class='ocrx_word' id='word_1_81' title='bbox 2239 1195 2301 1243; x_wconf 93' lang='lat' dir='ltr'>et</span> <span class='ocrx_word' id='word_1_82' title='bbox 2343 1184 2479 1242; x_wconf 88' lang='lat' dir='ltr'>nihil</span> <span class='ocrx_word' id='word_1_83' title='bbox 2508 1181 2588 1241; x_wconf 76' lang='lat' dir='ltr'>ad</span> 
     </span>
     <span class='ocr_line' id='line_1_10' title="bbox 545 1267 2588 1351; baseline -0.002 -21"><span class='ocrx_word' id='word_1_84' title='bbox 545 1281 904 1351; x_wconf 78' lang='lat' dir='ltr'>praesentem</span> <span class='ocrx_word' id='word_1_85' title='bbox 935 1282 1119 1328; x_wconf 87' lang='lat' dir='ltr'>actum</span> <span class='ocrx_word' id='word_1_86' title='bbox 1152 1270 1489 1348; x_wconf 90' lang='lat' dir='ltr'>pertinentia</span> <span class='ocrx_word' id='word_1_87' title='bbox 1518 1267 1800 1328; x_wconf 86' lang='lat' dir='ltr'>adieceris</span> <span class='ocrx_word' id='word_1_88' title='bbox 1832 1267 2216 1346; x_wconf 79' lang='lat' dir='ltr'>stipulatione,</span> <span class='ocrx_word' id='word_1_89' title='bbox 2247 1288 2351 1347; x_wconf 91' lang='lat' dir='ltr'>pro</span> <span class='ocrx_word' id='word_1_90' title='bbox 2382 1288 2588 1347; x_wconf 90' lang='lat' dir='ltr'>super·</span> 
     </span>
     <span class='ocr_line' id='line_1_11' title="bbox 544 1352 2586 1430; baseline -0.001 -17"><span class='ocrx_word' id='word_1_91' title='bbox 544 1359 810 1417; x_wconf 85' lang='lat' dir='ltr'>vacaneis</span> <span class='ocrx_word' id='word_1_92' title='bbox 842 1355 1210 1426; x_wconf 85' lang='lat' dir='ltr'>habebuntur,</span> <span class='ocrx_word' id='word_1_93' title='bbox 1242 1354 1631 1413; x_wconf 81' lang='lat' dir='ltr'>necvitiabunt</span> <span class='ocrx_word' id='word_1_94' title='bbox 1646 1354 2080 1430; x_wconf 69' lang='lat' dir='ltr'>obligationemz</span> <span class='ocrx_word' id='word_1_95' title='bbox 2110 1353 2280 1412; x_wconf 87' lang='lat' dir='ltr'>veluti</span> <span class='ocrx_word' id='word_1_96' title='bbox 2312 1356 2361 1411; x_wconf 92' lang='lat' dir='ltr'>si</span> <span class='ocrx_word' id='word_1_97' title='bbox 2392 1352 2586 1412; x_wconf 77' lang='lat' dir='ltr'>dicas:</span> 
     </span>
     <span class='ocr_line' id='line_1_12' title="bbox 546 1438 2587 1518; baseline -0.002 -17"><span class='ocrx_word' id='word_1_98' title='bbox 546 1444 737 1501; x_wconf 85' lang='lat' dir='ltr'>Arma</span> <span class='ocrx_word' id='word_1_99' title='bbox 769 1441 1068 1518; x_wconf 81' lang='lat' dir='ltr'>virumque</span> <span class='ocrx_word' id='word_1_100' title='bbox 1098 1458 1278 1509; x_wconf 86' lang='lat' dir='ltr'>cano,</span> <span class='ocrx_word' id='word_1_101' title='bbox 1310 1441 1563 1510; x_wconf 77' lang='lat' dir='ltr'>spondeo</span> <span class='ocrx_word' id='word_1_102' title='bbox 1583 1482 1600 1510; x_wconf 93' lang='lat'>,</span> <span class='ocrx_word' id='word_1_103' title='bbox 1648 1440 1817 1497; x_wconf 90' lang='lat' dir='ltr'>nihilo</span> <span class='ocrx_word' id='word_1_104' title='bbox 1847 1439 2024 1497; x_wconf 91' lang='lat' dir='ltr'>minus</span> <span class='ocrx_word' id='word_1_105' title='bbox 2073 1439 2288 1498; x_wconf 88' lang='lat' dir='ltr'>valet.“</span> <span class='ocrx_word' id='word_1_106' title='bbox 2365 1438 2467 1498; x_wconf 85' lang='lat' dir='ltr'>Ubi</span> <span class='ocrx_word' id='word_1_107' title='bbox 2512 1458 2587 1497; x_wconf 83' lang='lat' dir='ltr'>ea</span> 
     </span>
     <span class='ocr_line' id='line_1_13' title="bbox 547 1523 2587 1605; baseline -0.002 -20"><span class='ocrx_word' id='word_1_108' title='bbox 547 1527 853 1605; x_wconf 81' lang='lat' dir='ltr'>explicatio</span> <span class='ocrx_word' id='word_1_109' title='bbox 882 1543 1021 1584; x_wconf 86' lang='lat' dir='ltr'>vera</span> <span class='ocrx_word' id='word_1_110' title='bbox 1049 1523 1304 1594; x_wconf 85' lang='lat' dir='ltr'>videtur,</span> <span class='ocrx_word' id='word_1_111' title='bbox 1345 1543 1421 1582; x_wconf 91' lang='lat' dir='ltr'>ex</span> <span class='ocrx_word' id='word_1_112' title='bbox 1462 1543 1572 1603; x_wconf 86' lang='lat' dir='ltr'>qua</span> <span class='ocrx_word' id='word_1_113' title='bbox 1600 1524 1688 1582; x_wconf 85' lang='lat' dir='ltr'>vir</span> <span class='ocrx_word' id='word_1_114' title='bbox 1719 1524 1811 1582; x_wconf 90' lang='lat' dir='ltr'>ille</span> <span class='ocrx_word' id='word_1_115' title='bbox 1843 1524 2035 1583; x_wconf 85' lang='lat' dir='ltr'>verbis</span> <span class='ocrx_word' id='word_1_116' title='bbox 2066 1523 2397 1601; x_wconf 73' lang='lat' dir='ltr'>virgilianis</span> <span class='ocrx_word' id='word_1_117' title='bbox 2440 1534 2587 1581; x_wconf 88' lang='lat' dir='ltr'>tam·</span> 
     </span>
     <span class='ocr_line' id='line_1_14' title="bbox 548 1606 2587 1691; baseline -0.001 -22"><span class='ocrx_word' id='word_1_118' title='bbox 548 1630 709 1691; x_wconf 89' lang='lat' dir='ltr'>quam</span> <span class='ocrx_word' id='word_1_119' title='bbox 761 1607 1127 1668; x_wconf 86' lang='lat' dir='ltr'>asseverandi</span> <span class='ocrx_word' id='word_1_120' title='bbox 1176 1609 1267 1668; x_wconf 88' lang='lat' dir='ltr'>vel</span> <span class='ocrx_word' id='word_1_121' title='bbox 1325 1606 1638 1667; x_wconf 84' lang='lat' dir='ltr'>affirmandi</span> <span class='ocrx_word' id='word_1_122' title='bbox 1687 1609 1925 1669; x_wconf 81' lang='lat' dir='ltr'>formula</span> <span class='ocrx_word' id='word_1_123' title='bbox 1982 1609 2061 1666; x_wconf 89' lang='lat' dir='ltr'>uti</span> <span class='ocrx_word' id='word_1_124' title='bbox 2117 1618 2380 1687; x_wconf 88' lang='lat' dir='ltr'>putatur,</span> <span class='ocrx_word' id='word_1_125' title='bbox 2439 1626 2587 1688; x_wconf 83' lang='lat' dir='ltr'>qnae</span> 
     </span>
     <span class='ocr_line' id='line_1_15' title="bbox 547 1692 2584 1775; baseline -0.002 -23"><span class='ocrx_word' id='word_1_126' title='bbox 547 1696 797 1775; x_wconf 85' lang='lat' dir='ltr'>quamvis</span> <span class='ocrx_word' id='word_1_127' title='bbox 831 1693 1033 1752; x_wconf 88' lang='lat' dir='ltr'>nullam</span> <span class='ocrx_word' id='word_1_128' title='bbox 1064 1694 1173 1751; x_wconf 88' lang='lat' dir='ltr'>vim</span> <span class='ocrx_word' id='word_1_129' title='bbox 1219 1692 1426 1752; x_wconf 89' lang='lat' dir='ltr'>habeat</span> <span class='ocrx_word' id='word_1_130' title='bbox 1469 1712 1651 1772; x_wconf 85' lang='lat' dir='ltr'>eaque</span> <span class='ocrx_word' id='word_1_131' title='bbox 1694 1692 1749 1749; x_wconf 91' lang='lat' dir='ltr'>in</span> <span class='ocrx_word' id='word_1_132' title='bbox 1798 1710 1861 1748; x_wconf 89' lang='lat' dir='ltr'>re</span> <span class='ocrx_word' id='word_1_133' title='bbox 1904 1693 2093 1770; x_wconf 86' lang='lat' dir='ltr'>inepta</span> <span class='ocrx_word' id='word_1_134' title='bbox 2127 1694 2220 1760; x_wconf 87' lang='lat' dir='ltr'>sit,</span> <span class='ocrx_word' id='word_1_135' title='bbox 2251 1700 2443 1748; x_wconf 88' lang='lat' dir='ltr'>tamen</span> <span class='ocrx_word' id='word_1_136' title='bbox 2474 1711 2584 1748; x_wconf 84' lang='lat' dir='ltr'>non</span> 
     </span>
    </p>
   </div>
   <div class='ocr_carea' id='block_1_3' title="bbox 546 1773 2589 1936">
    <p class='ocr_par' dir='ltr' id='par_1_3' title="bbox 546 1773 2589 1936">
     <span class='ocr_line' id='line_1_16' title="bbox 546 1773 2589 1855; baseline -0.003 -17"><span class='ocrx_word' id='word_1_137' title='bbox 546 1789 737 1838; x_wconf 88' lang='lat' dir='ltr'>nocet.</span> <span class='ocrx_word' id='word_1_138' title='bbox 773 1777 1044 1837; x_wconf 83' lang='lat' dir='ltr'>Similiter</span> <span class='ocrx_word' id='word_1_139' title='bbox 1071 1778 1263 1855; x_wconf 87' lang='lat' dir='ltr'>igitur,</span> <span class='ocrx_word' id='word_1_140' title='bbox 1293 1776 1398 1837; x_wconf 88' lang='lat' dir='ltr'>sed</span> <span class='ocrx_word' id='word_1_141' title='bbox 1429 1788 1582 1854; x_wconf 82' lang='lat' dir='ltr'>apte,</span> <span class='ocrx_word' id='word_1_142' title='bbox 1615 1778 1893 1835; x_wconf 87' lang='lat' dir='ltr'>exclamat</span> <span class='ocrx_word' id='word_1_143' title='bbox 1923 1777 2013 1834; x_wconf 90' lang='lat' dir='ltr'>hic</span> <span class='ocrx_word' id='word_1_144' title='bbox 2046 1773 2298 1833; x_wconf 76' lang='lat' dir='ltr'>Persius·</span> <span class='ocrx_word' id='word_1_145' title='bbox 2332 1774 2589 1844; x_wconf 85' lang='lat' dir='ltr'>Quanto·</span> 
     </span>
     <span class='ocr_line' id='line_1_17' title="bbox 548 1857 2585 1936; baseline -0.002 -18"><span class='ocrx_word' id='word_1_146' title='bbox 548 1878 686 1936; x_wconf 89' lang='lat' dir='ltr'>pere</span> <span class='ocrx_word' id='word_1_147' title='bbox 718 1870 901 1920; x_wconf 89' lang='lat' dir='ltr'>autem</span> <span class='ocrx_word' id='word_1_148' title='bbox 933 1860 1075 1918; x_wconf 88' lang='lat' dir='ltr'>baec</span> <span class='ocrx_word' id='word_1_149' title='bbox 1105 1858 1280 1917; x_wconf 85' lang='lat' dir='ltr'>verba</span> <span class='ocrx_word' id='word_1_150' title='bbox 1310 1859 1364 1915; x_wconf 90' lang='lat' dir='ltr'>iu</span> <span class='ocrx_word' id='word_1_151' title='bbox 1398 1875 1496 1914; x_wconf 88' lang='lat' dir='ltr'>ore</span> <span class='ocrx_word' id='word_1_152' title='bbox 1528 1858 1884 1916; x_wconf 84' lang='lat' dir='ltr'>versaverint</span> <span class='ocrx_word' id='word_1_153' title='bbox 1900 1857 2175 1925; x_wconf 88' lang='lat' dir='ltr'>homines,</span> <span class='ocrx_word' id='word_1_154' title='bbox 2207 1866 2399 1932; x_wconf 86' lang='lat' dir='ltr'>potest</span> <span class='ocrx_word' id='word_1_155' title='bbox 2414 1858 2585 1913; x_wconf 87' lang='lat' dir='ltr'>etiam</span> 
     </span>
    </p>
   </div>
   <div class='ocr_carea' id='block_1_4' title="bbox 542 1939 2589 4149">
    <p class='ocr_par' dir='ltr' id='par_1_4' title="bbox 542 1939 2589 4149">
     <span class='ocr_line' id='line_1_18' title="bbox 549 1939 2585 2019; baseline -0.003 -18"><span class='ocrx_word' id='word_1_156' title='bbox 549 1941 808 2001; x_wconf 84' lang='lat' dir='ltr'>Senecae</span> <span class='ocrx_word' id='word_1_157' title='bbox 842 1943 998 1998; x_wconf 89' lang='lat' dir='ltr'>iocus</span> <span class='ocrx_word' id='word_1_158' title='bbox 1031 1939 1271 2017; x_wconf 88' lang='lat' dir='ltr'>probare</span> <span class='ocrx_word' id='word_1_159' title='bbox 1305 1945 1457 2017; x_wconf 86' lang='lat' dir='ltr'>(epp.</span> <span class='ocrx_word' id='word_1_160' title='bbox 1491 1940 1691 2013; x_wconf 89' lang='lat' dir='ltr'>CXIII,</span> <span class='ocrx_word' id='word_1_161' title='bbox 1722 1945 1825 2012; x_wconf 89' lang='grc'><strong>20,</strong></span> <span class='ocrx_word' id='word_1_162' title='bbox 1856 1962 1910 2019; x_wconf 89' lang='lat' dir='ltr'>p.</span> <span class='ocrx_word' id='word_1_163' title='bbox 1949 1946 2070 2004; x_wconf 84' lang='lat'>160</span> <span class='ocrx_word' id='word_1_164' title='bbox 2100 1939 2336 2012; x_wconf 62' lang='lat' dir='ltr'>Seiam).</span> <span class='ocrx_word' id='word_1_165' title='bbox 2373 1941 2585 1999; x_wconf 77' lang='lat' dir='ltr'>Nonne</span> 
     </span>
     <span class='ocr_line' id='line_1_19' title="bbox 547 2021 2586 2103; baseline 0 -20"><span class='ocrx_word' id='word_1_166' title='bbox 547 2026 657 2083; x_wconf 73' lang='lat' dir='ltr'>ltoc</span> <span class='ocrx_word' id='word_1_167' title='bbox 687 2044 769 2083; x_wconf 87' lang='lat' dir='ltr'>sc.</span> <span class='ocrx_word' id='word_1_168' title='bbox 799 2022 948 2103; x_wconf 87' lang='lat' dir='ltr'>quod</span> <span class='ocrx_word' id='word_1_169' title='bbox 979 2034 1036 2083; x_wconf 91' lang='lat' dir='ltr'>tu</span> <span class='ocrx_word' id='word_1_170' title='bbox 1068 2021 1229 2082; x_wconf 92' lang='lat' dir='ltr'>modo</span> <span class='ocrx_word' id='word_1_171' title='bbox 1273 2025 1543 2094; x_wconf 89' lang='lat' dir='ltr'>attulisti,</span> <span class='ocrx_word' id='word_1_172' title='bbox 1572 2043 1898 2103; x_wconf 79' lang='lat' dir='ltr'>spumosum</span> <span class='ocrx_word' id='word_1_173' title='bbox 1945 2025 1987 2083; x_wconf 93' lang='lat' dir='ltr'>i.</span> <span class='ocrx_word' id='word_1_174' title='bbox 2037 2043 2090 2083; x_wconf 89' lang='lat' dir='ltr'>e.</span> <span class='ocrx_word' id='word_1_175' title='bbox 2124 2023 2430 2096; x_wconf 89' lang='lat' dir='ltr'>tumidum,</span> <span class='ocrx_word' id='word_1_176' title='bbox 2474 2043 2586 2083; x_wconf 85' lang='lat' dir='ltr'>nee</span> 
     </span>
     <span class='ocr_line' id='line_1_20' title="bbox 546 2107 2589 2188; baseline -0 -20"><span class='ocrx_word' id='word_1_177' title='bbox 546 2109 710 2168; x_wconf 87' lang='lat' dir='ltr'>ullius</span> <span class='ocrx_word' id='word_1_178' title='bbox 742 2107 1026 2188; x_wconf 77' lang='lat' dir='ltr'>ponderis,</span> <span class='ocrx_word' id='word_1_179' title='bbox 1060 2118 1120 2166; x_wconf 89' lang='lat' dir='ltr'>ut</span> <span class='ocrx_word' id='word_1_180' title='bbox 1148 2128 1345 2188; x_wconf 85' lang='lat' dir='ltr'>spuma</span> <span class='ocrx_word' id='word_1_181' title='bbox 1389 2111 1443 2167; x_wconf 93' lang='lat' dir='ltr'>in</span> <span class='ocrx_word' id='word_1_182' title='bbox 1476 2110 1777 2188; x_wconf 82' lang='lat' dir='ltr'>superficie</span> <span class='ocrx_word' id='word_1_183' title='bbox 1808 2119 2080 2187; x_wconf 89' lang='lat' dir='ltr'>apparet,</span> <span class='ocrx_word' id='word_1_184' title='bbox 2113 2109 2255 2168; x_wconf 86' lang='lat' dir='ltr'>levis</span> <span class='ocrx_word' id='word_1_185' title='bbox 2288 2119 2347 2168; x_wconf 89' lang='lat' dir='ltr'>et</span> <span class='ocrx_word' id='word_1_186' title='bbox 2376 2108 2589 2168; x_wconf 87' lang='lat' dir='ltr'>celeri-</span> 
     </span>
     <span class='ocr_line' id='line_1_21' title="bbox 546 2192 2581 2273; baseline -0 -21"><span class='ocrx_word' id='word_1_187' title='bbox 546 2204 638 2254; x_wconf 89' lang='lat' dir='ltr'>ter</span> <span class='ocrx_word' id='word_1_188' title='bbox 667 2213 1032 2253; x_wconf 82' lang='lat' dir='ltr'>evanescens.</span> <span class='ocrx_word' id='word_1_189' title='bbox 1107 2192 1264 2265; x_wconf 85' lang='lat' dir='ltr'>Quae</span> <span class='ocrx_word' id='word_1_190' title='bbox 1311 2195 1568 2273; x_wconf 88' lang='lat' dir='ltr'>sequitur</span> <span class='ocrx_word' id='word_1_191' title='bbox 1607 2196 1794 2272; x_wconf 80' lang='lat' dir='ltr'>imago</span> <span class='ocrx_word' id='word_1_192' title='bbox 1836 2193 2090 2253; x_wconf 87' lang='lat' dir='ltr'>desumta</span> <span class='ocrx_word' id='word_1_193' title='bbox 2133 2205 2226 2252; x_wconf 89' lang='lat' dir='ltr'>est</span> <span class='ocrx_word' id='word_1_194' title='bbox 2266 2214 2299 2252; x_wconf 90' lang='lat' dir='ltr'>a</span> <span class='ocrx_word' id='word_1_195' title='bbox 2342 2195 2581 2265; x_wconf 81' lang='lat' dir='ltr'>subere,</span> 
     </span>
     <span class='ocr_line' id='line_1_22' title="bbox 546 2278 2586 2358; baseline 0 -20"><span class='ocrx_word' id='word_1_196' title='bbox 546 2299 708 2358; x_wconf 86' lang='lat' dir='ltr'>quam</span> <span class='ocrx_word' id='word_1_197' title='bbox 740 2281 946 2357; x_wconf 91' lang='lat' dir='ltr'>optime</span> <span class='ocrx_word' id='word_1_198' title='bbox 989 2279 1309 2357; x_wconf 85' lang='lat' dir='ltr'>explanavit</span> <span class='ocrx_word' id='word_1_199' title='bbox 1347 2278 1604 2338; x_wconf 77' lang='lat' dir='ltr'>Meister.</span> <span class='ocrx_word' id='word_1_200' title='bbox 1692 2279 1847 2338; x_wconf 84' lang='lat' dir='ltr'>Haec</span> <span class='ocrx_word' id='word_1_201' title='bbox 1891 2279 2064 2337; x_wconf 89' lang='lat' dir='ltr'>arbor</span> <span class='ocrx_word' id='word_1_202' title='bbox 2116 2281 2262 2338; x_wconf 93' lang='lat' dir='ltr'>enim</span> <span class='ocrx_word' id='word_1_203' title='bbox 2305 2278 2586 2358; x_wconf 83' lang='lat' dir='ltr'>duplicem</span> 
     </span>
     <span class='ocr_line' id='line_1_23' title="bbox 547 2361 2586 2444; baseline -0 -21"><span class='ocrx_word' id='word_1_204' title='bbox 547 2364 719 2424; x_wconf 89' lang='lat' dir='ltr'>babet</span> <span class='ocrx_word' id='word_1_205' title='bbox 748 2366 1013 2424; x_wconf 89' lang='lat' dir='ltr'>corticem</span> <span class='ocrx_word' id='word_1_206' title='bbox 1032 2408 1050 2435; x_wconf 90' lang='lat'>‚</span> <span class='ocrx_word' id='word_1_207' title='bbox 1099 2365 1458 2436; x_wconf 87' lang='lat' dir='ltr'>interiorem,</span> <span class='ocrx_word' id='word_1_208' title='bbox 1512 2376 1572 2423; x_wconf 89' lang='lat' dir='ltr'>et</span> <span class='ocrx_word' id='word_1_209' title='bbox 1601 2366 1945 2425; x_wconf 81' lang='lat' dir='ltr'>exteriorem</span> <span class='ocrx_word' id='word_1_210' title='bbox 1978 2361 2257 2436; x_wconf 79' lang='lat' dir='ltr'>alterum,</span> <span class='ocrx_word' id='word_1_211' title='bbox 2281 2366 2375 2444; x_wconf 85' lang='lat' dir='ltr'>qui</span> <span class='ocrx_word' id='word_1_212' title='bbox 2403 2366 2586 2425; x_wconf 79' lang='lat' dir='ltr'>suber</span> 
     </span>
     <span class='ocr_line' id='line_1_24' title="bbox 546 2447 2586 2522; baseline 0 -13"><span class='ocrx_word' id='word_1_213' title='bbox 546 2449 767 2510; x_wconf 90' lang='lat' dir='ltr'>dicitur.</span> <span class='ocrx_word' id='word_1_214' title='bbox 814 2450 915 2509; x_wconf 81' lang='lat' dir='ltr'>Hic</span> <span class='ocrx_word' id='word_1_215' title='bbox 947 2447 1222 2510; x_wconf 88' lang='lat' dir='ltr'>interdum</span> <span class='ocrx_word' id='word_1_216' title='bbox 1268 2448 1650 2510; x_wconf 86' lang='lat' dir='ltr'>detrahendus</span> <span class='ocrx_word' id='word_1_217' title='bbox 1697 2459 1820 2522; x_wconf 84' lang='lat' dir='ltr'>est,</span> <span class='ocrx_word' id='word_1_218' title='bbox 1865 2461 1927 2510; x_wconf 90' lang='lat' dir='ltr'>ut</span> <span class='ocrx_word' id='word_1_219' title='bbox 1969 2470 2110 2508; x_wconf 85' lang='lat' dir='ltr'>sana</span> <span class='ocrx_word' id='word_1_220' title='bbox 2154 2461 2385 2510; x_wconf 88' lang='lat' dir='ltr'>maneat</span> <span class='ocrx_word' id='word_1_221' title='bbox 2414 2452 2586 2510; x_wconf 86' lang='lat' dir='ltr'>arhor</span> 
     </span>
     <span class='ocr_line' id='line_1_25' title="bbox 547 2534 2586 2614; baseline 0 -20"><span class='ocrx_word' id='word_1_222' title='bbox 547 2542 624 2608; x_wconf 88' lang='lat' dir='ltr'>(v.</span> <span class='ocrx_word' id='word_1_223' title='bbox 657 2535 945 2614; x_wconf 83' lang='lat' dir='ltr'>Theophr.</span> <span class='ocrx_word' id='word_1_224' title='bbox 995 2537 1125 2594; x_wconf 85' lang='lat' dir='ltr'>hist.</span> <span class='ocrx_word' id='word_1_225' title='bbox 1180 2535 1354 2614; x_wconf 87' lang='lat' dir='ltr'>plant.</span> <span class='ocrx_word' id='word_1_226' title='bbox 1409 2534 1509 2606; x_wconf 94' lang='lat' dir='ltr'>lV,</span> <span class='ocrx_word' id='word_1_227' title='bbox 1561 2540 1655 2596; x_wconf 86' lang='lat'>18.</span> <span class='ocrx_word' id='word_1_228' title='bbox 1690 2535 1783 2605; x_wconf 90' lang='grc' dir='ltr'><strong>ΙΙΙ,</strong></span> <span class='ocrx_word' id='word_1_229' title='bbox 1834 2540 1975 2608; x_wconf 82' lang='lat'>16);</span> <span class='ocrx_word' id='word_1_230' title='bbox 2026 2554 2403 2595; x_wconf 87' lang='lat' dir='ltr'>crascescens</span> <span class='ocrx_word' id='word_1_231' title='bbox 2436 2538 2586 2595; x_wconf 89' lang='lat' dir='ltr'>enim</span> 
     </span>
     <span class='ocr_line' id='line_1_26' title="bbox 545 2621 2584 2699; baseline 0 -20"><span class='ocrx_word' id='word_1_232' title='bbox 545 2621 720 2681; x_wconf 88' lang='lat' dir='ltr'>suber</span> <span class='ocrx_word' id='word_1_233' title='bbox 749 2621 1112 2699; x_wconf 83' lang='lat' dir='ltr'>praestringit</span> <span class='ocrx_word' id='word_1_234' title='bbox 1141 2621 1422 2690; x_wconf 86' lang='lat' dir='ltr'>arborem,</span> <span class='ocrx_word' id='word_1_235' title='bbox 1455 2630 1514 2679; x_wconf 93' lang='lat' dir='ltr'>et</span> <span class='ocrx_word' id='word_1_236' title='bbox 1544 2623 1635 2699; x_wconf 89' lang='lat' dir='ltr'>qui</span> <span class='ocrx_word' id='word_1_237' title='bbox 1667 2622 1828 2679; x_wconf 92' lang='lat' dir='ltr'>nimis</span> <span class='ocrx_word' id='word_1_238' title='bbox 1860 2639 2055 2679; x_wconf 87' lang='lat' dir='ltr'>crasso</span> <span class='ocrx_word' id='word_1_239' title='bbox 2085 2622 2222 2679; x_wconf 80' lang='lat' dir='ltr'>ter-ti</span> <span class='ocrx_word' id='word_1_240' title='bbox 2263 2630 2394 2679; x_wconf 88' lang='lat' dir='ltr'>sunt</span> <span class='ocrx_word' id='word_1_241' title='bbox 2423 2622 2584 2692; x_wconf 87' lang='lat' dir='ltr'>rami,</span> 
     </span>
     <span class='ocr_line' id='line_1_27' title="bbox 543 2703 2585 2785; baseline 0.001 -22"><span class='ocrx_word' id='word_1_242' title='bbox 543 2707 705 2784; x_wconf 83' lang='lat' dir='ltr'>primi</span> <span class='ocrx_word' id='word_1_243' title='bbox 748 2715 1061 2764; x_wconf 89' lang='lat' dir='ltr'>enecantur</span> <span class='ocrx_word' id='word_1_244' title='bbox 1103 2705 1265 2775; x_wconf 85' lang='lat' dir='ltr'>(Plin.</span> <span class='ocrx_word' id='word_1_245' title='bbox 1300 2704 1366 2763; x_wconf 82' lang='grc' dir='ltr'>ΙΙ.</span> <span class='ocrx_word' id='word_1_246' title='bbox 1401 2705 1472 2764; x_wconf 88' lang='lat' dir='ltr'>N.</span> <span class='ocrx_word' id='word_1_247' title='bbox 1505 2705 1686 2777; x_wconf 97' lang='lat' dir='ltr'>XVII,</span> <span class='ocrx_word' id='word_1_248' title='bbox 1716 2710 1819 2776; x_wconf 79' lang='lat'>24,</span> <span class='ocrx_word' id='word_1_249' title='bbox 1852 2709 1955 2778; x_wconf 89' lang='grc'>37,</span> <span class='ocrx_word' id='word_1_250' title='bbox 1997 2709 2170 2778; x_wconf 85' lang='grc'><strong>234).</strong></span> <span class='ocrx_word' id='word_1_251' title='bbox 2251 2703 2415 2778; x_wconf 85' lang='lat' dir='ltr'>Quod</span> <span class='ocrx_word' id='word_1_252' title='bbox 2468 2707 2585 2785; x_wconf 91' lang='lat' dir='ltr'>pri-</span> 
     </span>
     <span class='ocr_line' id='line_1_28' title="bbox 543 2788 2587 2871; baseline 0 -22"><span class='ocrx_word' id='word_1_253' title='bbox 543 2811 688 2849; x_wconf 90' lang='lat' dir='ltr'>mum</span> <span class='ocrx_word' id='word_1_254' title='bbox 721 2790 972 2849; x_wconf 87' lang='lat' dir='ltr'>breviter</span> <span class='ocrx_word' id='word_1_255' title='bbox 1001 2788 1135 2848; x_wconf 87' lang='lat' dir='ltr'>dicit</span> <span class='ocrx_word' id='word_1_256' title='bbox 1165 2794 1382 2849; x_wconf 78' lang='lat' dir='ltr'>cortioe</span> <span class='ocrx_word' id='word_1_257' title='bbox 1400 2792 1638 2868; x_wconf 75' lang='lat' dir='ltr'>pingui,</span> <span class='ocrx_word' id='word_1_258' title='bbox 1672 2788 1724 2848; x_wconf 91' lang='lat' dir='ltr'>id</span> <span class='ocrx_word' id='word_1_259' title='bbox 1768 2808 1889 2869; x_wconf 86' lang='lat' dir='ltr'>seq.</span> <span class='ocrx_word' id='word_1_260' title='bbox 1932 2810 2019 2848; x_wconf 83' lang='lat' dir='ltr'>vs.</span> <span class='ocrx_word' id='word_1_261' title='bbox 2052 2794 2372 2849; x_wconf 83' lang='lat' dir='ltr'>accuratius</span> <span class='ocrx_word' id='word_1_262' title='bbox 2404 2793 2587 2871; x_wconf 82' lang='lat' dir='ltr'>expli-</span> 
     </span>
     <span class='ocr_line' id='line_1_29' title="bbox 545 2873 2584 2954; baseline 0 -20"><span class='ocrx_word' id='word_1_263' title='bbox 545 2887 656 2936; x_wconf 83' lang='lat' dir='ltr'>cat.</span> <span class='ocrx_word' id='word_1_264' title='bbox 700 2876 949 2953; x_wconf 74' lang='lat' dir='ltr'>Pinguis</span> <span class='ocrx_word' id='word_1_265' title='bbox 978 2876 1122 2935; x_wconf 88' lang='lat' dir='ltr'>enim</span> <span class='ocrx_word' id='word_1_266' title='bbox 1152 2877 1262 2948; x_wconf 89' lang='lat' dir='ltr'>hic,</span> <span class='ocrx_word' id='word_1_267' title='bbox 1291 2887 1352 2934; x_wconf 87' lang='lat' dir='ltr'>ut</span> <span class='ocrx_word' id='word_1_268' title='bbox 1380 2876 1545 2947; x_wconf 86' lang='lat' dir='ltr'>solet,</span> <span class='ocrx_word' id='word_1_269' title='bbox 1591 2873 1661 2934; x_wconf 89' lang='lat' dir='ltr'>de</span> <span class='ocrx_word' id='word_1_270' title='bbox 1707 2873 1844 2935; x_wconf 87' lang='lat' dir='ltr'>vitio</span> <span class='ocrx_word' id='word_1_271' title='bbox 1877 2886 2214 2954; x_wconf 88' lang='lat' dir='ltr'>usurpatur,</span> <span class='ocrx_word' id='word_1_272' title='bbox 2257 2896 2381 2935; x_wconf 90' lang='lat' dir='ltr'>cum</span> <span class='ocrx_word' id='word_1_273' title='bbox 2414 2875 2584 2936; x_wconf 84' lang='lat' dir='ltr'>nimio</span> 
     </span>
     <span class='ocr_line' id='line_1_30' title="bbox 542 2959 2582 3041; baseline -0.001 -20"><span class='ocrx_word' id='word_1_274' title='bbox 542 2959 709 3041; x_wconf 83' lang='lat' dir='ltr'>adipe</span> <span class='ocrx_word' id='word_1_275' title='bbox 737 2962 891 3020; x_wconf 86' lang='lat' dir='ltr'>vires</span> <span class='ocrx_word' id='word_1_276' title='bbox 923 2961 1326 3032; x_wconf 89' lang='lat' dir='ltr'>absorbentur,</span> <span class='ocrx_word' id='word_1_277' title='bbox 1371 2970 1433 3020; x_wconf 88' lang='lat' dir='ltr'>et</span> <span class='ocrx_word' id='word_1_278' title='bbox 1474 2962 1650 3019; x_wconf 90' lang='lat' dir='ltr'>moles</span> <span class='ocrx_word' id='word_1_279' title='bbox 1682 2971 1892 3020; x_wconf 89' lang='lat' dir='ltr'>tantum</span> <span class='ocrx_word' id='word_1_280' title='bbox 1936 2961 2206 3020; x_wconf 89' lang='lat' dir='ltr'>inutiliter</span> <span class='ocrx_word' id='word_1_281' title='bbox 2235 2972 2501 3039; x_wconf 85' lang='lat' dir='ltr'>augetur,</span> <span class='ocrx_word' id='word_1_282' title='bbox 2531 2983 2582 3019; x_wconf 86' lang='lat' dir='ltr'>v.</span> 
     </span>
     <span class='ocr_line' id='line_1_31' title="bbox 545 3043 2584 3126; baseline -0 -21"><span class='ocrx_word' id='word_1_283' title='bbox 545 3066 632 3105; x_wconf 87' lang='lat' dir='ltr'>vs.</span> <span class='ocrx_word' id='word_1_284' title='bbox 668 3051 772 3108; x_wconf 88' lang='grc'>57.</span> <span class='ocrx_word' id='word_1_285' title='bbox 807 3044 902 3116; x_wconf 87' lang='grc' dir='ltr'><strong>ΙΙΙ,</strong></span> <span class='ocrx_word' id='word_1_286' title='bbox 949 3048 1050 3107; x_wconf 81' lang='grc'>33.</span> <span class='ocrx_word' id='word_1_287' title='bbox 1084 3043 1447 3105; x_wconf 88' lang='lat' dir='ltr'>Doederlein.</span> <span class='ocrx_word' id='word_1_288' title='bbox 1484 3044 1698 3125; x_wconf 83' lang='lat' dir='ltr'>Synon.</span> <span class='ocrx_word' id='word_1_289' title='bbox 1731 3046 1807 3105; x_wconf 89' lang='lat'>111</span> <span class='ocrx_word' id='word_1_290' title='bbox 1837 3067 1891 3124; x_wconf 90' lang='lat' dir='ltr'>p.</span> <span class='ocrx_word' id='word_1_291' title='bbox 1924 3049 2048 3107; x_wconf 91' lang='grc'>222</span> <span class='ocrx_word' id='word_1_292' title='bbox 2083 3066 2168 3126; x_wconf 88' lang='lat' dir='ltr'>sq.</span> <span class='ocrx_word' id='word_1_293' title='bbox 2214 3049 2456 3106; x_wconf 82' lang='lat' dir='ltr'>Ramale</span> <span class='ocrx_word' id='word_1_294' title='bbox 2495 3057 2584 3106; x_wconf 84' lang='lat' dir='ltr'>est</span> 
     </span>
     <span class='ocr_line' id='line_1_32' title="bbox 545 3129 2581 3202; baseline -0 -11"><span class='ocrx_word' id='word_1_295' title='bbox 545 3151 732 3192; x_wconf 85' lang='lat' dir='ltr'>ramus</span> <span class='ocrx_word' id='word_1_296' title='bbox 777 3141 1072 3189; x_wconf 87' lang='lat' dir='ltr'>senectute</span> <span class='ocrx_word' id='word_1_297' title='bbox 1117 3129 1305 3189; x_wconf 86' lang='lat' dir='ltr'>aridus</span> <span class='ocrx_word' id='word_1_298' title='bbox 1351 3141 1412 3190; x_wconf 91' lang='lat' dir='ltr'>et</span> <span class='ocrx_word' id='word_1_299' title='bbox 1454 3132 1672 3189; x_wconf 88' lang='lat' dir='ltr'>iamiam</span> <span class='ocrx_word' id='word_1_300' title='bbox 1717 3141 1988 3190; x_wconf 89' lang='lat' dir='ltr'>enecatus</span> <span class='ocrx_word' id='word_1_301' title='bbox 2049 3152 2103 3189; x_wconf 87' lang='lat' dir='ltr'>v.</span> <span class='ocrx_word' id='word_1_302' title='bbox 2152 3131 2224 3202; x_wconf 91' lang='lat' dir='ltr'>V,</span> <span class='ocrx_word' id='word_1_303' title='bbox 2270 3133 2371 3192; x_wconf 78' lang='lat'>59.</span> <span class='ocrx_word' id='word_1_304' title='bbox 2421 3131 2581 3191; x_wconf 79' lang='lat' dir='ltr'>ovid.</span> 
     </span>
     <span class='ocr_line' id='line_1_33' title="bbox 542 3214 2582 3288; baseline -0 -11"><span class='ocrx_word' id='word_1_305' title='bbox 542 3216 685 3277; x_wconf 81' lang='lat' dir='ltr'>Met.</span> <span class='ocrx_word' id='word_1_306' title='bbox 721 3215 871 3288; x_wconf 90' lang='lat' dir='ltr'>VIII,</span> <span class='ocrx_word' id='word_1_307' title='bbox 919 3219 1061 3278; x_wconf 85' lang='grc'><strong>644.</strong></span> <span class='ocrx_word' id='word_1_308' title='bbox 1108 3216 1245 3275; x_wconf 88' lang='lat' dir='ltr'>Tac.</span> <span class='ocrx_word' id='word_1_309' title='bbox 1291 3215 1441 3274; x_wconf 86' lang='lat' dir='ltr'>Anu.</span> <span class='ocrx_word' id='word_1_310' title='bbox 1487 3215 1640 3287; x_wconf 88' lang='grc' dir='ltr'><strong>ΧΙΙΙ,</strong></span> <span class='ocrx_word' id='word_1_311' title='bbox 1691 3220 1793 3278; x_wconf 89' lang='grc'>58.</span> <span class='ocrx_word' id='word_1_312' title='bbox 1870 3214 1931 3276; x_wconf 90' lang='lat' dir='ltr'>ld</span> <span class='ocrx_word' id='word_1_313' title='bbox 1976 3235 2113 3276; x_wconf 86' lang='lat' dir='ltr'>vero</span> <span class='ocrx_word' id='word_1_314' title='bbox 2173 3218 2340 3274; x_wconf 90' lang='lat' dir='ltr'>nimio</span> <span class='ocrx_word' id='word_1_315' title='bbox 2372 3216 2582 3276; x_wconf 85' lang='lat' dir='ltr'>subere</span> 
     </span>
     <span class='ocr_line' id='line_1_34' title="bbox 545 3299 2581 3381; baseline -0.001 -20"><span class='ocrx_word' id='word_1_316' title='bbox 545 3312 764 3361; x_wconf 83' lang='lat' dir='ltr'>coctum</span> <span class='ocrx_word' id='word_1_317' title='bbox 797 3303 839 3360; x_wconf 91' lang='lat' dir='ltr'>i.</span> <span class='ocrx_word' id='word_1_318' title='bbox 875 3320 929 3360; x_wconf 88' lang='lat' dir='ltr'>e.</span> <span class='ocrx_word' id='word_1_319' title='bbox 978 3299 1190 3360; x_wconf 89' lang='lat' dir='ltr'>aridum</span> <span class='ocrx_word' id='word_1_320' title='bbox 1237 3302 1445 3359; x_wconf 76' lang='lat' dir='ltr'>factum</span> <span class='ocrx_word' id='word_1_321' title='bbox 1496 3312 1617 3372; x_wconf 90' lang='lat' dir='ltr'>est,</span> <span class='ocrx_word' id='word_1_322' title='bbox 1663 3322 1788 3360; x_wconf 89' lang='lat' dir='ltr'>nam</span> <span class='ocrx_word' id='word_1_323' title='bbox 1832 3302 1973 3360; x_wconf 88' lang='lat' dir='ltr'>sicut</span> <span class='ocrx_word' id='word_1_324' title='bbox 2013 3320 2263 3381; x_wconf 84' lang='lat' dir='ltr'>coquere</span> <span class='ocrx_word' id='word_1_325' title='bbox 2296 3299 2443 3361; x_wconf 90' lang='lat' dir='ltr'>idem</span> <span class='ocrx_word' id='word_1_326' title='bbox 2470 3313 2581 3373; x_wconf 85' lang='lat' dir='ltr'>est,</span> 
     </span>
     <span class='ocr_line' id='line_1_35' title="bbox 545 3384 2582 3466; baseline 0 -21"><span class='ocrx_word' id='word_1_327' title='bbox 545 3385 690 3466; x_wconf 90' lang='lat' dir='ltr'>quod</span> <span class='ocrx_word' id='word_1_328' title='bbox 722 3385 915 3445; x_wconf 87' lang='lat' dir='ltr'>calore</span> <span class='ocrx_word' id='word_1_329' title='bbox 962 3396 1277 3457; x_wconf 86' lang='lat' dir='ltr'>maturare,</span> <span class='ocrx_word' id='word_1_330' title='bbox 1322 3387 1402 3445; x_wconf 87' lang='lat' dir='ltr'>ita</span> <span class='ocrx_word' id='word_1_331' title='bbox 1446 3387 1776 3464; x_wconf 88' lang='lat' dir='ltr'>intelligitur</span> <span class='ocrx_word' id='word_1_332' title='bbox 1819 3388 1985 3445; x_wconf 87' lang='lat' dir='ltr'>etiam</span> <span class='ocrx_word' id='word_1_333' title='bbox 2037 3384 2107 3444; x_wconf 89' lang='lat' dir='ltr'>de</span> <span class='ocrx_word' id='word_1_334' title='bbox 2153 3388 2322 3445; x_wconf 90' lang='lat' dir='ltr'>nimio</span> <span class='ocrx_word' id='word_1_335' title='bbox 2364 3387 2582 3457; x_wconf 88' lang='lat' dir='ltr'>calore,</span> 
     </span>
     <span class='ocr_line' id='line_1_36' title="bbox 545 3469 2582 3551; baseline 0.001 -21"><span class='ocrx_word' id='word_1_336' title='bbox 545 3474 635 3551; x_wconf 87' lang='lat' dir='ltr'>qui</span> <span class='ocrx_word' id='word_1_337' title='bbox 666 3473 922 3531; x_wconf 85' lang='lat' dir='ltr'>exsiccat</span> <span class='ocrx_word' id='word_1_338' title='bbox 951 3481 1011 3530; x_wconf 89' lang='lat' dir='ltr'>et</span> <span class='ocrx_word' id='word_1_339' title='bbox 1038 3472 1193 3531; x_wconf 84' lang='lat' dir='ltr'>vires</span> <span class='ocrx_word' id='word_1_340' title='bbox 1225 3470 1478 3542; x_wconf 86' lang='lat' dir='ltr'>hebetat,</span> <span class='ocrx_word' id='word_1_341' title='bbox 1509 3469 1656 3530; x_wconf 88' lang='lat' dir='ltr'>unde</span> <span class='ocrx_word' id='word_1_342' title='bbox 1690 3470 1926 3531; x_wconf 87' lang='lat' dir='ltr'>Servius</span> <span class='ocrx_word' id='word_1_343' title='bbox 1960 3470 2054 3545; x_wconf 84' lang='lat' dir='ltr'>(ad</span> <span class='ocrx_word' id='word_1_344' title='bbox 2086 3472 2247 3550; x_wconf 86' lang='lat' dir='ltr'>Virg.</span> <span class='ocrx_word' id='word_1_345' title='bbox 2290 3471 2444 3531; x_wconf 82' lang='lat' dir='ltr'>Aen.</span> <span class='ocrx_word' id='word_1_346' title='bbox 2481 3472 2582 3542; x_wconf 87' lang='lat' dir='ltr'>XI,</span> 
     </span>
     <span class='ocr_line' id='line_1_37' title="bbox 546 3555 2586 3636; baseline -0.003 -16"><span class='ocrx_word' id='word_1_347' title='bbox 546 3561 692 3630; x_wconf 84' lang='grc'><strong>553)</strong></span> <span class='ocrx_word' id='word_1_348' title='bbox 726 3555 885 3628; x_wconf 86' lang='lat' dir='ltr'>dixit,</span> <span class='ocrx_word' id='word_1_349' title='bbox 916 3556 1068 3615; x_wconf 88' lang='lat' dir='ltr'>multi</span> <span class='ocrx_word' id='word_1_350' title='bbox 1100 3558 1370 3636; x_wconf 90' lang='lat' dir='ltr'>temporis</span> <span class='ocrx_word' id='word_1_351' title='bbox 1403 3555 1610 3635; x_wconf 82' lang='lat' dir='ltr'>aliquid</span> <span class='ocrx_word' id='word_1_352' title='bbox 1640 3566 1858 3616; x_wconf 89' lang='lat' dir='ltr'>coctum</span> <span class='ocrx_word' id='word_1_353' title='bbox 1890 3558 2102 3616; x_wconf 87' lang='lat' dir='ltr'>vocari.</span> <span class='ocrx_word' id='word_1_354' title='bbox 2139 3559 2463 3634; x_wconf 84' lang='lat' dir='ltr'>Vegrunde</span> <span class='ocrx_word' id='word_1_355' title='bbox 2494 3567 2586 3617; x_wconf 89' lang='lat' dir='ltr'>est</span> 
     </span>
     <span class='ocr_line' id='line_1_38' title="bbox 544 3640 2583 3721; baseline 0.001 -22"><span class='ocrx_word' id='word_1_356' title='bbox 544 3643 687 3703; x_wconf 89' lang='lat' dir='ltr'>male</span> <span class='ocrx_word' id='word_1_357' title='bbox 717 3640 953 3721; x_wconf 88' lang='lat' dir='ltr'>grande,</span> <span class='ocrx_word' id='word_1_358' title='bbox 983 3652 1044 3700; x_wconf 91' lang='lat' dir='ltr'>ut</span> <span class='ocrx_word' id='word_1_359' title='bbox 1073 3643 1360 3720; x_wconf 87' lang='lat' dir='ltr'>explicant</span> <span class='ocrx_word' id='word_1_360' title='bbox 1387 3641 1593 3701; x_wconf 84' lang='lat' dir='ltr'>Festus</span> <span class='ocrx_word' id='word_1_361' title='bbox 1639 3652 1699 3701; x_wconf 88' lang='lat' dir='ltr'>et</span> <span class='ocrx_word' id='word_1_362' title='bbox 1726 3642 1942 3701; x_wconf 88' lang='lat' dir='ltr'>Nonius</span> <span class='ocrx_word' id='word_1_363' title='bbox 1975 3662 2026 3701; x_wconf 90' lang='lat' dir='ltr'>s.</span> <span class='ocrx_word' id='word_1_364' title='bbox 2061 3662 2115 3700; x_wconf 88' lang='lat' dir='ltr'>v.</span> <span class='ocrx_word' id='word_1_365' title='bbox 2175 3641 2321 3700; x_wconf 88' lang='lat' dir='ltr'>Nam</span> <span class='ocrx_word' id='word_1_366' title='bbox 2354 3663 2426 3701; x_wconf 82' lang='lat' dir='ltr'>ve</span> <span class='ocrx_word' id='word_1_367' title='bbox 2453 3663 2583 3721; x_wconf 85' lang='lat' dir='ltr'>par·</span> 
     </span>
     <span class='ocr_line' id='line_1_39' title="bbox 545 3725 2579 3801; baseline 0 -17"><span class='ocrx_word' id='word_1_368' title='bbox 545 3728 734 3798; x_wconf 87' lang='lat' dir='ltr'>ticula,</span> <span class='ocrx_word' id='word_1_369' title='bbox 768 3739 827 3785; x_wconf 92' lang='lat' dir='ltr'>ut</span> <span class='ocrx_word' id='word_1_370' title='bbox 856 3725 1025 3786; x_wconf 90' lang='lat' dir='ltr'>docet</span> <span class='ocrx_word' id='word_1_371' title='bbox 1055 3725 1267 3787; x_wconf 85' lang='lat' dir='ltr'>Gellius</span> <span class='ocrx_word' id='word_1_372' title='bbox 1318 3728 1415 3801; x_wconf 90' lang='lat' dir='ltr'>(V,</span> <span class='ocrx_word' id='word_1_373' title='bbox 1466 3732 1563 3789; x_wconf 82' lang='lat'>¹2.</span> <span class='ocrx_word' id='word_1_374' title='bbox 1596 3725 1750 3799; x_wconf 90' lang='lat' dir='ltr'>XVI,</span> <span class='ocrx_word' id='word_1_375' title='bbox 1799 3732 1857 3797; x_wconf 87' lang='lat'>5,</span> <span class='ocrx_word' id='word_1_376' title='bbox 1900 3725 2047 3786; x_wconf 92' lang='lat' dir='ltr'>unde</span> <span class='ocrx_word' id='word_1_377' title='bbox 2079 3729 2279 3786; x_wconf 87' lang='lat' dir='ltr'>sumsit</span> <span class='ocrx_word' id='word_1_378' title='bbox 2323 3727 2579 3788; x_wconf 77' lang='lat' dir='ltr'>Macrob.</span> 
     </span>
     <span class='ocr_line' id='line_1_40' title="bbox 542 3810 2581 3894; baseline 0.002 -27"><span class='ocrx_word' id='word_1_379' title='bbox 542 3811 641 3881; x_wconf 87' lang='lat' dir='ltr'>Vl,</span> <span class='ocrx_word' id='word_1_380' title='bbox 672 3817 758 3883; x_wconf 85' lang='lat'>8),</span> <span class='ocrx_word' id='word_1_381' title='bbox 791 3823 852 3871; x_wconf 91' lang='lat' dir='ltr'>et</span> <span class='ocrx_word' id='word_1_382' title='bbox 878 3810 1172 3889; x_wconf 85' lang='lat' dir='ltr'>augendae</span> <span class='ocrx_word' id='word_1_383' title='bbox 1202 3814 1288 3872; x_wconf 87' lang='lat' dir='ltr'>rei</span> <span class='ocrx_word' id='word_1_384' title='bbox 1320 3823 1379 3872; x_wconf 89' lang='lat' dir='ltr'>et</span> <span class='ocrx_word' id='word_1_385' title='bbox 1411 3811 1744 3871; x_wconf 87' lang='lat' dir='ltr'>minuendae</span> <span class='ocrx_word' id='word_1_386' title='bbox 1761 3814 1845 3871; x_wconf 90' lang='lat' dir='ltr'>rei</span> <span class='ocrx_word' id='word_1_387' title='bbox 1879 3813 2134 3883; x_wconf 81' lang='lat' dir='ltr'>inservit,</span> <span class='ocrx_word' id='word_1_388' title='bbox 2166 3824 2403 3894; x_wconf 86' lang='lat' dir='ltr'>propter</span> <span class='ocrx_word' id='word_1_389' title='bbox 2433 3811 2581 3894; x_wconf 87' lang='lat' dir='ltr'>quod</span> 
     </span>
     <span class='ocr_line' id='line_1_41' title="bbox 543 3895 2580 3977; baseline 0 -22"><span class='ocrx_word' id='word_1_390' title='bbox 543 3895 766 3968; x_wconf 86' lang='lat' dir='ltr'>accidit,</span> <span class='ocrx_word' id='word_1_391' title='bbox 798 3906 857 3955; x_wconf 91' lang='lat' dir='ltr'>ut</span> <span class='ocrx_word' id='word_1_392' title='bbox 887 3895 1157 3976; x_wconf 85' lang='lat' dir='ltr'>quaedam</span> <span class='ocrx_word' id='word_1_393' title='bbox 1188 3897 1490 3968; x_wconf 83' lang='lat' dir='ltr'>vocabula,</span> <span class='ocrx_word' id='word_1_394' title='bbox 1523 3897 1719 3977; x_wconf 90' lang='lat' dir='ltr'>quibus</span> <span class='ocrx_word' id='word_1_395' title='bbox 1750 3897 2025 3977; x_wconf 86' lang='lat' dir='ltr'>particula</span> <span class='ocrx_word' id='word_1_396' title='bbox 2053 3899 2162 3956; x_wconf 89' lang='lat' dir='ltr'>ista</span> <span class='ocrx_word' id='word_1_397' title='bbox 2193 3900 2580 3977; x_wconf 84' lang='lat' dir='ltr'>praeponitur,</span> 
     </span>
     <span class='ocr_line' id='line_1_42' title="bbox 545 3982 2582 4061; baseline 0 -20"><span class='ocrx_word' id='word_1_398' title='bbox 545 3983 801 4060; x_wconf 82' lang='lat' dir='ltr'>ambigua</span> <span class='ocrx_word' id='word_1_399' title='bbox 832 3984 973 4053; x_wconf 86' lang='lat' dir='ltr'>sint,</span> <span class='ocrx_word' id='word_1_400' title='bbox 1019 3982 1190 4042; x_wconf 86' lang='lat' dir='ltr'>veluti</span> <span class='ocrx_word' id='word_1_401' title='bbox 1232 4002 1495 4052; x_wconf 84' lang='lat' dir='ltr'>vescum,</span> <span class='ocrx_word' id='word_1_402' title='bbox 1541 3984 1839 4042; x_wconf 76' lang='lat' dir='ltr'>vehemens</span> <span class='ocrx_word' id='word_1_403' title='bbox 1882 3993 1943 4041; x_wconf 89' lang='lat' dir='ltr'>et</span> <span class='ocrx_word' id='word_1_404' title='bbox 1971 3984 2295 4061; x_wconf 76' lang='lat' dir='ltr'>vegrande.</span> <span class='ocrx_word' id='word_1_405' title='bbox 2347 3982 2582 4043; x_wconf 86' lang='lat' dir='ltr'>Scilicet</span> 
     </span>
     <span class='ocr_line' id='line_1_43' title="bbox 543 4068 2578 4149; baseline 0.001 -22"><span class='ocrx_word' id='word_1_406' title='bbox 543 4071 839 4149; x_wconf 77' lang='lat' dir='ltr'>significat,</span> <span class='ocrx_word' id='word_1_407' title='bbox 872 4068 927 4128; x_wconf 93' lang='lat' dir='ltr'>id</span> <span class='ocrx_word' id='word_1_408' title='bbox 958 4068 1285 4127; x_wconf 88' lang='lat' dir='ltr'>vocabulum</span> <span class='ocrx_word' id='word_1_409' title='bbox 1305 4112 1320 4139; x_wconf 85' lang='lat'>,</span> <span class='ocrx_word' id='word_1_410' title='bbox 1368 4069 1458 4128; x_wconf 91' lang='lat' dir='ltr'>cui</span> <span class='ocrx_word' id='word_1_411' title='bbox 1489 4069 1870 4148; x_wconf 86' lang='lat' dir='ltr'>praepositum</span> <span class='ocrx_word' id='word_1_412' title='bbox 1905 4077 2013 4139; x_wconf 88' lang='lat' dir='ltr'>est,</span> <span class='ocrx_word' id='word_1_413' title='bbox 2042 4070 2098 4127; x_wconf 91' lang='lat' dir='ltr'>in</span> <span class='ocrx_word' id='word_1_414' title='bbox 2120 4068 2330 4128; x_wconf 30' lang='lat' dir='ltr'>*malam</span> <span class='ocrx_word' id='word_1_415' title='bbox 2360 4079 2578 4149; x_wconf 75' lang='lat' dir='ltr'>partem</span> 
     </span>
    </p>
   </div>
  </div>
 </body>
</html>
