2764 4738
878 434 1623 500 PROLEGOMENA.
2032 460 2263 503 enxxn

206 603 462 669 Revera
503 613 827 687 utrumque
869 604 1141 693 codicem
1183 626 1268 670 ex
1297 607 1513 671 eodem
1543 605 1699 671 libro
1733 605 2093 689 descriptum
2126 627 2264 672 esse

206 717 490 792 apertum
536 716 637 769 est
681 724 765 768 ex
807 706 960 769 miro
1004 707 1315 790 utriusque
1357 729 1705 785 consensu,
1752 708 1850 790 qui
1897 718 2102 773 tantus
2143 720 2262 788 est,

208 819 499 890 quantum
542 806 607 869 in
654 806 884 871 duobus
929 808 1107 871 codd.
1156 820 1520 893 exspectare
1564 809 1784 892 possis.
1862 805 2097 872 Contra
2143 830 2268 873 non

208 927 347 972 esse
404 908 668 971 alterum
727 931 813 974 ex
868 910 1064 973 altero
1124 910 1490 994 descriptum
1542 910 1931 976 diversitates
1977 912 2268 993 quaedam

208 1020 601 1087 monstrant,
648 1010 859 1094 quibus
902 1011 1232 1096 probatur,
1292 1010 1552 1075 diversis
1595 1011 1749 1076 locis
1794 1013 2151 1076 alterutrum
2197 1013 2268 1075 li-

208 1110 480 1176 brarium
524 1113 752 1178 codicis
792 1113 1105 1198 archetypi
1160 1116 1372 1178 ductus
1431 1114 1643 1176 melius
1701 1113 2104 1178 intellexisse.
2177 1110 2271 1176 Ita
2325 1112 2328 1115 ’

210 1214 372 1277 enim
403 1233 509 1278 res
540 1234 609 1277 se
640 1214 844 1279 habet.
895 1212 1126 1297 Quodsi
1157 1214 1215 1277 hi
1247 1215 1422 1278 codd.
1447 1259 1466 1291 ,
1515 1214 1614 1296 qui
1660 1215 1961 1300 corruptis
2004 1225 2068 1277 ct
2106 1215 2270 1297 insa·

209 1317 306 1379 uis
348 1315 717 1379 lectionibus
760 1326 1039 1394 scatent,
1085 1317 1344 1380 fideliter
1388 1316 1532 1379 illud
1577 1316 1887 1399 exemplar
1916 1336 1952 1378 a
1981 1313 2080 1378 Fl.
2116 1311 2270 1378 lulio

210 1427 558 1481 correctum
616 1428 1195 1502 repraesentarent,
1251 1416 1513 1501 pessime
1570 1417 1658 1480 illi
1713 1418 1848 1482 viro
1910 1417 2271 1480 emendandi

209 1538 461 1603 operam
495 1519 762 1583 cessisse
792 1521 1119 1603 putandum
1150 1529 1352 1596 esset,
1399 1539 1611 1585 verum
1651 1518 1994 1583 accuratius
2024 1537 2093 1581 re
2126 1539 2272 1582 con-

209 1620 483 1684 siderata
503 1664 525 1697 ‚
558 1632 845 1704 apparet,
880 1620 1161 1685 librarios
1191 1621 1505 1704 imperitos
1538 1631 1601 1684 et
1630 1621 2012 1704 negligentes
2045 1617 2272 1684 codicis

209 1722 371 1785 illius
402 1721 658 1798 ductus,
694 1721 850 1784 haud
881 1722 1102 1805 optime
1132 1733 1199 1785 ut
1227 1722 1474 1787 videtur
1495 1722 1810 1804 legendos,
1847 1743 1970 1786 non
2002 1742 2139 1786 esse
2172 1742 2271 1785 as-

209 1834 485 1900 secutos,
522 1822 758 1887 etvitiis
790 1823 1236 1888 contaminasse
1254 1821 1600 1907 apographa
1630 1844 1765 1903 sua,
1797 1842 2006 1888 verum
2037 1824 2273 1885 mendis

211 1946 427 1991 eorum
470 1925 638 1987 inter
677 1946 746 1989 se
793 1925 1187 2009 comparatis,
1237 1926 1374 2010 quid
1407 1926 1469 1988 in
1502 1924 1714 1988 codice
1743 1924 2032 2009 scriptum
2064 1924 2271 1999 fuerit,

213 2026 478 2109 intelligi
526 2046 732 2109 posse.
792 2024 988 2109 Quam
1033 2047 1163 2090 rem
1196 2047 1306 2110 per
1334 2026 1574 2109 singula
1606 2036 1869 2089 tractare
1902 2046 2024 2088 nou
2058 2035 2154 2088 est
2181 2025 2275 2088 in-

210 2131 363 2194 utile
392 2128 620 2193 visum.
667 2124 898 2191 Moneo
930 2138 1129 2191 autem
1150 2172 1168 2203 ,
1216 2128 1279 2190 in
1316 2125 1710 2193 annotatione
1743 2126 1954 2190 critica
1985 2127 2274 2209 quaedam

210 2230 347 2297 cod.
396 2230 544 2315 ΜΡ.
589 2230 885 2294 lectiones
933 2230 1397 2315 praetermissas
1443 2250 1623 2307 esse,
1672 2229 1748 2291 ad
1795 2228 1977 2292 crisin
2008 2225 2156 2291 nihil
2189 2229 2278 2291 sa-

213 2335 499 2409 cientes,
547 2352 697 2415 quas
741 2332 817 2396 ad
858 2330 1014 2396 hanc
1047 2332 1460 2414 quaestionem
1504 2330 1683 2395 utiles
1729 2329 1826 2394 hic
1865 2330 2088 2407 retuli,
2155 2338 2275 2394 tum

214 2436 459 2502 collatis
503 2435 644 2499 cod.
679 2433 855 2497 Rom.
888 2433 1250 2498 lectionibus
1291 2455 1387 2498 me
1440 2433 1861 2509 intellexisse,
1897 2432 2185 2515 quaedam
2219 2431 2280 2494 in

211 2536 501 2603 Diibneri
546 2536 873 2600 collatione
917 2556 955 2599 a
1000 2557 1098 2601 me
1143 2558 1266 2599 non
1310 2546 1483 2601 recte
1539 2545 1795 2617 accepta
1851 2533 2077 2610 fuisse,
2126 2554 2279 2616 quae

218 2640 317 2706 hic
352 2638 633 2703 correxi.

388 2739 661 2805 Primum
707 2739 981 2804 breviter
1032 2749 1306 2816 annoto,
1375 2749 1692 2822 utrumque
1753 2759 1996 2822 semper
2054 2738 2280 2802 habere

215 2842 563 2910 aecusativ.
597 2842 659 2905 in
690 2844 746 2905 is
787 2842 1110 2925 scriptum,
1160 2863 1285 2905 non
1329 2863 1418 2904 es.
1494 2841 1596 2904 Ad
1640 2841 1947 2923 antiquam
1980 2839 2284 2904 scribendi

220 2947 531 3011 rationem
576 2943 1001 3019 referendum,
1049 2943 1206 3026 quod
1254 2941 1437 3006 Rom.
1488 2942 1741 3006 cludere
1785 2939 1867 3022 (Ι,
1900 2941 2053 3022 93),
2115 2942 2283 3004 cluso

223 3047 341 3127 (V,
380 3046 529 3132 11),
578 3053 878 3129 temptare
922 3040 1040 3129 (Π,
1071 3044 1181 3109 21.
1230 3039 1345 3120 ΙΙΙ,
1385 3042 1566 3130 110.)
1615 3045 1772 3107 utin
1803 3043 2127 3128 subscript.
2163 3053 2281 3118 est,

222 3150 534 3236 negleget
575 3145 721 3233 (vl,
752 3144 906 3228 81),
966 3158 1220 3229 uterque
1283 3146 1444 3209 haut
1491 3157 1554 3209 et
1596 3155 1730 3220 set,
1796 3146 2056 3208 fortasse
2104 3144 2283 3207 etiam

293 3311 593 3371 satyras
629 3301 719 3352 sol.
761 3301 920 3352 58—
944 3301 1009 3353 63
1031 3317 1075 3351 r.
1126 3299 1313 3364 Incipit
1338 3314 1366 3349 a
1395 3300 1555 3364 prima
1580 3300 1775 3362 satira,
1812 3306 1998 3365 quarta
2028 3304 2083 3348 et
2106 3299 2287 3363 quinta

295 3388 455 3424 unam
489 3372 748 3431 efficiunt,
787 3377 936 3419 sexta
972 3368 1314 3420 inscribitur:
1378 3368 1483 3419 Ode
1507 3371 1720 3433 quinta.
1783 3367 1838 3417 ln
1876 3367 1974 3419 line
2013 3373 2223 3417 notatur

650 3439 807 3489 Persi
830 3438 1015 3488 Flacci
1035 3437 1365 3504 Satyrorum

653 3507 908 3573 Explicit
922 3507 1195 3573 feliciter.
1237 3506 1312 3554 Dc
1337 3508 1449 3555 vita
1483 3505 1667 3556 eiusde

292 3581 409 3644 Qua
448 3578 499 3626 iu
539 3591 595 3626 re
630 3576 933 3637 dolendum,
991 3574 1123 3641 quod
1161 3574 1224 3625 de
1261 3575 1372 3624 vita
1411 3575 1504 3624 bac
1544 3574 1673 3623 nibil
1710 3575 2005 3624 accuratius
2043 3573 2288 3624 traditum

295 3651 391 3697 sit.
458 3645 702 3710 Sequitur
754 3643 992 3710 prologus
1042 3649 1095 3693 et
1146 3643 1196 3693 in
1250 3642 1348 3692 line
1397 3643 1510 3692 eius
1558 3643 1902 3709 subscriptio,
1952 3650 2056 3691 tum
2105 3643 2289 3691 iterum

295 3721 669 3766 tractatus
725 3713 812 3764 ille
869 3713 1322 3775 theologicus
1375 3711 1724 3762 continuatur.
1793 3709 1986 3760 Deinde
2025 3709 2288 3760 Versus

298 3782 650 3836 Prisciani
712 3780 1285 3846 eloquentissimi
1345 3781 1416 3830 de
1477 3779 1593 3830 Est
1650 3786 1716 3831 et
1773 3777 1908 3829 Non
1970 3779 2056 3829 l'ol.
2111 3779 2289 3842 fi3v.,

298 3857 665 3902 tractatus
715 3849 1147 3913 theologicus
1192 3848 1375 3898 linitur
1412 3848 1497 3899 l'ol.
1538 3849 1622 3898 64.
1690 3847 2070 3915 Praecepta
2115 3848 2291 3897 artis

301 3922 717 3973 rhetoricae
752 3918 1134 3969 summatim
1172 3917 1475 3968 collecta
1531 3918 1606 3967 de
1651 3917 1895 3968 multis
1946 3931 2021 3967 sc
2069 3923 2289 3982 synto-

304 3997 484 4041 mata
540 3986 720 4038 lulio
782 3985 1165 4037 Severiano
1217 3986 1307 4036 sol.
1358 3985 1609 4037 65—69
1663 4000 1718 4036 v.
1767 3983 2057 4051 Expleta
2109 3998 2294 4049 prae-

304 4065 506 4124 cepta
553 4057 738 4106 artis
788 4055 1191 4108 rhetoricae
1236 4055 1556 4106 breviter
1590 4054 1846 4121 incipit
1885 4052 2179 4105 collecta
2220 4052 2291 4101 de

308 4125 734 4179 dialecticis
769 4152 836 4164 —
874 4123 961 4176 fol.
1003 4125 1088 4180 72.
