2764 4738
499 416 630 483 286
990 417 1255 481 scum..
1299 417 1406 480 An
1454 416 1618 480 SAT.
1662 418 1733 492 11,
1776 422 2081 485 39—42.

669 594 773 654 39.
817 591 941 650 Ast
983 609 1094 667 ego
1109 633 1133 663 ,
1179 590 1391 669 inquit,
1438 598 1793 668 contemptor
1821 588 2140 651 divitiarum
2159 632 2178 663 ,
2207 589 2340 650 nolo
2370 610 2407 650 s
2435 590 2549 652 diis

499 676 632 735 talia
666 676 795 735 mihi
824 678 1148 754 impetrare.
1181 674 1473 735 Nutricem
1487 677 1676 753 arguit
1704 687 1765 735 et
1792 677 2103 754 imperitos,
2135 677 2231 757 qui
2260 678 2548 750 nesciunt,

500 760 632 841 quid
673 764 747 820 sit
788 780 1148 840 consequens
1187 771 1409 839 optare.
1484 759 1563 820 Se
1606 779 1746 820 vero
1787 760 1923 821 dicit
1966 781 2077 820 non
2110 763 2288 820 solnm
2332 764 2547 841 ineptis

496 849 644 906 votis
677 867 784 906 non
817 848 1032 917 teneri,
1073 843 1174 904 sed
1206 856 1266 905 et
1308 844 1567 904 omnibus
1609 844 1790 906 modis
1822 866 1886 907 se
1919 845 2209 926 denegare
2238 857 2371 906 vota
2400 847 2543 921 lovi,

496 932 808 1009 adiungens
840 949 1099 1010 precem,
1131 941 1192 989 ut
1222 951 1345 991 cnm
1376 932 1551 991 fuerit
1580 942 1849 1009 rogatus,
1882 953 1993 991 non
2024 932 2245 1004 audiat,
2275 944 2543 1012 tanquam

497 1019 857 1098 pecuniarum
891 1026 1276 1094 contemptor3
1339 1026 1401 1075 et
1430 1036 1541 1075 non
1573 1014 1708 1076 dicit
1738 1017 1880 1078 haec
1910 1027 2009 1077 aut
2038 1016 2352 1077 huiusmodi
2381 1030 2541 1091 vota,

496 1101 600 1164 sed
633 1104 855 1162 omnino
885 1101 1054 1160 nulla.
1086 1101 1236 1160 Veto
1267 1102 1559 1181 quicquam
1591 1102 1790 1161 infanti
1821 1121 1948 1161 meo
1979 1104 2185 1182 optari.
2333 1105 2541 1163 *Non

496 1189 799 1260 mando,
876 1187 1106 1246 verbo
1177 1206 1350 1245 usus
1411 1198 1530 1246 est
1596 1190 2023 1265 aruspicum
2065 1195 2121 1260 ¹,
2211 1208 2365 1248 cum
2425 1191 2540 1249 eis

497 1271 814 1333 dicitur:
857 1274 1129 1331 Mando
1161 1272 1342 1347 tibi,
1377 1281 1460 1330 ut
1486 1274 1874 1331 maximum
1902 1275 2151 1333 Iovem
2180 1276 2539 1348 audias²3

499 1369 572 1418 nt
642 1354 1230 1438 quemadmodum
1300 1359 1878 1434 procurationis
1954 1362 2292 1419 assertio
2326 1364 2353 1399 ⁸
2404 1361 2537 1430 l'it,

495 1446 610 1504 ita
652 1445 834 1503 fiat*
879 1445 1021 1502 etin
1052 1442 1280 1502 sacris*
1311 1453 1382 1501 et
1423 1443 1494 1501 in
1538 1462 1785 1522 prece.
1819 1442 1848 1473 ¹*

668 1567 770 1625 40.
815 1562 1052 1640 Negata
1095 1562 1369 1639 Iuppiter
1410 1563 1557 1619 haec
1604 1562 1732 1635 illi,
1795 1559 1852 1619 id
1900 1572 2025 1634 est,
2079 1563 2128 1621 si
2174 1563 2362 1621 nutrix
2409 1582 2538 1623 mea

496 1649 737 1707 voluerit
767 1668 800 1706 a
830 1657 887 1706 te
921 1648 1053 1705 talia
1086 1647 1377 1724 flagitare,
1426 1668 1459 1705 o
1488 1647 1767 1725 Iuppiter,
1814 1647 1924 1706 noli
1956 1647 2034 1706 illi
2066 1667 2354 1720 annuere,
2401 1648 2539 1709 licet

494 1744 552 1792 te
585 1735 771 1793 albata
804 1733 1037 1810 rogarit,
1070 1729 1126 1790 id
1157 1743 1249 1790 est
1278 1742 1454 1810 petat.
1500 1732 1731 1791 Albam
1764 1744 1951 1791 autem
1985 1734 2211 1805 festiva,
2244 1743 2341 1792 aut
2371 1746 2535 1794 certe

497 1820 702 1878 albata
720 1863 740 1891 ,
774 1837 912 1898 pura
932 1860 948 1888 ,
981 1827 1040 1874 et
1069 1817 1217 1875 vitiis
1248 1836 1476 1877 carens·

664 1941 771 1998 41.
820 1937 1018 1995 Poscis
1049 1955 1211 2015 opem
1242 1938 1481 2009 nervis,
1515 1947 1576 1995 ut
1607 1937 1769 1995 fortis
1798 1938 1899 1996 sis.
1967 1938 2313 2015 Corpusque
2337 1937 2535 2015 fidele

491 2032 799 2092 senectae,
847 2032 906 2080 ut
952 2023 1032 2081 sis
1062 2021 1325 2081 robustus
1357 2023 1412 2080 in
1444 2033 1763 2081 senectute.
1943 2024 2287 2100 Corpusque
2309 2023 2532 2100 fidele,

491 2104 548 2166 id
578 2118 668 2165 est
687 2150 704 2178 ,
735 2104 998 2178 validum,
1030 2104 1176 2187 quod
1204 2108 1484 2167 sustineat
1512 2118 1822 2179 senectam,
1857 2126 2003 2186 qnae
2038 2107 2246 2166 morbis
2275 2109 2534 2169 omuibus

490 2189 771 2262 abundat,
804 2190 950 2253 unde
982 2191 1186 2251 dictum
1217 2203 1339 2252 est:
1371 2202 1641 2252 senectus
1671 2194 1801 2271 ipsa
1831 2192 2065 2252 morbus
2095 2202 2205 2252 est.

660 2297 765 2355 42.
808 2296 992 2366 Esto,
1035 2313 1184 2372 age.-
1226 2295 1337 2365 sed
1367 2296 1634 2374 grandes
1667 2297 1936 2375 patirme.
1997 2292 2090 2353 Ad
2130 2295 2272 2353 alios
2305 2298 2531 2369 transit,

490 2380 583 2459 qui
614 2399 718 2439 sua
748 2381 1180 2459 intemperantia
1207 2383 1355 2439 votis
1388 2381 1657 2440 officiunt.
1690 2381 1902 2440 Bonam
1935 2378 2311 2441 valetudinem
2343 2393 2534 2461 optas,

489 2483 635 2544 quae
667 2477 723 2524 te
756 2466 925 2524 etiam
957 2468 1011 2525 in
1044 2477 1343 2525 senectute
1373 2485 1486 2524 non
1508 2465 1760 2538 deserat,
1793 2478 1852 2525 et
1880 2468 1936 2525 in
1969 2466 2232 2526 membris
2263 2469 2531 2527 auxilium

487 2547 700 2630 poscis,
732 2548 834 2611 sed
864 2552 973 2610 hoc
1002 2551 1103 2610 tibi
1132 2569 1168 2611 a
1195 2549 1301 2610 diis
1333 2553 1614 2630 praestari
1643 2550 2000 2631 quotidianae
2030 2551 2234 2630 epulae
2265 2571 2336 2612 ac
2367 2554 2532 2613 luxu-

489 2636 612 2694 riae
641 2655 751 2694 non
784 2638 1127 2714 permittunt.
1301 2634 1327 2663 ⁴
1368 2639 1648 2696 Tuceta
1677 2642 1707 2678 ⁴
1750 2636 1935 2715 apud
1983 2636 2242 2696 Gallos
2290 2638 2531 2698 Cisal-

489 2721 703 2799 pinos
764 2720 1038 2782 bubula
1102 2720 1391 2780 dicitur
1442 2742 1613 2781 caro
1673 2721 2179 2782 condimentis
2225 2725 2532 2801 quibus·

489 2803 643 2865 dam
699 2809 992 2867 crassis
1054 2807 1290 2866 oblita
1359 2826 1443 2865 ac
1503 2818 1910 2879 macerata,
1993 2817 2063 2866 et
2128 2805 2299 2866 ideo
2364 2820 2530 2870 toto

489 2911 677 2950 anno
735 2889 972 2952 durat.
1047 2891 1263 2952 Solet
1318 2893 1535 2951 etiam
1596 2894 1902 2970 porcina
1945 2889 2198 2953 eodem
2242 2913 2530 2970 genere

487 2975 790 3036 condita
848 2978 1185 3050 servari,
1241 2987 1364 3036 aut
1422 2975 1506 3037 ad
1550 2989 1973 3037 saturarum
2019 2979 2184 3037 iura
2226 2982 2271 3036 ⁵.
2346 2980 2529 3041 Hinc

487 3060 780 3122 Plotius
850 3062 1172 3140 Virgilii
1245 3063 1519 3121 amicus
1591 3064 1661 3122 in
1721 3062 1970 3122 eadem
2031 3063 2346 3142 regione
2407 3077 2533 3126 est

485 3150 907 3207 nominatus
952 3148 1241 3208 Tuceta
1265 3151 1308 3206 ⁶.
1333 3147 1361 3178 *
1544 3150 1759 3208 Tuceta
1791 3160 1977 3208 antem
2009 3158 2140 3207 sunt
2168 3147 2530 3212 condimenta

482 3234 653 3311 gulae
693 3231 1038 3305 deliciosae,
1086 3233 1285 3314 quibus
1324 3232 1471 3292 bona
1515 3233 1793 3293 hominum
1838 3232 2085 3294 valitudo
2124 3237 2526 3314 corrumpitur.

489 3418 511 3471 1
553 3421 866 3484 aruspicum
891 3419 971 3469 ed.
1006 3434 1084 3486 pr.
1126 3415 1272 3469 Reiz.
1313 3421 1568 3485 aruspice
1591 3417 1712 3471 Vin.
1751 3417 1889 3470 Pith.
1926 3422 2237 3485 aruspicium
2261 3420 2428 3473 orell.

481 3488 519 3544 2
554 3488 686 3551 tibi,
725 3487 1003 3550 Maxime,
1040 3492 1107 3537 ut
1126 3487 1298 3538 Iovem
1337 3487 1502 3538 adeas
1530 3487 1704 3539 Erem.
1742 3486 2024 3540 Lindenbr.
2065 3487 2207 3541 Reiz.
2266 3489 2348 3542 Cf.
2381 3491 2525 3542 Bris-

553 3571 663 3606 son.
696 3555 758 3607 de
788 3555 932 3607 l'orm.
964 3571 1014 3622 p.
1051 3556 1147 3608 116
1173 3557 1256 3605 ed.
1284 3555 1438 3607 Bach.

482 3625 514 3678 3
553 3624 631 3675 cf.
671 3622 802 3674 Non.
841 3640 869 3675 c
927 3626 961 3678 2
996 3638 1041 3674 s.
1080 3639 1135 3674 v.
1171 3625 1389 3676 mando.

481 3696 516 3747 ⁴
550 3693 620 3746 P·
658 3693 768 3744 issi
827 3692 1107 3757 „Tocela,
1144 3708 1293 3744 escae
1332 3695 1542 3757 regine,
1579 3692 1832 3743 salciciae
1857 3693 2080 3758 vulgo.“
2128 3692 2201 3745 Io.
2251 3709 2283 3746 a
2328 3693 2521 3746 Ianunz

549 3798 589 3827 „
645 3767 877 3814 meum.
919 3777 951 3814 a
984 3764 1175 3821 tundo,
1225 3763 1306 3812 dis
1343 3762 1539 3813 dieitur
1574 3763 1666 3812 hoc
1706 3769 1967 3826 tucetum,
2005 3763 2083 3826 ti,
2120 3763 2298 3825 cilius,
2336 3766 2425 3830 qui
2463 3765 2526 3816 fit

547 3846 614 3882 ex
646 3832 876 3881 carnium
915 3832 1241 3894 concisione,
1281 3832 1420 3881 sicut
1454 3831 1665 3882 selcicin
1701 3839 1798 3881 est.
1861 3831 2101 3882 Persius:
2157 3831 2258 3882 Sed
2295 3834 2522 3896 grandes

548 3900 754 3966 patinae
790 3906 1063 3966 tucetnque
1099 3902 1343 3951 crasss.“
1381 3927 1453 3937 —
1486 3899 1726 3951 Ceterum
1762 3902 1987 3951 salcicv'a
2023 3907 2148 3951 sunt
2180 3905 2469 3954 saucians.

481 3970 512 4020 5
547 3972 648 4018 aut
669 3973 979 4020 astutorum
1008 3973 1251 4019 carnium
1273 3971 1401 4019 iura
1434 3970 1518 4019 ed.
1547 3985 1624 4035 pr.

479 4037 510 4088 θ
554 4036 733 4087 Tucca
769 4037 944 4089 Erem.
994 4037 1144 4088 Lind.
1196 4035 1340 4088 Reiz.
1394 4035 1567 4090 Gloss.
1611 4037 1675 4090 Η.
1726 4035 1904 4105 Steph.
1952 4052 2003 4104 p.
2043 4037 2183 4094 2182
2233 4033 2524 4107 κατᾶχυμα

546 4101 750 4174 ζῶμον.
797 4104 1112 4170 Tuccetum,
1148 4103 1330 4173 ζωμὸς
1365 4102 1553 4172 παχύς.
