2764 4738
541 434 693 475 wa
1164 408 1928 504 ‘PROLEGOMENA

539 602 746 647 veram
779 590 955 664 atque
988 580 1187 646 vivam
1222 579 1541 664 imaginem
1572 577 1919 644 exhibuerit
1939 625 1958 656 ,
2004 578 2065 643 id
2107 581 2402 647 attentius
2446 605 2599 648 eon·

538 682 830 748 sideranti
863 682 1039 748 facile
1071 682 1415 767 apparebit,
1463 682 1640 747 aliter
1681 681 2062 746 iudicandum
2109 704 2251 750 esse
2292 685 2368 749 de
2398 687 2599 770 prima

541 787 676 851 eius
721 787 910 851 satira
956 796 1136 867 atque
1182 785 1255 847 de
1302 784 1552 849 ceteris.

709 885 781 952 In
828 888 1035 953 harum
1081 887 1238 953 enim
1282 888 1541 970 quinque
1584 886 1902 951 satirarum
1946 906 2305 971 unaquaque
2333 885 2598 953 Persius

537 990 902 1055 sententiam
950 990 1206 1074 aliquam
1256 1011 1290 1054 e
1338 988 1653 1073 disciplina
1696 990 1888 1053 stoica
1944 990 2278 1054 desumtam
2333 991 2598 1073 exponit

536 1094 657 1172 ita,
721 1103 786 1157 ut
841 1093 904 1156 in
961 1091 1184 1158 scholis
1244 1110 1350 1157 eas
1406 1089 1656 1154 tractari
1719 1091 2035 1155 didicerat.
2113 1090 2248 1154 Hoc
2301 1091 2594 1157 facillime

536 1196 897 1280 perspicitur
937 1196 1000 1260 in
1042 1194 1226 1258 satira
1273 1203 1524 1276 quarta,
1572 1212 1745 1275 quam
1788 1204 1972 1257 totam
2018 1215 2053 1256 a
2094 1190 2459 1257 scholastica
2497 1195 2594 1256 in·

535 1297 848 1362 stitutione
901 1298 1209 1383 pendere,
1270 1295 1369 1359 vel
1430 1315 1512 1357 ex
1575 1293 1910 1360 imitatione
1986 1295 2208 1378 dialogi
2277 1291 2592 1359 Platonici

534 1409 733 1485 patet,
780 1420 814 1463 e
847 1419 962 1481 qno
994 1399 1245 1483 primum
1278 1396 1619 1481 exemplum
1641 1441 1661 1473 ,
1707 1416 1824 1478 quo
1856 1397 2215 1461 sententiam
2247 1416 2420 1461 snam
2452 1398 2594 1462 illu·

535 1511 724 1578 strat,
776 1500 1014 1584 penitus
1059 1509 1122 1562 et
1150 1519 1333 1583 saepe
1364 1498 1441 1561 ad
1473 1496 1722 1561 verbnm
1754 1498 2062 1583 expressit
2095 1506 2140 1561 ¹.
2212 1497 2376 1563 Nam
2424 1520 2594 1564 snm-

535 1623 692 1666 mam
738 1601 912 1665 huius
955 1601 1180 1664 satirae
1227 1619 1405 1679 esse,
1455 1610 1519 1663 nt
1560 1600 1856 1684 exemplis
1900 1600 2238 1666 illustretur
2275 1600 2395 1665 ista
2441 1621 2594 1665 sen-

534 1703 766 1783 tentia,
811 1704 1127 1788 plerosque
1168 1701 1476 1781 homines,
1541 1722 1653 1766 sna
1693 1703 1842 1766 vitia
1883 1701 2288 1784 cognoscendi
2333 1722 2591 1786 operam

535 1805 876 1891 fugientes,
924 1805 1121 1870 aliena
1163 1802 1490 1883 insectari,
1534 1824 1647 1869 suo
1692 1804 1826 1868 loco
1861 1803 2146 1867 monitum
2181 1814 2300 1867 est.
2358 1802 2592 1888 Neque

534 1908 716 1972 aliter
743 1929 811 1973 se
844 1927 943 1971 res
974 1905 1156 1971 habet
1186 1906 1248 1968 in
1281 1905 1531 1970 ceteris.
1594 1902 1820 1987 Quinta
1854 1905 2127 1987 quidem,
2174 1925 2330 1988 quae
2359 1916 2493 1970 tota
2525 1907 2591 1970 in

536 2031 613 2074 eo
642 2020 964 2087 versatur,
1010 2020 1078 2073 ut
1108 2006 1373 2073 Stoicam
1408 2007 1745 2071 libertatem
1775 2007 2044 2071 vindicet
2070 2019 2249 2091 atque
2281 2008 2584 2095 explicet,

536 2133 710 2195 quam
752 2113 833 2175 sit
875 2122 1012 2195 apta
1060 2129 1144 2173 ex
1194 2106 1543 2173 Stoicorum
1585 2109 1901 2195 disciplina
1946 2120 2218 2194 apertum
2265 2121 2398 2187 est,
2447 2132 2590 2174 cum

533 2213 893 2298 praesertim
937 2212 1109 2276 initio
1157 2208 1495 2275 Cornutum
1540 2211 1916 2295 alloquatur,
1964 2211 2137 2294 eique
2181 2232 2249 2277 se
2298 2222 2583 2277 ostensu-

532 2337 664 2380 rum
696 2315 1043 2401 promittat,
1093 2313 1432 2380 doctrinam
1466 2314 1596 2380 eius
1627 2332 1695 2378 se
1727 2323 1855 2378 toto
1886 2323 2138 2399 pectore
2166 2324 2347 2400 atque
2379 2316 2588 2380 animo

533 2417 919 2481 combibisse.
996 2414 1084 2482 Ut
1124 2416 1188 2480 in
1230 2415 1384 2494 hac,
1432 2415 1518 2481 ita
1557 2416 1619 2479 in
1664 2417 1932 2481 secunda
1989 2437 2224 2501 quoque
2279 2429 2344 2482 et
2399 2429 2587 2484 sexta

533 2518 762 2582 amicos
803 2518 1164 2601 alloquitur,
1223 2520 1381 2602 quod
1426 2540 1557 2582 cnm
1600 2518 1663 2581 iu
1720 2519 1988 2583 secunda
2057 2518 2144 2582 ita
2213 2521 2437 2600 faciat,
2518 2533 2589 2586 ut

531 2616 814 2684 Macrino
865 2620 1018 2683 diem
1063 2621 1324 2686 natalem
1372 2620 1824 2706 gratulaturus,
1887 2640 2003 2704 quo
2045 2621 2419 2704 potissimum
2468 2623 2587 2689 diis

532 2743 749 2807 preces
780 2723 984 2788 offerri
1014 2723 1324 2801 solebant,
1373 2723 1450 2789 ab
1497 2723 1638 2787 eins'
1658 2723 2007 2808 integritate
2039 2733 2101 2786 et
2131 2723 2429 2807 probitate
2462 2726 2587 2791 dis-

531 2826 859 2910 putationis
893 2826 967 2890 de
996 2827 1183 2892 variis
1216 2824 1519 2889 hominum
1552 2826 1711 2890 circa
1742 2843 1957 2909 preces
2003 2824 2315 2889 erroribus
2343 2833 2369 2867 ²
2400 2828 2586 2892 telam

534 2929 925 3006 exordiatur,
992 2939 1054 2992 et
1093 2928 1173 2993 ita
1206 2928 1505 3012 quandam
1538 2939 1741 2992 tamen
1772 2928 1938 2991 inter
1966 2926 2096 2990 eius
2126 2947 2450 3011 personam
2484 2931 2585 2993 cui

530 3031 779 3095 satiram
838 3031 1144 3117 inscripsit
1198 3031 1543 3114 satiraeque
1602 3039 2020 3112 argumentum
2087 3028 2581 3095 coniunctionem

530 3142 811 3218 appetat,
861 3133 922 3196 in
964 3144 1142 3198 sexta
1197 3133 1482 3197 allocutio
1532 3131 1605 3195 ad
1655 3128 1912 3195 Bassum
1959 3129 2107 3195 nihil
2153 3150 2290 3194 esse
2335 3131 2587 3196 videtur

531 3235 649 3298 nisi
680 3235 981 3301 amicitiae
1012 3236 1285 3314 testatio,
1334 3254 1529 3317 neque
1562 3254 1696 3298 cum
1727 3243 2088 3318 argumento
2120 3233 2347 3298 satirae
2368 3278 2386 3311 ,
2423 3256 2579 3318 quae

532 3337 606 3400 de
636 3338 841 3423 pravis
884 3338 1047 3402 inter
1086 3337 1360 3401 homiues
1402 3338 1477 3401 de
1519 3335 1744 3401 divitiis
1787 3334 2170 3421 opinionibus
2199 3337 2580 3420 pervulgatis

533 3491 556 3542 1
599 3491 815 3543 Omnino
851 3493 1057 3544 videtur
1093 3493 1217 3544 mib'i
1254 3493 1379 3544 baec
1415 3492 1581 3550 satira
1629 3490 1851 3541 omnium
1899 3490 2063 3556 prima
2101 3504 2133 3540 a
2168 3487 2345 3542 Persio
2382 3492 2580 3559 scripta

597 3575 731 3611 ease.
770 3560 879 3611 Non
921 3562 1082 3613 solum
1118 3561 1341 3613 scholam
1379 3560 1600 3612 maxime
1637 3562 1767 3626 sapit
1792 3595 1806 3622 ‚
1856 3560 1945 3609 aed
1994 3558 2216 3609 omnium
2253 3562 2581 3626 apertissime

597 3629 807 3679 nimium
859 3630 988 3681 illud
1041 3631 1193 3682 etiam
1247 3632 1297 3681 in
1349 3630 1615 3681 obscoenis
1662 3628 1995 3694 depingendis
2031 3628 2383 3692 demonstrat,
2442 3632 2578 3697 qnod

597 3711 776 3813 Bai-um
825 3699 991 3778 adulti
1041 3701 1251 3780 necdum
1302 3698 1489 3750 tit-mati
1534 3697 1665 3748 satis
1712 3697 1906 3778 ingenii
1940 3697 2137 3779 signum
2176 3711 2289 3748 ease
2325 3698 2575 3781 yidimua.

644 3780 829 3829 auique
864 3766 983 3816 vnde
1019 3782 1081 3816 an
1119 3768 1246 3818 illud
1284 3783 1485 3834 quoqne
1531 3773 2006 3818 commemoratione
2057 3767 2262 3829 dignum
2292 3773 2393 3831 σιτ,
2445 3769 2576 3834 qnod

598 3833 649 3882 in
689 3832 783 3882 bac
821 3835 1135 3898 potissimum
1171 3838 1333 3887 satira
1363 3836 1684 3900 Virgilianae
1722 3835 2027 3885 imitationis
2061 3835 2284 3898 vestigia
2324 3839 2577 3902 quaedam

596 3902 1080 3953 animadvertuntur
1116 3904 1209 3967 (οῖ.
1236 3921 1287 3954 ν.
1318 3908 1368 3956 4.
1399 3906 1464 3957 39
1491 3921 1601 3972 sqq.
1631 3905 1774 3968 ⁴403
1810 3902 2089 3968 Virgilium
2126 3904 2262 3956 enim
2299 3904 2351 3955 in
2378 3907 2578 3959 acholis

633 3971 902 4021 raeaertim
939 3971 1229 4024 lectitatum
1266 3988 1382 4023 essa
1419 3980 1642 4025 constat.

528 4042 562 4094 2
643 4056 671 4088 e
722 4041 961 4105 precibus
1008 4047 1235 4093 veterum
1284 4042 1497 4109 scripsit
1543 4041 1775 4094 Laaaulx
1829 4042 1879 4094 in
1928 4041 2032 4092 ind.
2099 4042 2244 4093 lectt.
2307 4040 2572 4113 Herbipot.

119 4131 297 4401 ,1Ιῇ
344 4191 347 4192 V
596 4125 644 4160 a.
688 4109 838 4160 1842.
