2764 4738
191 588 466 671 accepia
498 584 573 651 C.
607 584 686 651 B.
721 584 1120 665 Heinricbio,
1166 607 1351 664 mox,
1401 594 1469 651 ιιι
1496 604 1715 672 spero,
1759 586 2051 651 edendas.
2110 585 2241 653 Eas

189 728 325 770 cnm
371 707 513 769 mihi
560 727 773 771 mense
823 703 1170 789 Septembri
1211 706 1355 769 anni
1400 704 1710 791 praeteriti
1767 706 2077 785 traderet,
2139 706 2242 770 ubi

188 826 655 889 commentarius
715 844 886 889 meus
947 835 1361 909 praeterquam
1420 822 1485 886 in
1544 833 1781 887 sextam
1827 824 2074 887 satiram
2120 824 2238 888 iam

192 944 350 1027 typis
381 942 695 1007 mandatus
728 944 875 1018 suit,
929 942 1205 1027 seposui‚
1262 962 1378 1005 nee
1418 942 1600 1005 ullum
1645 960 1851 1005 earum
1895 961 2063 1006 usum
2099 943 2240 1020 feci,

190 1062 308 1124 nisi
340 1062 495 1144 qnod
528 1062 666 1125 cod.
702 1059 963 1124 Romani
995 1059 1318 1123 collatione
1344 1059 1409 1122 in
1434 1060 1882 1143 prolegomenis
1914 1080 2059 1123 usus
2090 1081 2241 1123 sum.

190 1177 317 1242 Sub
362 1182 541 1242 finem
584 1190 785 1244 autem
831 1178 978 1243 anni
1022 1178 1337 1263 praeteriti
1390 1178 1596 1262 accepi
1651 1174 1730 1242 C.
1777 1175 1855 1240 F.
1906 1176 2246 1240 Her-manni

192 1298 487 1361 lectiones
546 1294 881 1361 Persianas
939 1295 1013 1359 ab
1072 1307 1322 1360 auctore
1381 1295 1526 1360 mihi
1587 1295 1747 1360 dono
1807 1295 2064 1373 missas,
2127 1316 2244 1379 quo

195 1427 463 1499 tempore
512 1425 758 1499 praeter
808 1426 1041 1478 textum
1102 1424 1166 1479 et
1223 1414 1721 1479 commentarium
1783 1413 1960 1477 etiam
2017 1412 2246 1479 scholia

196 1535 484 1618 impressa
524 1544 745 1611 erant,
808 1543 872 1596 et
912 1534 1389 1618 prolegomenon
1437 1532 1626 1616 prima
1685 1551 1825 1616 pars
1881 1532 2240 1616 perscripta.

196 1650 402 1734 Itaque
447 1672 563 1717 nee
606 1671 712 1716 eas
755 1653 964 1736 legere
1007 1651 1211 1729 volui,
1257 1651 1362 1714 sed
1414 1671 1597 1734 opu8‚
1647 1670 1836 1734 paene
1879 1652 2239 1729 absolutum,

196 1781 259 1833 ut
286 1770 633 1854 inceperam
656 1817 676 1850 ,
724 1770 988 1857 perfeci,
1040 1777 1103 1833 et
1133 1789 1293 1832 nunc
1324 1768 1562 1833 tandem
1594 1768 1668 1831 ad
1704 1769 1835 1833 eius
1865 1770 2000 1833 libri
2032 1770 2246 1833 lectio-

194 1907 326 1950 nem
371 1889 686 1953 accedam.
751 1885 1127 1971 Quamquam
1172 1887 1333 1951 enim
1365 1889 1581 1952 vellem
1617 1897 1682 1950 ut
1711 1908 1821 1951 suo
1854 1898 2123 1972 tempore
2157 1888 2247 1952 uti

193 2005 266 2069 iis
295 2008 671 2091 potuissem,
711 2027 864 2089 quae
894 2008 993 2071 vir
1023 2006 1405 2071 doctissimus
1437 2017 1874 2070 commentatus
1905 2017 2035 2084 est,
2084 2026 2246 2070 nunc

191 2126 408 2188 melius
467 2126 659 2205 duxi,
720 2144 991 2188 meorum
1049 2125 1384 2188 studiorum
1446 2135 1803 2209 proventum
1860 2146 2108 2208 prorsus
2152 2126 2246 2188 in·

193 2254 419 2306 tactum
448 2264 732 2308 servare.
798 2240 925 2307 Iam
968 2265 1101 2307 eum
1131 2244 1318 2307 multa
1347 2244 1482 2308 sine
1515 2243 1693 2306 dubio
1725 2244 1800 2307 ab
1833 2264 1907 2308 eo
1940 2243 2247 2328 proposita

191 2361 353 2439 sint,
404 2383 558 2446 quae
603 2361 761 2448 apud
803 2384 899 2428 me
948 2383 1183 2447 qnoque
1226 2362 1548 2448 leguntur,
1597 2384 1720 2427 non
1769 2382 1929 2447 nego
1975 2362 2245 2447 gaudere

191 2501 322 2558 me,
387 2481 548 2563 quod
606 2481 693 2544 ita
752 2493 1029 2558 constet,
1092 2503 1129 2544 a
1185 2503 1281 2546 me
1341 2502 1576 2564 quoqne
1636 2501 1710 2545 ea
1768 2481 2020 2545 inventa
2078 2500 2241 2545 esse.

193 2596 417 2663 Restat
458 2599 760 2682 denique,
821 2610 889 2663 ιιι
931 2600 1004 2664 dc
1047 2600 1492 2684 prolegomenis
1539 2599 1746 2684 paucis
1791 2619 2092 2662 moneam.
2169 2595 2240 2661 In

195 2717 408 2800 quibus
449 2717 651 2803 paullo
695 2718 874 2783 latius
918 2721 1292 2802 evagandum
1339 2719 1490 2794 fuit,
1552 2728 1620 2780 ut
1675 2717 2240 2801 omnia'compone·

198 2848 446 2913 rentur,
494 2856 650 2919 quae
695 2837 771 2899 ad
813 2837 1190 2901 formandum
1236 2838 1311 2900 tle
1341 2834 1544 2902 Persii
1573 2836 1820 2919 ingenio
1854 2847 1917 2900 et
1944 2847 2119 2914 arte,
2171 2836 2245 2901 de

196 2955 322 3018 eins
367 2953 559 3018 satira
605 2975 741 3017 cum
785 2955 1005 3020 ceteris
1050 2956 1316 3020 satiricis
1360 2965 1705 3041 comparata
1752 2954 2036 3018 iudicium
2081 2955 2246 3018 face·

195 3085 353 3137 rent.
431 3069 529 3135 De
585 3072 933 3156 quibusdam
992 3074 1336 3138 accuratius
1392 3074 1801 3157 quaerendum
1845 3072 2031 3148 duxi,
2093 3092 2247 3155 quae

194 3190 459 3254 nondum
500 3190 585 3255 ita
625 3193 903 3276 exposita
958 3192 1205 3270 inveni,
1254 3203 1322 3256 ut
1370 3191 1646 3257 breviter
1702 3192 1776 3254 de
1830 3190 2242 3276 gravioribnS,

193 3331 346 3391 qnae
380 3309 643 3374 maxime
674 3312 752 3374 ad
792 3331 919 3375 rem
961 3311 1382 3396 pertinerent,
1416 3309 1634 3374 referri
1666 3310 1953 3395 potnerit.
2018 3307 2248 3392 Quam-

194 3449 369 3511 quam
413 3428 514 3492 vel
557 3428 648 3492 sie
694 3430 937 3494 multum
988 3431 1201 3507 abest,
1246 3441 1314 3493 ut
1358 3429 1561 3493 omnia
1606 3429 1906 3493 exhausta
1950 3428 2052 3493 vel
2096 3428 2245 3492 satis

192 3547 496 3611 subtiliter
534 3558 600 3611 et
640 3548 817 3634 plene
865 3559 1120 3612 tractata
1182 3569 1321 3613 esse
1378 3558 1619 3633 putemz
1682 3548 1934 3611 sufficiet
1990 3547 2135 3611 mihi
2191 3546 2244 3612 si

193 3667 590 3750 gravissimas
647 3687 750 3731 res
810 3667 1140 3732 attendisse
1201 3688 1318 3732 nee
1374 3666 1771 3750 indiligenter
1827 3667 2244 3750 quaestionem

194 3785 458 3849 movisse
493 3783 640 3849 Tibi
671 3785 944 3849 videbor.
1018 3783 1139 3867 Iis,
1188 3807 1341 3869 quae
1375 3787 1450 3848 de
1483 3782 1759 3850 Cornuto
1791 3796 1855 3851 et
1883 3783 2087 3850 Probo
2122 3786 2243 3850 dis-

196 3903 402 3983 serui,
455 3903 720 3967 nondum
763 3923 893 3969 rem
935 3915 1242 3988 peractam
1288 3924 1426 3969 esse
1484 3906 1722 3985 fateor,
1783 3926 1996 3970 verum
2052 3905 2114 3966 in
2173 3924 2244 3968 re

198 4021 459 4088 obscura
490 4033 552 4087 et
580 4022 862 4088 intricata
895 4023 1039 4087 nulli
1070 4044 1291 4108 operae
1337 4024 1698 4110 parcendum
1748 4021 2133 4101 existimavi,
2180 4031 2245 4085 ut
