2764 4738
537 398 659 464 140
1252 398 1420 459 8ΑΤ.
1452 400 1521 469 II,
1553 404 1635 462 70
1665 434 1747 443 —
1779 405 1882 461 75.

535 572 772 651 egregie
831 568 1108 651 quadrant
1166 589 1348 648 pupae
1406 570 1619 629 ceteris
1685 571 2024 647 virginitatis
2093 569 2409 645 insignibus.
2469 603 2560 615 —-

400 719 403 726 ,
531 658 765 718 Multum
806 656 1096 717 celebrata
1136 653 1281 733 apud
1313 655 1574 733 antiquos
1618 652 1931 732 scriptores
1970 656 2254 714 sententia
2290 666 2400 723 est,
2441 675 2558 713 non

534 743 826 802 sacrificiis
874 742 1108 820 amplis,
1150 738 1254 800 secl
1296 741 1390 819 pia
1426 758 1677 819 puraque
1718 750 1907 800 mente
1964 738 2104 800 deos
2146 737 2428 818 gaudere;
2477 742 2561 798 ef.

534 828 680 887 Plan.
708 826 838 887 Alc.
863 828 914 886 II
940 848 999 905 p.
1036 830 1152 889 149
1180 826 1247 885 Ε.
1279 823 1385 884 καῖ
1412 820 1532 908 γὰρ
1566 822 1641 884 ἂν
1671 821 1868 885 δεινὸν
1889 824 2006 898 εἴη,
2036 824 2095 884 εἰ
2117 821 2270 907 πρὸς
2293 821 2362 885 τὰ
2391 823 2561 904 δῶρα

537 912 640 972 καῖ
664 908 773 982 τὰς
798 911 1022 981 θυσίας
1044 906 1483 990 ἀποβλέπουσιν
1511 907 1680 988 ἡμῶν
1715 912 1773 969 οἱ
1795 909 1959 981 θεοί,
1994 906 2142 969 ἀλλὰ
2171 905 2252 988 μὴ
2279 904 2424 991 πρὸς
2446 906 2563 983 τὴν

533 993 763 1076 ψυχήν,
811 992 886 1055 ἄν
919 1018 1009 1065 τις
1047 991 1212 1065 ὅσιος
1255 993 1359 1054 καὶ
1403 993 1639 1064 δίκαιος
1681 989 1765 1053 ὧν
1804 990 2086 1077 τυγχάνῃ.
2182 994 2398 1055 Seneca
2419 1016 2554 1075 epp.

537 1083 716 1153 CXV,
746 1086 819 1144 6:
867 1081 1127 1153 „Colitur
1154 1090 1341 1140 autem
1380 1100 1492 1138 non
1521 1091 1807 1138 taurorum
1842 1082 2041 1158 opimis
2067 1082 2394 1158 corporibus
2422 1101 2564 1140 eou-

536 1165 848 1238 trucidatis,
884 1185 987 1226 nee
1004 1186 1143 1226 auro
1174 1177 1525 1244 argentoque
1543 1184 1845 1243 suspenso,
1880 1184 1987 1225 nee
2016 1167 2072 1224 in
2100 1163 2396 1225 thesauros
2414 1169 2566 1244 stipe

538 1254 761 1323 infusa,
789 1250 893 1312 sed
932 1253 1024 1330 pia
1069 1263 1130 1312 et
1170 1262 1331 1311 recta
1355 1252 1710 1309 voluntate.“
1741 1271 1870 1329 epp.
1903 1250 2079 1321 XCV,
2094 1255 2211 1313 50:
2257 1252 2394 1324 „vis
2421 1249 2565 1311 deos

538 1340 869 1418 propitiare,
904 1338 1085 1396 bonus
1112 1344 1311 1397 esto.“
1384 1334 1503 1395 Hoc
1536 1356 1708 1395 carm.
1752 1336 1845 1406 111,
1886 1340 1993 1406 23,
2028 1340 2108 1399 17
2137 1356 2261 1417 sqq.
2287 1337 2361 1396 ib.
2392 1340 2566 1416 intpp.

540 1425 660 1484 Boe
689 1442 793 1482 suo
833 1420 999 1481 modo
1042 1423 1332 1501 expressit
1375 1420 1628 1481 Persius.
1674 1421 1965 1480 Sacrificia
2007 1423 2194 1499 opima
2233 1422 2321 1481 dis
2359 1423 2563 1482 offerre

541 1521 733 1587 potest
759 1509 939 1587 quivis
968 1528 1239 1586 magnas,
1269 1505 1429 1567 dives
1460 1518 1521 1566 et
1545 1507 1746 1567 nobilis
1782 1507 1848 1580 (Ι,
1886 1511 2029 1569 108.
2070 1507 2354 1580 Seebode‚
2375 1508 2562 1568 Sebol.

539 1617 593 1654 z.
624 1593 761 1653 IIor.
792 1594 895 1672 Ip.
924 1598 962 1656 9
990 1601 1110 1674 sq.)
1153 1596 1224 1652 de
1262 1612 1480 1670 magna
1518 1595 1688 1652 lance
1720 1593 1820 1666 (cf.
1852 1591 2014 1652 Ovid.
2057 1613 2190 1674 epp.
2232 1595 2332 1665 IV,
2361 1599 2421 1666 8,
2451 1599 2564 1657 39:

541 1680 665 1739 Nee
705 1700 851 1760 quae
882 1677 953 1740 de
980 1700 1157 1759 parva
1184 1678 1313 1739 diis.
1323 1698 1540 1758 pauper
1571 1679 1709 1739 libat
1735 1698 1957 1750 acerra,
1985 1679 2139 1738 Tura
2165 1682 2345 1739 minus
2374 1678 2570 1759 grandi

540 1787 704 1846 quam
735 1764 867 1824 «lata
890 1766 1050 1825 lance
1072 1765 1320 1838 valent),
1352 1766 1576 1825 etiamsi
1603 1765 1853 1842 corrupti
1886 1767 1962 1823 sit
1988 1767 2180 1825 animi.
2241 1766 2566 1846 Exemplum

543 1852 712 1911 affert
740 1853 1067 1911 Messallae
1084 1853 1302 1929 lippam
1320 1853 1736 1929 propaginem.
1788 1848 2060 1929 Intelligit
2085 1862 2372 1923 autem‚ut
2388 1853 2561 1912 schol.

538 1947 716 2008 notat,
749 1937 815 1997 L.
850 1935 1142 1997 Aurelium
1173 1937 1394 1995 Cottam
1428 1936 1833 1995 Messallinum.
1878 1936 1981 1995 nic
2009 1938 2118 1995 fuit
2142 1937 2222 1997 M.
2256 1938 2386 1998 val.
2416 1939 2568 1998 Mes·

540 2024 716 2083 saliae
747 2024 1008 2095 Corvini,
1041 2024 1262 2101 egregii
1290 2023 1440 2082 illius
1467 2023 1572 2081 viri
1591 2066 1608 2093 ,
1635 2021 1911 2099 triumpho
1930 2065 1947 2093 ,
1990 2023 2316 2102 eloquentia
2335 2068 2352 2094 ,
2382 2036 2568 2104 totque

539 2110 833 2168 illustrium
864 2120 1178 2187 poetarum,
1215 2129 1356 2187 quos
1391 2109 1536 2166 fovit
1565 2119 1624 2167 et
1654 2110 1828 2179 auxit,
1852 2109 2098 2167 amicitia
2141 2111 2395 2187 insiguiS,
2430 2111 2570 2169 alter

538 2195 704 2266 filius,
736 2215 770 2252 a
806 2196 1003 2254 matris
1044 2194 1223 2252 fratre
1256 2192 1328 2253 L.
1358 2192 1597 2252 Aurelio
1628 2193 1795 2252 Cotta
1828 2191 2152 2271 adoptatuS.
2219 2194 2409 2254 Patris
2456 2197 2567 2254 fra·

540 2281 755 2359 trisque
786 2277 1070 2338 dissimilis
1102 2300 1136 2338 a
1166 2281 1306 2337 tanti
1331 2280 1564 2356 generis
1590 2278 1887 2338 virtutibus
1925 2279 2317 2358 degeneravit,
2361 2279 2568 2340 atrocis

540 2366 749 2444 ingenii
792 2377 853 2425 et
894 2363 1097 2425 foedus
1130 2364 1346 2424 Tiberii
1388 2362 1648 2424 adulator
1692 2364 1846 2439 (Tae.
1876 2363 2027 2424 Anu.
2057 2364 2129 2437 V,
2159 2371 2220 2429 3.
2252 2366 2350 2438 VI,
2384 2372 2475 2439 5).
2519 2365 2567 2425 Is

539 2453 691 2511 iuter
717 2452 969 2528 insignes
1010 2450 1304 2510 helluones
1332 2461 1672 2510 recensetur
1702 2449 1867 2524 (Plin.
1894 2450 1971 2522 X,
2000 2456 2102 2523 22,
2132 2457 2274 2525 27),
2311 2450 2463 2513 unde
2491 2453 2568 2509 vi·

541 2540 619 2596 tio
649 2536 933 2595 oculorum
963 2536 1277 2608 laborabat,
1321 2533 1467 2615 quod
1496 2555 1571 2595 ex
1600 2538 2031 2614 intemperantia
2055 2539 2400 2615 potissimum
2428 2539 2571 2597 orie-

539 2622 707 2682 batur
753 2622 829 2696 (V
832 2665 849 2693 ,
882 2628 1025 2696 77),
1072 2641 1247 2702 quare
1289 2623 1487 2700 lippus
1531 2632 1784 2680 vocatur.
1844 2621 1932 2680 Cf.
1968 2622 2196 2695 wiese,
2233 2621 2305 2682 ‹le
2331 2623 2416 2683 Μ.
2446 2623 2568 2683 Val.

538 2707 848 2767 Messallae
881 2707 1110 2766 Corvini
1138 2709 1253 2767 vita
1285 2719 1344 2766 et
1372 2705 1575 2766 studiis
1608 2705 1901 2767 doetrinae
1930 2728 1986 2786 p.
2019 2712 2100 2770 36
2124 2728 2210 2788 sq.
2257 2709 2418 2782 Quae
2449 2709 2570 2768 talis

540 2794 706 2852 homo
734 2812 843 2851 nou
869 2804 1060 2871 potest
1088 2793 1450 2864 sacrificare,
1483 2811 1556 2851 ea
1589 2789 1695 2851 diis
1728 2790 2019 2881 offerendp
2049 2804 2210 2864 sunt,
2238 2797 2330 2852 ius
2360 2806 2423 2853 et
2439 2793 2568 2872 sas,

543 2881 586 2939 i.
630 2897 685 2938 e.
712 2876 901 2937 divina
942 2889 1002 2937 et
1060 2878 1301 2937 humana
1335 2879 1460 2936 iura
1507 2876 1699 2951 (Serv.
1749 2875 1821 2936 ad
1868 2878 2031 2955 Virg.
2069 2878 2279 2957 Georg.
2324 2880 2365 2951 1,
2407 2884 2571 2951 269),

543 2966 736 3023 animo
767 2965 917 3022 inter
944 2981 1008 3023 se
1053 2966 1412 3042 composita,
1462 2965 1609 3022 sicut
1637 2965 1764 3041 ipsa
1813 2983 1970 3021 meus
2013 2966 2327 3042 composita
2374 2964 2575 3025 dicitur

544 3048 712 3121 (Seu.
748 3068 841 3127 ep.
878 3049 949 3119 II,
982 3053 1064 3121 1).
1135 3051 1414 3108 Recessus
1455 3051 1664 3107 mentis
1706 3059 1767 3106 ut
1813 3048 2052 3128 φρενῶν
2079 3047 2266 3129 μύχος
2308 3051 2571 3124 (Theocr.

542 3134 755 3205 XXIX,
784 3138 875 3205 3).
920 3137 1132 3194 Pectus
1165 3137 1475 3204 incoctum,
1518 3136 1597 3192 ita
1622 3144 1682 3191 ut
1712 3134 1938 3211 penitus
1967 3136 2254 3212 perfusum
2284 3139 2359 3195 sit
2393 3137 2570 3214 (Virg.

545 3218 754 3298 Georg.
786 3218 884 3289 Ill,
913 3223 1058 3281 397.
1089 3219 1323 3279 Biinem.
1369 3217 1442 3278 ad
1485 3217 1654 3277 Laet.
1699 3218 1742 3277 Ι.
1788 3218 1858 3277 D.
1893 3218 1964 3289 II,
2003 3223 2064 3290 8,
2111 3224 2210 3281 62.
2254 3219 2325 3280 de
2370 3224 2456 3280 ira
2488 3220 2571 3280 dei

548 3309 646 3376 13,
684 3310 771 3376 4),
808 3324 1097 3383 generoso
1132 3306 1411 3374 honesto,
1459 3314 1521 3362 ut
1559 3303 1774 3363 Lucan.
1803 3302 1875 3373 11,
1906 3307 2061 3366 389:
2122 3304 2287 3383 rigidi
2318 3317 2574 3367 servator

542 3391 790 3450 honesti.
866 3390 1141 3468 Exempla
1179 3388 1582 3449 adieclivorum
1624 3387 1856 3448 duorum
1902 3391 1978 3446 ita
2020 3392 2481 3459 coniunctorum.
2522 3401 2576 3449 ut

544 3475 781 3536 alterum
812 3475 1147 3535 substantivi
1170 3477 1298 3534 vice
1323 3477 1609 3553 fungatur,
1636 3496 1689 3533 v.
1723 3495 1813 3552 ap.
1834 3474 2042 3533 Obbar.
2069 3473 2138 3533 ad
2171 3475 2309 3535 Hor.
2340 3498 2432 3558 ep.
2464 3479 2508 3549 1,
2535 3480 2570 3536 2

547 3582 599 3640 p.
633 3565 735 3623 39.
786 3561 879 3620 Cf.
912 3561 1004 3633 111,
1037 3565 1111 3623 31
1145 3581 1230 3640 sq.
1304 3563 1465 3619 Haec
1506 3563 1683 3631 cedo,
1726 3558 1828 3630 da,
1879 3571 1940 3617 ut
1981 3562 2211 3638 templis
2247 3565 2569 3621 admoveam

546 3647 647 3718 (ef.
681 3648 836 3705 Cort.
863 3644 936 3705 ad
967 3647 1182 3706 Lucan.
1208 3646 1250 3715 I,
1282 3649 1452 3717 608),
1483 3657 1544 3704 et
1553 3643 1765 3722 farre,
1799 3643 1945 3724 quod
1991 3656 2082 3704 est
2113 3647 2567 3725 simplicissimum

546 3744 605 3790 et
625 3733 949 3790 vilissimum
968 3775 985 3801 ,
1014 3744 1073 3791 et
1101 3733 1407 3811 antiquitus
1440 3730 1527 3788 dis
1558 3731 1906 3789 offerebatur
1935 3730 2092 3804 (Hor.
2129 3751 2305 3792 carm.
2347 3735 2446 3804 111,
2475 3737 2565 3798 22,

552 3822 646 3880 19.
681 3816 820 3876 Plin.
852 3818 1058 3887 XVIII,
1094 3823 1157 3884 2)
1189 3817 1396 3887 litabo,
1431 3814 1806 3874 sacrificando
1853 3814 1993 3875 deos
2021 3819 2295 3895 propitios
2336 3819 2564 3883 habebo,

544 3905 619 3962 cf.
656 3903 1070 3981 Virg.Aeu.V,
1101 3907 1244 3965 745.
1273 3901 1656 3971 Liv.xxv11‚
1675 3906 1777 3969 23.
1803 3907 1863 3963 4.
1897 3901 2074 3961 Plaut.
2106 3903 2285 3964 Poen.
2305 3905 2376 3976 11,
2398 3911 2469 3968 41
2492 3923 2564 3981 sq·
