2764 4738
486 396 619 441 cmx
1162 371 1887 436 PROLEGOMENA.

482 543 932 630 grammaticum
979 542 1196 629 prodat
1229 552 1276 605 ¹.
1348 542 1423 608 Iu
1469 543 1721 609 eandem
1770 544 2030 608 classem
2078 542 2323 621 refero,
2378 562 2535 626 quae

485 650 562 713 de
605 660 738 712 stoa
783 646 1322 735 Πεισιανακτείῳ
1370 643 1516 728 (ΠΙ,
1563 643 1719 727 53),
1783 645 1856 708 ‹le
1911 643 2158 730 Zopyro
2212 641 2354 723 (IV,
2386 644 2531 727 24),

482 769 834 834 quamquam
866 769 999 813 eum
1033 750 1213 813 etiam
1243 770 1281 812 a
1311 747 1707 831 scriptoribus
1754 746 2187 811 ecclesiasticis
2226 746 2537 811 laudatum

480 852 665 916 video
698 847 990 935 (Origen.
1014 872 1069 914 c.
1092 847 1260 915 Cels.
1294 846 1364 928 Ι,
1386 847 1492 912 33.
1526 847 1759 915 Euseb.
1791 870 1997 933 praep.
2032 869 2253 931 evang.
2287 845 2405 927 vl,
2427 847 2533 931 9),

486 954 561 1018 de
577 948 813 1017 Iunone
834 946 1187 1036 Curiti(IV‚
1207 948 1346 1033 26),
1373 951 1447 1016 de
1464 950 1882 1015 sacerdotibus
1904 948 2155 1015 Cereris
2168 949 2534 1016 Eleusiniae

479 1050 593 1139 (V,
647 1052 800 1136 145)
845 1053 1063 1130 tradit,
1124 1072 1278 1136 quae
1337 1062 1406 1115 ut
1459 1052 1713 1117 meliora
1759 1049 2019 1116 Cornuti
2066 1052 2383 1131 doctrina,
2442 1053 2534 1116 ita

479 1151 730 1221 Valerio
772 1152 974 1220 Probo
1023 1174 1146 1217 non
1190 1154 1337 1218 satis
1384 1155 1566 1239 digna
1612 1154 1916 1219 videntur.
1985 1152 2092 1218 Ex
2121 1156 2370 1219 Acrone
2405 1156 2534 1218 for-

478 1269 646 1323 tasse
705 1256 886 1321 fluxit
941 1257 1121 1322 etiam
1193 1257 1606 1342 inscriptionis
1676 1256 1934 1321 obscura
2006 1257 2527 1333 commemoratio,

480 1383 653 1446 quam
689 1358 915 1425 Similis
945 1358 1057 1423 sibi
1090 1360 1429 1444 ponendam
1464 1359 1699 1423 curavit
1732 1354 1843 1440 (11,
1885 1357 1975 1441 1).
2028 1356 2343 1440 Quoddam
2375 1369 2532 1422 tem-

477 1462 643 1548 poris
703 1460 989 1526 indicium
1047 1460 1191 1524 facit
1245 1459 1473 1525 mentio
1516 1460 1813 1544 praetoris
1857 1461 2133 1525 tutelaris
2168 1468 2194 1502 ²
2236 1457 2350 1540 (ΙΙ,
2389 1458 2529 1543 19),

476 1564 578 1647 qui
621 1584 657 1627 a
701 1560 795 1626 Μ.
830 1563 1145 1626 Antonino
1190 1562 1543 1647 philosopho
1589 1563 1842 1647 primum
1884 1562 2193 1626 institutus
2238 1572 2336 1627 est
2377 1561 2527 1648 (Iul.

481 1662 684 1751 Capit.
718 1688 781 1729 v.
815 1661 907 1727 Μ.
942 1664 1094 1727 Ant.
1132 1659 1281 1748 10),
1329 1685 1516 1747 quare
1559 1685 1594 1726 a
1639 1660 1893 1728 Valerio
1936 1660 2141 1727 Probo
2184 1685 2305 1728 non
2334 1665 2532 1749 potnit

479 1766 973 1843 commemorari,
1021 1767 1213 1851 magis
1243 1787 1396 1832 vero
1429 1766 1759 1830 convenire
1793 1766 2036 1830 videtur
2063 1765 2320 1831 Acroni.
2370 1763 2529 1830 Item

382 1884 385 1887 '
476 1871 636 1955 quod
683 1870 758 1934 de
804 1869 1226 1953 recognitione
1273 1868 1572 1951 equitum,
1621 1889 1742 1931 non
1788 1878 1857 1932 ut
1886 1867 2025 1932 olim
2069 1889 2177 1952 per
2202 1890 2525 1949 censores,

43 4163 427 4375 'a

475 1973 581 2037 sed
625 1992 733 2056 per
762 1971 1045 2035 consules
1075 1972 1231 2033 faeta
1266 1966 1413 2050 (111,
1447 1967 1563 2053 28)
1584 2016 1602 2047 ,
1646 1970 1941 2049 traditur,
1991 1971 2064 2034 de
2098 1991 2210 2053 qna
2242 1993 2310 2036 re
2344 1992 2526 2036 nemo

474 2075 628 2138 alius
688 2073 935 2150 retulit,
999 2083 1095 2137 est
1136 2093 1172 2137 a
1224 2073 1616 2156 grammatico
1661 2072 1991 2158 scriptum,
2039 2073 2139 2155 qui
2182 2083 2324 2136 ante
2357 2070 2527 2136 Con-

476 2175 805 2240 stantinum
836 2176 1098 2259 quidem,
1133 2195 1347 2238 verum
1380 2173 1713 2239 serioribus
1737 2171 2000 2238 Romani
2033 2174 2265 2258 imperii
2295 2185 2529 2260 tempo-

474 2277 638 2343 ribus
669 2276 862 2356 vixit‚
928 2276 1009 2340 cf.
1042 2273 1430 2358 Marquardt.
1477 2274 1618 2338 hist.
1655 2276 1865 2360 equitt.
1899 2274 2084 2339 Rom.
2119 2298 2178 2360 p.
2212 2274 2317 2340 94.

646 2377 988 2463 Disceptari
1020 2389 1220 2464 potest
1252 2377 1324 2440 de
1359 2374 1615 2442 Graecis
1636 2424 1654 2456 ,
1689 2399 1842 2461 quae
1874 2379 2144 2462 quamvis
2175 2380 2525 2463 plerumque

471 2481 733 2565 turpiter
786 2480 1116 2544 deformata
1176 2478 1333 2556 sint,
1396 2480 1610 2563 partim
1654 2490 1858 2545 tamen
1900 2480 2049 2546 satis
2095 2493 2301 2566 aperte
2348 2503 2526 2546 mon-

471 2593 711 2662 strant,
760 2603 896 2647 esse
931 2603 1003 2647 ea
1034 2580 1109 2646 ab
1141 2581 1310 2644 initio
1342 2602 1377 2645 a
1412 2581 1606 2646 doctis
1650 2584 2058 2666 grammaticis
2100 2584 2409 2668 profecta,
2457 2596 2528 2649 et

470 2685 546 2750 ab
577 2685 813 2750 inscitis
857 2683 1196 2749 bominibus
1241 2694 1456 2768 postea
1488 2695 1794 2770 corrupta.
1852 2682 1945 2749 Ita
1977 2705 2128 2769 quae
2161 2685 2235 2748 de
2266 2682 2527 2751 Graecis

469 2787 807 2874 proverbiis
851 2809 889 2852 a
929 2785 1148 2850 Persio
1194 2786 1506 2871 expressis
1547 2797 1872 2851 monentur
1913 2784 1996 2868 (I,
2036 2786 2097 2850 1.
2131 2784 2276 2873 56),
2323 2788 2522 2852 virum

471 2890 714 2956 Graece
749 2891 986 2954 doctum
1021 2887 1315 2974 produnt,
1364 2899 1429 2953 et
1458 2910 1612 2972 quae
1647 2890 1720 2954 de
1751 2889 1940 2953 verbo
1972 2889 2231 2954 Bnlseus
2257 2886 2340 2974 (Ι,
2372 2887 2518 2973 75),

466 2992 872 3059 Mimallones
900 2989 985 3076 (1,
1018 2989 1172 3073 99),
1220 2989 1519 3055 Bassam
1549 2987 1636 3071 (1,
1674 2987 1828 3072 101)
1862 2991 2275 3076 disputantur,
2312 3014 2524 3076 quam-

467 3114 643 3178 quam
704 3093 919 3180 partim
978 3096 1228 3158 confusa
1286 3103 1463 3169 sunt,
1537 3093 1821 3176 verisque
1880 3093 2074 3157 mixta
2130 3094 2326 3175 mala,
2390 3116 2520 3159 non

465 3205 669 3280 potest
700 3207 902 3259 tamen
935 3194 1229 3272 dubitari,
1281 3190 1424 3278 quin
1469 3215 1553 3257 ex
1592 3193 1822 3277 antiqui
1868 3194 2176 3259 cuiusdam
2219 3218 2524 3281 gramma-

465 3298 573 3363 tici
633 3297 794 3362 notis
852 3307 1098 3362 servata
1155 3296 1300 3361 sint.
1358 3297 1563 3380 Atque
1613 3296 1768 3362 baec
1827 3297 2006 3362 etiam
2066 3298 2144 3362 ad
2202 3296 2520 3364 Valerium

469 3502 492 3555 1
535 3500 615 3554 Cf.
657 3501 792 3553 Ptin.
821 3519 930 3570 epp.
963 3501 1024 3568 11,
1053 3504 1105 3567 4,
1132 3504 1200 3557 2:
1253 3499 1385 3553 Cum
1421 3502 1649 3553 nubenti
1682 3503 1787 3554 tibi
1819 3506 1876 3553 in
1913 3502 2087 3555 dotem
2123 3508 2338 3556 centum
2360 3504 2520 3555 milia

535 3571 881 3622 centulfum
907 3577 1136 3638 praeter
1170 3587 1288 3630 eam
1322 3586 1622 3635 summam,
1675 3586 1839 3636 quam
1879 3577 2046 3638 pater
2078 3574 2224 3624 Deus
2259 3577 2420 3638 quan·
2450 3573 2520 3624 de

462 3706 498 3764 2
531 3639 909 3771 'Qnsgddiif‘tem
949 3709 1116 3775 princ.
1149 3708 1346 3774 legitur
1381 3705 1708 3769 tutelarim,
1757 3708 2022 3760 confirmat
2072 3709 2183 3759 cod.
2231 3706 2389 3760 Lanr.
2440 3709 2515 3775 pl.

530 3773 801 3840 xxxva,
835 3778 922 3831 20.
962 3776 1037 3828 Ει
1075 3778 1237 3830 forma
1273 3785 1442 3828 tamen
1480 3791 1544 3827 an
1584 3776 1709 3826 alibi
1746 3777 1955 3840 legatur
1990 3778 2179 3829 nescio.
2222 3776 2519 3845 Inscriptio-

531 3844 714 3908 nibu⁸‚
769 3846 818 3895 in
858 3847 1044 3911 quibus
1080 3847 1335 3914 praetoris
1372 3844 1616 3896 tutelaris
1651 3847 1842 3897 mentio
1879 3847 1969 3910 fit,
2024 3847 2089 3897 ab
2125 3846 2244 3897 aliis
2281 3846 2519 3897 collectis

531 3912 605 3975 (v.
646 3911 883 3964 Heinecc.
922 3922 1062 3982 synt.
1103 3914 1143 3979 1,
1181 3916 1269 3980 20,
1312 3915 1405 3979 13)
1458 3914 1588 3965 addc
1624 3928 1653 3965 a
1693 3913 1893 3982 Nihbyo
1927 3915 2088 3980 (anal.
2130 3914 2172 3965 11
2208 3932 2257 3982 p.
2299 3915 2423 3978 308)
2460 3922 2517 3966 et

530 3978 890 4033 Keller-manno
927 3983 1086 4049 (nnn.
1127 3982 1247 4034 dell'
1283 3983 1407 4034 inst.
1451 3983 1582 4037 183³
1619 3999 1668 4051 p.
1710 3984 1776 4037 64
1800 3983 1940 4051 sqq.)
1975 3985 2183 4037 editam.
2233 3982 2314 4036 Cf.
2356 3999 2518 4051 supra

531 4048 685 4101 Corn.
723 4050 832 4104 seb.
873 4052 934 4103 nd
972 4050 1084 4103 luv.
1126 4051 1212 4116 ΙΙΙ,
1252 4052 1371 4110 126.
