2764 4738
539 411 671 481 2⁰⁰
840 391 889 465 ‘i'
1261 417 1429 478 sn.
1460 416 1534 490 V,
1569 421 1784 481 123-
1808 422 1951 481 125.

541 590 672 649 Nee
697 608 824 649 eum
848 591 934 648 sis
964 600 1161 649 cetera
1177 586 1422 668 fossor,
1470 589 1746 661 incultus,
1792 585 1946 647 rudis
1966 630 1984 658 ,
2030 586 2234 646 Catull.
2264 587 2435 658 XXII,
2466 591 2561 649 10.

543 675 738 736 Iuven.
769 674 870 745 xl,
901 679 1004 746 80,
1035 694 1304 735 moveare
1323 718 1341 745 ,
1394 676 1606 734 saltare
1637 675 1861 752 possiS,
1906 692 2034 732 nam
2065 671 2118 731 id
2152 674 2424 751 significat
2449 693 2563 730 mo-

544 761 668 820 veri
713 761 872 833 (Hor.
914 780 1045 838 epp.
1092 760 1160 829 ΙΙ,
1205 765 1267 831 2,
1314 764 1454 822 125.
1500 780 1552 818 a.
1600 780 1659 838 p.
1707 763 1894 829 232),
1954 770 2013 816 ut
2058 778 2287 816 movere
2330 759 2565 817 membra

546 846 741 919 (Lucr.
785 844 883 916 lV,
914 848 1060 908 977.
1105 845 1239 904 Hor.
1272 856 1380 905 sat.
1412 845 1455 916 l,
1488 848 1548 915 9,
1578 849 1717 915 24),
1777 843 2008 903 brachia
2053 841 2244 915 (ovid.
2277 845 2347 902 A.
2378 846 2443 902 A.
2473 842 2567 915 111,

547 935 732 1004 350),
779 929 925 989 unde
966 942 1149 989 motus
1194 929 1265 989 de
1309 932 1608 989 saltatione
1643 930 1806 1002 (flor.
1843 949 2016 988 carni.
2047 928 2142 998 ΙΙΙ,
2176 932 2236 998 6,
2267 933 2405 1000 21),
2443 930 2569 1008 quia

545 1017 602 1075 in
644 1017 750 1076 bac
795 1016 1094 1075 saltatione
1142 1017 1311 1074 totius
1357 1016 1615 1093 corporis
1660 1027 1843 1074 motus
1897 1012 2141 1073 decorus
2198 1015 2567 1092 spectabatur.

544 1101 700 1160 Talis
731 1112 914 1160 motus
947 1100 1116 1160 fiebat
1143 1111 1305 1160 certo
1336 1099 1574 1179 quodam
1606 1099 1901 1183 rhythmo,
1953 1102 2012 1157 in
2046 1118 2344 1158 numerum
2376 1099 2565 1173 (Lucr.

545 1186 618 1257 11,
651 1190 794 1249 631.
838 1184 1001 1264 Virg.
1034 1185 1245 1264 Georg.
1276 1186 1374 1257 IV,
1413 1192 1590 1257 175),
1638 1197 1837 1244 contra
1869 1204 2030 1263 quem
2062 1187 2109 1242 si
2143 1187 2263 1265 quis
2291 1184 2574 1262 peccabat,

546 1275 597 1331 is
629 1282 805 1331 extra
829 1291 1131 1331 numerum
1162 1290 1226 1329 se
1258 1290 1489 1331 movere
1536 1268 1832 1330 dicebatur
1871 1270 2014 1340 (Cic.
2047 1269 2241 1347 parad.
2275 1271 2365 1340 ΙΙΙ,
2394 1275 2471 1331 26
2503 1270 2572 1328 cl.

550 1357 687 1417 Bor.
720 1375 848 1434 epp.
881 1356 922 1422 1,
960 1360 1057 1424 18,
1092 1359 1218 1424 59).
1263 1355 1379 1414 Iam
1412 1375 1550 1414 vero
1583 1357 1636 1413 iu
1670 1353 1929 1413 saltando
1959 1357 2105 1413 sicut
2133 1357 2190 1413 in
2223 1356 2576 1413 exercitatio·

547 1436 711 1496 nibus
744 1436 1100 1513 palaestricis
1133 1434 1295 1506 (Seu.
1328 1435 1518 1493 benef.
1553 1436 1674 1504 Vll,
1698 1443 1752 1496 1.
1786 1434 2064 1508 Quint.X,
2087 1440 2224 1506 1‚4.
2260 1436 2381 1504 ΧΠ,
2398 1441 2452 1498 2.
2480 1440 2573 1506 12)

549 1520 753 1595 singuli
797 1530 978 1579 motus
1024 1538 1158 1578 suos
1204 1518 1487 1577 habebant
1530 1539 1829 1590 uumeroS,
1873 1518 1941 1577 ad
1975 1538 2116 1599 quos
2148 1517 2575 1596 peragebantur.

548 1601 744 1681 Itaque
775 1622 992 1679 corpus
1022 1605 1104 1661 ad
1129 1622 1404 1661 numeros
1431 1623 1660 1663 movere
1689 1601 1944 1676 (Semde
1959 1613 2140 1681 tranq.
2177 1623 2269 1661 an.
2298 1610 2438 1680 15p.
2453 1606 2570 1664 281

549 1687 707 1766 Bip.)
739 1685 943 1746 dicitur
973 1685 1052 1756 is,
1084 1689 1176 1767 qui
1208 1689 1287 1746 ita
1318 1698 1536 1756 movet,
1568 1699 1629 1746 ut
1655 1689 1834 1766 quivis
1865 1694 2050 1746 motus
2080 1708 2186 1746 suo
2215 1709 2443 1746 numero
2473 1690 2577 1745 rite

550 1771 927 1852 respoudeat,
958 1791 1151 1832 omnes
1180 1792 1452 1832 numeros
1476 1774 1681 1852 implet
1709 1771 1923 1845 (Iuveu.
1958 1772 2056 1843 Vl,
2087 1777 2235 1835 249.
2268 1774 2340 1831 cl.
2368 1773 2576 1832 Auson.

550 1859 735 1937 epigr.
767 1857 962 1928 cvm,
996 1862 1095 1929 6),
1127 1860 1218 1937 qui
1252 1869 1427 1916 totum
1459 1855 1733 1937 quoddam
1766 1859 2093 1917 exercitium
2127 1861 2206 1915 ita
2237 1862 2493 1936 peragit,
2524 1868 2581 1916 ut

550 1944 801 2021 singulos
833 1957 1015 2004 motus
1047 1942 1118 2001 ad
1149 1964 1412 2001 numeros
1443 1963 1576 2003 suos
1608 1944 1883 2021 perficiat,
1917 1941 2062 2001 uude
2094 1942 2227 2002 illud
2260 1964 2451 2002 omnes
2478 1964 2581 2002 nu—

549 2048 741 2088 meros
770 2030 1009 2107 implere
1038 2039 1149 2087 tam
1185 2030 1517 2108 frequenter
1538 2027 1607 2087 ad
1626 2029 1755 2098 alia,
1787 2048 1932 2107 quae
1949 2029 2208 2105 perfecta
2225 2041 2374 2097 sunt,
2406 2041 2582 2087 trans·

550 2116 718 2174 latum
752 2125 841 2173 est
884 2115 1030 2186 (Cic.
1064 2113 1161 2172 off.
1199 2114 1290 2183 lll,
1323 2119 1384 2185 3,
1420 2119 1519 2175 14.
1568 2113 1709 2174 Seu.
1743 2133 1872 2190 epp.
1903 2113 2111 2182 LXXI,
2150 2118 2250 2175 16.
2298 2115 2476 2184 XCV,
2508 2121 2577 2178 5:

557 2206 653 2262 11.
686 2211 940 2258 controv.
974 2198 1046 2258 ΙΙΙ
1079 2220 1131 2277 p.
1170 2203 1287 2260 198
1320 2198 1444 2278 Bip.
1474 2197 1739 2257 Antonin.
1770 2198 1861 2268 ΙΙΙ,
1881 2203 1936 2259 1.
1970 2199 2229 2272 V1‚26);
2280 2198 2581 2280 eademque

551 2286 963 2363 significatione
993 2305 1335 2343 numerosus
1366 2283 1572 2343 dicitur
1588 2284 1832 2361 (Lange,
1858 2304 2032 2342 verm.
2054 2283 2219 2342 Schr.
2240 2305 2295 2363 p.
2313 2289 2428 2347 281
2457 2291 2582 2364 sq.)-

550 2372 767 2431 Fossor
808 2373 1013 2449 igitur,
1061 2372 1299 2429 saltandi
1347 2372 1667 2448 imperitus,
1713 2390 1784 2428 ue
1816 2372 1899 2429 ad
1926 2373 2039 2429 tris
2068 2368 2291 2450 quidem
2323 2391 2586 2430 numeros

551 2457 782 2516 saltabit
842 2469 901 2516 ut
954 2457 1288 2533 Bathyllus.
1360 2455 1653 2533 Bathyllus
1694 2453 2144 2526 Alexandrinus,
2188 2476 2222 2514 a
2251 2457 2583 2516 Maecenate

548 2540 716 2603 valde
761 2541 1048 2602 adamatus
1090 2543 1251 2613 (Tac.
1284 2542 1433 2601 Aun.
1464 2542 1509 2612 1,
1541 2546 1643 2604 54.
1674 2540 1781 2600 Dio
1813 2541 1878 2599 C.
1912 2541 2034 2611 LV,
2072 2547 2172 2603 17.
2239 2540 2377 2600 Seu.
2411 2554 2583 2601 contr.

547 2628 604 2689 V
648 2629 833 2708 praef.
876 2649 931 2706 p.
964 2633 1081 2690 321
1122 2625 1307 2708 Bip.),
1350 2647 1460 2685 una
1497 2647 1621 2685 eum
1670 2624 1883 2705 Pylade
1928 2628 2053 2684 novi
2086 2625 2331 2685 saltandi
2360 2629 2584 2705 generis

551 2714 808 2773 conditor
855 2715 958 2772 fuit
1003 2714 1237 2784 (Athen.
1291 2713 1314 2773 1
1358 2734 1412 2791 p.
1445 2716 1528 2774 20
1559 2711 1629 2771 Ι).
1663 2711 1732 2771 Ε.
1792 2711 2003 2770 Zosim.
2048 2712 2092 2781 Ι,
2141 2716 2201 2774 6.
2263 2710 2422 2771 Suid.
2457 2734 2504 2770 ς.
2531 2733 2582 2771 v.

551 2794 797 2879 ὄρχησις
834 2794 1071 2872 mim),
1119 2810 1178 2858 et
1220 2798 1315 2857 ille
1361 2796 1586 2876 quidem
1635 2797 1941 2874 tragicum,
1991 2796 2083 2855 bic
2126 2796 2364 2856 hilarius
2411 2817 2584 2871 genus

550 2884 798 2943 excoluit
844 2883 1006 2956 (Seu.
1038 2895 1219 2944 contr.
1253 2882 1327 2942 ΙΙΙ
1358 2902 1486 2941 exc.
1519 2903 1572 2961 p.
1607 2887 1731 2945 397
1764 2881 1947 2959 Βίρ.);
1995 2880 2331 2940 Plutarchus
2370 2883 2582 2961 (Symp.

549 2980 794 3071 quaestt.
828 2968 953 3036 Vll,
986 2973 1045 3041 8,
1078 2974 1141 3041 3)
1184 2971 1335 3027 iuter
1362 2977 1695 3045 argumenta
1727 2969 1780 3027 ei
1814 2966 2110 3026 familiaria
2141 2963 2436 3048 Σατύρου
2485 2965 2585 3026 σὺν

538 3075 731 3137 epam
771 3050 1146 3131 κωμάζοντος
1171 3049 1489 3132 ὑπόρχημα
1518 3052 1714 3123 affert,
1746 3063 1806 3110 ut
1822 3053 1910 3111 hic
1929 3062 2175 3127 satyrus
2206 3044 2583 3133 vocatur‚'qui

551 3152 804 3218 satyrum
844 3140 1029 3198 saltat.
1077 3138 1264 3217 Saepe
1283 3150 1342 3196 ut
1367 3138 1679 3215 exemplum
1709 3139 1928 3215 egregii
1947 3137 2233 3196 saltatoris
2250 3139 2584 3208 nominatur,

550 3228 627 3285 cl‘.
659 3223 902 3284 Phaedr.
937 3225 1006 3294 V,
1040 3230 1099 3295 7,
1134 3230 1190 3286 5.
1223 3223 1341 3284 luv.
1362 3223 1461 3291 vl,
1482 3227 1582 3293 63,
1615 3225 1850 3303 eiusque
1881 3241 2081 3281 nomeu
2114 3225 2263 3282 inter
2286 3224 2584 3282 saltatores

549 3310 951 3373 bereditarium
969 3312 1128 3390 quasi
1143 3311 1347 3369 fastum
1364 3319 1473 3378 est,
1504 3330 1561 3366 v.
1588 3307 1756 3366 Salm.
1776 3306 1844 3365 ad
1862 3307 2096 3384 Vopise.
2117 3308 2248 3367 Car.
2273 3313 2352 3371 19
2371 3330 2426 3386 p.
2447 3314 2585 3371 833.

718 3417 774 3455 v.
812 3400 1163 3458 124-131.
1220 3395 1401 3454 Liber·
1443 3414 1553 3471 ego
1576 3439 1592 3463 ‚
1638 3396 1718 3451 ait
1746 3394 1876 3463 ille,
1922 3395 2011 3450 cui
2047 3405 2217 3468 poeta
2247 3393 2583 3471 respondet:

556 3483 718 3541 Unde
748 3484 947 3541 datum
974 3482 1082 3539 hoc
1108 3482 1290 3540 sentis
1309 3485 1339 3537 P
1369 3480 1463 3538 Cr.
1489 3478 1684 3538 Horat.
1711 3491 1817 3537 sat.
1841 3479 1907 3549 ll,
1934 3481 1993 3548 2,
2019 3481 2092 3538 31
2117 3500 2131 3535 =
2164 3477 2370 3549 „Unde
2403 3476 2586 3537 datum

550 3570 764 3631 sentis.
804 3566 965 3646 lupus
1011 3565 1099 3624 bic
1131 3567 1432 3624 Tiberinus
1463 3585 1532 3624 an
1565 3565 1679 3623 alto
1730 3576 1928 3641 captus
1961 3564 2158 3621 biet?“
2230 3564 2324 3621 ubi
2367 3568 2588 3623 sentire

549 3654 661 3712 alia
707 3673 846 3712 sane
891 3653 1299 3729 significatione
1341 3653 1581 3728 positum
1625 3660 1746 3719 est3
1807 3668 2001 3708 verum
2046 3651 2268 3706 sentire
2312 3651 2488 3708 etiam
2517 3648 2587 3708 ita

549 3749 883 3816 usurpatur,
929 3748 990 3795 ut
1032 3739 1105 3795 sit
1134 3737 1279 3795 idem
1311 3738 1438 3795 fere
1471 3734 1615 3815 quod
1651 3754 1928 3806 censere,
1962 3735 2038 3792 cf.
2069 3732 2322 3812 Madvig.
2358 3733 2432 3793 ad
2468 3736 2582 3794 Cic.

550 3822 622 3882 de
665 3825 795 3882 finu.
845 3843 900 3900 p.
944 3828 1081 3885 147.
1116 3827 1272 3895 8673
1335 3832 1428 3880 tot
1463 3821 1695 3880 subdite
1737 3821 1947 3890 rebus,
1998 3829 2062 3877 ut
2108 3819 2242 3878 Hor.
2274 3831 2388 3880 sat.
2427 3821 2499 3890 ΙΙ,
2533 3826 2586 3890 7,

551 3914 634 3972 75
662 3929 781 3988 sq.=
829 3907 1028 3979 „Tune
1062 3909 1190 3966 mihi
1221 3906 1509 3977 dominus,
1552 3926 1740 3965 rerum
1771 3907 2022 3983 imperiis
2055 3902 2449 3985 bominumque
2483 3907 2589 3966 Tot

550 3997 835 4074 tantisque
866 3995 1047 4051 minor
1064 3997 1133 4051 'P‘
1175 3997 1276 4052 An
1320 3994 1608 4051 dominum
1651 3993 1895 4068 ignoras
1912 4034 1934 4062 ‚
1981 3992 2108 4050 misi
2129 4009 2295 4066 quem
2325 3993 2584 4049 vindicta

554 4088 631 4152 (v.
651 4084 758 4155 88)
790 4079 1079 4139 relaxat?
1123 4077 1274 4139 Sane
1306 4097 1508 4138 servus
1538 4097 1647 4138 nou
1679 4097 1766 4150 es,
1812 4095 1920 4136 nec
1951 4076 2244 4157 quisquam
2275 4076 2377 4135 tibi
2407 4078 2584 4157 impe·

506 4390 687 4545 ¹¹⁵¹-
