2764 4738
874 417 1606 483 PROLEGOMENA.
2015 442 2295 487 cmxxm·

379 590 455 656 In
483 592 869 658 recensenda
912 592 1077 657 vita
1117 588 1390 658 Persii
1420 612 1564 658 usus
1593 613 1725 658 sum
1756 593 1933 658 codd.
1962 591 2264 659 Pei-isinis

202 719 272 762 ιι.
309 695 482 763 8272
524 696 635 781 (Ρ.
680 693 792 777 1),
856 717 917 760 ιι.
948 694 1122 761 8070
1165 695 1276 779 (P.
1316 695 1428 776 2),
1472 691 1984 773 Monacensibus‚
2031 678 2265 801 sigmli

207 816 340 899 (M.
376 814 483 897 1),
519 827 583 881 et
613 817 775 901 sign.
810 835 864 879 e.
897 815 938 880 3
968 813 1094 899 (Μ.
1129 812 1229 893 2),
1263 815 1475 879 codice
1506 811 1811 879 Beruensi
1844 837 1908 879 n.
1941 813 2068 880 223
2087 815 2263 898 (B.),

207 919 699 1004 Guelferbytano
732 940 795 980 ιι.
829 915 917 982 79
947 916 1111 981 Gud.
1137 915 1340 1003 (W.),
1376 917 1451 981 de
1483 917 1694 1000 quibus
1725 917 1925 981 statim
1957 919 2194 982 dicetur
2216 928 2262 981 ¹.

208 1021 268 1087 0
288 1022 486 1087 uden
508 1022 837 1106 dorpius
865 1021 928 1083 iu
962 1020 1227 1085 editione
1258 1016 1539 1083 Suetonii
1571 1020 1721 1083 duos
1754 1018 1933 1083 codd.
1969 1019 2263 1100 adhibuit,

211 1146 395 1189 unum
445 1123 851 1206 antiquiorem
893 1141 929 1186 c
968 1119 1291 1188 Vossienis
1315 1168 1334 1200 ‚
1382 1121 1568 1186 catal.
1613 1142 1674 1206 p.
1709 1119 1836 1185 378
1865 1142 1930 1184 ιι.
1968 1118 2050 1185 18
2081 1120 2266 1206 (V.),

208 1226 309 1311 qui
340 1247 466 1289 uon
501 1226 660 1290 ultra
689 1247 753 1289 v.
788 1224 1082 1311 aequales
1110 1245 1169 1308 p.
1204 1220 1331 1289 235
1362 1224 1675 1309 procedit,
1722 1224 1978 1287 alterum
2022 1244 2056 1288 e
2097 1223 2268 1290 libris

212 1326 507 1392 Vult-unii
540 1338 786 1407 emtum,
821 1328 1004 1393 catal.
1040 1349 1101 1412 p.
1137 1324 1263 1390 328
1294 1348 1351 1389 ιι.
1381 1324 1469 1391 78
1497 1325 1665 1411 (L.).
1713 1321 1975 1389 Praeter
2002 1324 2270 1391 editores

212 1431 498 1495 consulta
531 1441 629 1495 est
657 1449 691 1492 e
723 1450 818 1493 me
858 1425 911 1492 l.
947 1428 1001 1493 1.
1036 1426 1541 1514 Breitingeri
1586 1426 1868 1511 Tigurini
1901 1427 2269 1493 exercitatio

212 1532 425 1596 critica
452 1531 521 1595 iu
551 1532 739 1596 vitam
771 1532 853 1595 A.
885 1529 1090 1596 Persii
1136 1528 1344 1596 Flacci
1389 1530 1487 1613 (in
1520 1527 1863 1594 Scbelborn
1884 1577 1903 1608 ,
1948 1530 2267 1594 amoenitt.

211 1635 403 1699 litter.
439 1644 489 1697 t.
525 1632 593 1697 X
624 1655 682 1718 p.
721 1631 885 1697 11⁰3
915 1633 1085 1717 sqq.)
1132 1643 1195 1696 et
1235 1629 1621 1713 Bouhier,
1667 1631 2047 1717 Remarques
2078 1653 2187 1697 sur
2212 1633 2274 1698 la

215 1737 464 1802 dissert.
500 1737 639 1800 crit.
674 1737 736 1800 in
766 1736 952 1800 vitem
983 1734 1067 1799 Α.
1099 1733 1307 1800 Persii
1335 1733 1541 1799 Flacci
1585 1734 1758 1816 (ibid.
1790 1756 1847 1819 p.
1885 1733 2051 1799 1133
2081 1740 2268 1820 sqq.).

219 1834 443 1904 Varias
503 1838 802 1903 lectiones
863 1839 1191 1924 diligenter
1244 1836 1567 1913 recensui,
1634 1847 1801 1921 patet
1857 1848 2058 1902 tamen
2119 1838 2275 1903 bunc

212 1940 405 2007 vitam
462 1942 530 2005 in
588 1941 766 2005 codd.
829 1940 1044 2006 iisdem
1098 1939 1461 2026 corruptelis
1504 1938 1776 2003 vitiatam
1820 1958 1958 2004 esse
1980 1986 1999 2018 ‚
2063 1941 2148 2005 ita
2206 1949 2276 2003 ut

216 2044 405 2109 verba
441 2044 711 2129 genuina
740 2063 922 2129 saepe
950 2043 1192 2109 restitui
1224 2052 1533 2127 nequeant
1555 2087 1573 2120 ‚
1617 2062 1835 2106 sensus
1883 2042 2103 2127 ubique
2143 2044 2274 2106 fere

214 2146 473 2230 intelligi
520 2147 732 2231 possit.
797 2143 1088 2210 Ceterum
1137 2144 1232 2210 bic
1264 2144 1448 2210 codd.
1484 2164 1823 2209 consensus
1854 2145 2002 2210 satis
2033 2143 2271 2229 probet,

213 2250 578 2335 praesertim
609 2248 661 2313 si
692 2247 1028 2313 dissensum
1056 2246 1119 2312 in
1137 2244 1397 2311 Cornuti
1428 2248 1860 2312 commentario
1894 2247 2272 2325 consideres,

218 2352 378 2418 banc
408 2352 634 2432 vitam,
691 2360 761 2416 ut
790 2352 866 2417 de
897 2347 1088 2415 Probi
1135 2349 1572 2416 commentario
1618 2350 1853 2415 sublata
1898 2360 2030 2428 est,
2077 2359 2278 2414 trans·

214 2456 511 2541 scriptam
543 2475 684 2520 esse
716 2475 799 2518 ex
826 2454 948 2518 alio
979 2454 1045 2518 iu
1075 2453 1236 2519 aliud
1268 2453 1613 2537 exemplum
1649 2464 1715 2519 et
1742 2453 2012 2538 quamvis
2041 2451 2280 2516 inscitia

220 2569 571 2643 corruptam
605 2568 806 2621 tamen
837 2577 961 2620 uon
993 2555 1419 2643 interpolatam
1451 2577 1616 2622 esse.

398 2660 682 2725 Tandem
723 2659 1048 2743 aliquando
1088 2660 1166 2724 ad
1210 2660 1628 2744 quaestionem
1674 2659 1750 2723 de
1794 2659 2104 2725 codicibus
2144 2681 2283 2746 per-

216 2763 541 2840 venimus,
613 2762 712 2846 qui
768 2759 973 2826 Persii
1031 2762 1254 2828 satiras
1317 2763 1495 2828 nobis
1564 2773 1916 2828 servarunt.
2003 2760 2279 2845 Quorum

221 2889 360 2932 cum
418 2866 740 2930 innumera
796 2864 1115 2928 multitudo
1173 2866 1293 2946 sit,
1368 2877 1434 2929 et
1499 2866 1822 2951 pleraeque
1879 2865 2283 2931 bibliothecae

222 2970 426 3057 paullo
473 2969 738 3033 maiores
782 2968 936 3032 tales
983 2967 1366 3047 custodiant,
1416 2989 1541 3032 uon
1578 2968 1641 3032 id
1688 2988 1864 3054 egam
1908 2978 1975 3031 ut
2017 2967 2283 3031 omnium

222 3094 401 3158 quam
463 3070 874 3156 plenissimum
933 3087 1254 3134 recensum
1315 3070 1531 3133 faciam
1553 3117 1571 3149 ‚
1633 3070 1741 3134 sed
1799 3069 1873 3135 de
1926 3069 2004 3134 iis
2048 3080 2283 3135 tantum

227 3173 592 3260 disputabo,
638 3191 887 3257 quorum
918 3170 1063 3235 mibi
1091 3168 1236 3235 usus
1281 3192 1614 3238 concessus
1661 3183 1779 3236 est.

396 3274 577 3340 Inter
616 3295 724 3339 eos
769 3273 995 3358 primus
1041 3274 1602 3338 commemorandus
1644 3285 1740 3339 est
1782 3273 1984 3338 codex
2025 3271 2279 3339 Monte-
2313 3281 2429 3352 Hp.

214 3378 600 3466 pessulanus
630 3375 1060 3441 celeberrimus
1089 3374 1336 3460 (Mp.)‚
1385 3374 1486 3457 qui
1526 3386 1771 3460 praeter
1796 3372 2070 3440 Nouium
2102 3374 2282 3440 etiam

220 3479 428 3548 Persii
457 3479 679 3544 satiras
725 3478 1035 3554 continet,
1082 3487 1243 3543 teste
1275 3475 1573 3542 Haenelio
1621 3473 1856 3562 (Catal.
1890 3476 2071 3542 Libb.
2117 3474 2277 3541 Mss.

225 3605 289 3670 p.
321 3581 453 3649 239
481 3580 567 3646 fl.
608 3580 738 3646 212
775 3580 911 3644 cod.
957 3576 1188 3644 Buber.
1224 3575 1304 3641 Ι).
1338 3576 1451 3661 44)
1497 3579 1995 3646 membranaceus
2036 3578 2283 3645 saeculo

237 3767 261 3820 1
302 3766 458 3819 Fest
480 3765 594 3816 ced.
622 3762 876 3815 Laurent.
911 3761 984 3828 pl.
1015 3758 1289 3825 mvn,
1325 3761 1415 3824 2⁰,
1452 3761 1539 3827 qni
1575 3768 1692 3828 pest
1725 3761 1886 3812 vitem
1922 3758 2286 3825 interpolatum

303 3836 379 3902 (p.
416 3835 520 3890 2³⁹
544 3833 652 3902 sq.)
687 3831 893 3884 initiu-
917 3838 1116 3882 tntum
1142 3837 1352 3881 nostrae
1377 3831 1517 3881 vitae
1541 3830 1698 3881 babet
1716 3851 1730 3880 ι
1769 3829 1902 3882 Vita
1924 3829 2083 3880 Aulis
2104 3827 2291 3878 Persii

301 3904 497 3957 Flacci
540 3903 605 3955 dc
659 3903 1049 3954 commentario
1095 3899 1266 3951 Proba·
1314 3897 1532 3950 Valerii
1566 3899 1802 3950 mblata.
1862 3897 2033 3950 Aulus
2070 3896 2289 3948 Persius

303 3989 551 4045 Maccus.
624 3988 677 4041 Is
726 3990 907 4038 natm·
937 3989 1025 4036 eet
1109 3985 1247 4037 ridie
1277 3967 1403 4036 αἶ.
1440 3983 1748 4037 decembris.
1802 3983 1986 4035 Fabio.
2043 3983 2285 4033 Persico.

301 4058 492 4112 Lucio.
551 4055 803 4110 Vitellio.
875 4052 1057 4107 Coum
1081 4054 1221 4107 ibus.
1278 4052 1529 4108 decessit.
1591 4051 1648 4107 V
1642 4052 1723 4121 111⁰
1760 4051 1904 4106 Rau.
1959 4048 2284 4104 Decembris.

306 4126 489 4182 Hauc.
545 4126 770 4194 Reliqua
806 4122 1012 4176 duent.
