2764 4738
503 421 652 464 xmv
1148 397 1886 464 PROLEGOMENA.

504 569 803 634 tractandi
833 568 989 634 ratio
1019 581 1290 654 apparet.
1340 568 1463 653 Qui
1497 570 1633 634 dum
1665 570 1841 634 nimis
1875 570 2028 635 nuda
2054 616 2072 649 ,
2106 581 2171 634 et
2201 590 2324 634 non
2357 568 2567 633 dicam

506 670 735 752 libera,
784 674 889 738 sed
933 673 1104 737 rudia
1149 673 1336 738 verba
1381 683 1668 757 usurpat,
1726 673 1873 737 satis
1919 664 2294 736 demonstrat
2331 671 2568 736 horro-

506 795 675 851 rem,
725 795 841 858 quo
887 775 1081 838 honus
1127 775 1366 839 iuvenis
1412 787 1473 840 et
1520 786 1685 839 casta
1731 794 2070 858 severaque
2098 774 2413 858 disciplina
2448 774 2572 836 im·

507 876 719 957 butus,
753 878 901 942 vitia
930 878 1348 954 abominatur,
1392 878 1466 941 de
1501 875 1715 961 quihus
1747 876 1930 939 fando
1962 877 2198 960 accepit
2218 922 2237 954 ‚
2283 886 2349 939 et
2377 895 2570 958 quem

509 979 686 1043 nimis
734 980 977 1043 fortiter
1027 990 1196 1064 putat
1247 980 1505 1064 exprimi
1561 1000 1685 1042 nou
1743 998 1961 1063 posse,
2009 977 2365 1062 praesertim
2419 997 2570 1040 cum

508 1079 750 1157 videat,
799 1081 976 1145 etiam
1010 1103 1117 1146 eos
1148 1082 1479 1166 scriptores
1501 1128 1520 1162 ,
1566 1101 1819 1166 quornm
1851 1080 2192 1165 exemplum
2221 1079 2569 1151 aemulatus

512 1192 640 1259 est,
692 1183 832 1271 talia
864 1194 1185 1247 tractasse.

681 1317 960 1383 Persium
1021 1318 1266 1404 pulchra
1316 1323 1509 1384 forma
1551 1323 1738 1387 fuisse
1793 1332 2002 1385 narrat
2043 1322 2192 1385 vita.
2282 1318 2566 1383 Exstare

512 1421 808 1503 hodieque
854 1422 984 1486 eius
1027 1424 1348 1507 imaginem
1408 1424 1508 1488 diu
1569 1425 1861 1488 creditum
1932 1434 2049 1487 est.
2127 1419 2566 1506 Anaglyphum

512 1524 746 1606 egregii
774 1524 999 1586 laboris
1031 1526 1401 1609 conspicitur
1429 1548 1592 1591 nunc
1621 1528 1685 1591 in
1714 1527 1860 1591 villa
1886 1525 2107 1589 Albani
2140 1523 2248 1605 (cf.
2283 1521 2562 1586 Indicaz.

514 1625 701 1708 antiq.
737 1648 794 1689 n.
828 1624 1016 1707 584),
1062 1627 1217 1709 quod
1251 1628 1573 1712 imaginem
1603 1629 1724 1693 viri
1755 1638 2056 1693 monstrat
2095 1625 2330 1703 barbati
2376 1635 2568 1708 atque

517 1726 743 1791 hedera
790 1730 1088 1792 coronati.
1171 1727 1359 1793 Card.
1413 1729 1779 1809 Sadoletus,
1827 1730 1925 1813 qui
1973 1729 2111 1793 olim
2156 1729 2215 1791 id
2264 1728 2565 1812 possedit,

515 1829 743 1926 hedera
786 1843 1021 1916 poetam
1067 1832 1397 1917 significari
1444 1834 1711 1917 putavit,
1761 1844 1823 1897 et
1874 1854 2008 1898 cnm
2053 1832 2254 1895 vultus
2302 1831 2569 1894 decorus

516 1935 984 2012 verecundiam,
1034 1956 1207 2019 quam
1256 1935 1315 1998 in
1365 1934 1580 2001 Persio
1642 1936 2025 2001 commendat
2079 1933 2240 2012 vita,
2289 1952 2432 2017 prae
2494 1952 2567 1995 se

516 2037 680 2100 serre
726 2038 1078 2117 videretur,
1127 2038 1447 2123 imaginem
1492 2039 1649 2104 hanc
1690 2035 1892 2103 Persii
1936 2056 2072 2102 esse
2116 2036 2230 2101 sibi
2263 2034 2576 2120 persuasit

521 2149 582 2202 et
626 2136 892 2220 Ursino,
942 2141 1040 2224 qui
1084 2163 1214 2206 eam
1266 2143 1381 2205 hoc
1425 2140 1666 2204 nominc
1712 2142 1876 2205 inter
1928 2140 2225 2224 imagines
2283 2135 2572 2201 exhibuit

517 2238 595 2322 (t.
634 2237 847 2321 (2111),
897 2244 1054 2308 unde
1088 2243 1190 2307 alii
1223 2244 1642 2328 repetiverunt
1685 2242 1944 2325 (Bellori
1976 2243 2198 2326 imagg.
2235 2249 2420 2324 poett.
2454 2237 2562 2302 58.

524 2339 720 2406 Gron.
767 2343 923 2409 thes.
973 2356 1102 2410 ant.
1153 2345 1267 2411 Gr.
1316 2357 1359 2410 t.
1392 2344 1509 2425 111,
1542 2347 1753 2428 aaa.),
1801 2346 1980 2411 etiam
2028 2343 2226 2409 Persii
2268 2342 2565 2420 editores,

523 2445 867 2528 nuperrime
912 2447 1250 2513 Achaintre
1292 2461 1435 2513 ante
1480 2452 1824 2515 versionem
1874 2447 2079 2513 Selisii
2126 2444 2303 2526 (Par.
2342 2441 2567 2525 1822).

524 2543 720 2628 Quam
753 2570 959 2632 parum
995 2552 1161 2614 firma
1192 2565 1549 2638 argumenta
1580 2553 1735 2632 sint,
1786 2573 1936 2636 quae
1981 2571 2088 2637 pro
2122 2550 2232 2613 hac
2261 2546 2574 2612 sententia

522 2649 704 2713 allata
734 2662 879 2740 sunt
899 2699 917 2731 ,
951 2665 1221 2738 apparet.
1283 2654 1842 2721 Winckelmannus
1873 2674 2022 2718 vero
2057 2653 2310 2717 fortiora
2342 2647 2569 2725 attulit,

525 2773 677 2835 quae
723 2765 935 2818 contra
974 2757 1184 2820 valent
1228 2759 1397 2842 (opp.
1434 2768 1479 2820 t.
1520 2753 1634 2835 VI,
1672 2755 1705 2819 1
1740 2779 1797 2842 p.
1833 2755 1958 2820 255
1991 2759 2149 2838 sq.),
2194 2751 2391 2817 videri
2422 2751 2574 2814 ima-

526 2855 725 2940 ginem
771 2857 883 2921 viri
930 2869 1133 2923 aetate
1176 2860 1616 2944 provectioris,
1664 2880 1836 2942 quam
1885 2859 1998 2921 fuit
2040 2854 2336 2932 Persius,
2395 2872 2571 2935 quem

527 2980 640 3024 nec
684 2959 872 3024 barba
930 2962 1212 3040 deceret,
1265 2984 1437 3046 quam
1484 2959 1760 3025 Neronis
1819 2972 2089 3043 tempore
2147 2977 2269 3019 non
2331 2954 2580 3020 alebant

529 3062 648 3125 nisi
679 3062 918 3127 delicati
963 3063 1073 3148 (cf.
1111 3073 1436 3128 comment.
1472 3065 1548 3126 ad
1578 3060 1695 3141 lv,
1729 3059 1813 3126 36
1844 3084 1902 3147 p.
1942 3059 2116 3140 176).
2181 3056 2357 3141 Quod
2404 3056 2573 3120 addi-

530 3164 749 3227 derunt
791 3165 1296 3231 Winckelmanni
1342 3164 1642 3241 editores,
1702 3164 1921 3249 stylum
1967 3161 2290 3248 anaglyphi
2341 3171 2576 3243 tempus

527 3268 617 3334 M.
653 3271 892 3336 Aurelii
923 3268 1120 3352 potius
1153 3267 1479 3332 ostendere
1524 3269 1592 3352 (1.
1627 3267 1671 3330 1.
1708 3264 1822 3341 Vt,
1854 3264 1899 3329 2
1927 3288 1986 3350 p.
2023 3264 2202 3349 317),
2247 3262 2398 3327 nihil
2428 3264 2578 3328 facit

531 3373 602 3437 ad
659 3385 929 3439 nostram
992 3393 1160 3436 rem=
1222 3370 1417 3454 potuit
1480 3370 1641 3434 enim
1698 3367 1899 3433 Persii
1965 3369 2165 3452 imago
2234 3366 2575 3452 posteriore

532 3497 766 3559 quoque
811 3487 1085 3560 tempore
1143 3472 1440 3556 exsculpi.
1570 3470 1811 3556 Optime
1866 3490 2012 3535 aere
2069 3490 2425 3556 expressum
2484 3479 2581 3532 est

532 3579 933 3662 anaglyphum
989 3577 1054 3640 in
1119 3577 1370 3662 egregio
1444 3572 1693 3659 Zoegae
1764 3595 1950 3658 opere
2026 3573 2136 3658 (Li
2203 3570 2580 3636 Bassirilievi

534 3678 755 3743 antichi
804 3679 863 3741 di
892 3677 1091 3742 Roma
1133 3676 1195 3740 11
1225 3690 1272 3741 t.
1322 3676 1514 3762 115),
1575 3696 1691 3760 quo
1738 3676 1873 3740 loco
1921 3698 1998 3740 ne
2046 3677 2177 3740 eius
2217 3674 2579 3738 sententiam

536 3780 880 3845 audiremus
937 3780 1253 3844 immatura
1308 3802 1473 3844 mors
1536 3779 1772 3843 effecit:
1822 3779 1957 3842 sine
2014 3777 2193 3841 dubio
2248 3774 2580 3840 Winckel-

536 3881 742 3946 manni
800 3880 977 3945 dubia
1021 3882 1332 3965 probavit,
1393 3893 1461 3946 ut
1505 3883 1651 3946 fecit
1690 3879 1974 3945 Visconti
2030 3877 2344 3964 (lconogr.
2396 3877 2579 3942 Rom.

538 3996 585 4049 t.
638 3982 697 4047 11
743 4008 803 4070 p.
852 3980 979 4049 430
1024 3985 1121 4048 ed.
1169 3982 1365 4068 Mil.).
1443 3985 1661 4047 Altera
1706 3983 1903 4067 imago
1950 3980 2151 4047 Persii
2198 4002 2420 4046 nomen
2466 3983 2589 4045 fert

537 4090 599 4154 in
659 4100 932 4174 protome
996 4089 1184 4153 musci
1249 4084 1578 4172 Capitolini
1637 4083 1720 4168 (Ι,
1768 4097 1809 4149 t.
1858 4084 2003 4170 29),
2034 4096 2095 4149 et
2152 4084 2343 4148 altera
2402 4083 2584 4148 villae

512 4257 585 4312 ³⁸¹⁸

728 4469 823 4592 N
