2764 4738
875 404 1603 470 PROLEGOMENA.
2165 427 2246 471 ev

186 589 356 644 terea
385 586 589 644 autem
620 578 720 643 bic
750 576 1087 643 observare
1117 575 1261 640 licet
1280 623 1298 656 ‚
1333 587 1472 647 ‘nou
1501 576 1837 663 neglectam
1871 596 2010 641 esse
2038 597 2075 641 a
2104 576 2234 663 pbi-

182 681 488 765 losophis,
521 680 598 745 iis
630 678 990 764 praesertim
1019 680 1118 763 qui
1149 679 1406 744 ethicam
1441 689 1815 756 tractarunt,
1860 678 2015 744 hanc
2045 691 2234 744 artem

183 784 463 867 exempla
503 803 538 847 e
585 783 711 847 vita
764 782 953 867 petita
1007 782 1255 847 mimice‘
1302 781 1810 868 repraesentandi
1867 792 2046 865 atque
2102 782 2238 869 illu·-

179 887 415 950 straudi
456 894 501 948 ¹.
582 882 723 968 Quo
768 884 965 948 miuus
1009 885 1225 950 mirum
1278 896 1412 964 est,
1471 883 1749 950 Persium
1805 903 2037 968 quoque
2093 882 2235 948 hinc

180 989 562 1074 potissimum
596 987 925 1065 sumsisse,
975 987 1188 1071 quibus
1233 986 1452 1052 satiras
1494 1008 1638 1052 suas
1681 987 2051 1051 illuminaret
2094 997 2157 1051 et
2198 1007 2234 1051 e

178 1089 674 1176 pbilosophorum
723 1089 1039 1154 auditoriis
1084 1090 1148 1153 in
1189 1089 1390 1155 vitam
1423 1100 1484 1153 et
1516 1089 2014 1155 consuetudinem
2046 1088 2237 1153 homi·-

179 1213 321 1257 uum
367 1195 744 1270 deduceret,
794 1214 927 1257 cum
971 1193 1325 1278 praesertim
1377 1190 1795 1256 Romanorum
1854 1190 2041 1256 satira
2099 1212 2233 1255 cum

180 1296 377 1361 mimis
409 1308 634 1361 natura
663 1317 776 1360 sua
806 1297 985 1360 multa
1018 1295 1356 1359 communia
1390 1295 1640 1359 haberet
1660 1342 1679 1373 ,
1726 1305 1787 1358 et
1817 1294 1966 1357 haec
1996 1293 2236 1359 mimica

177 1419 315 1476 ars,
369 1399 653 1464 omuibus
694 1409 904 1483 grata,
966 1396 1158 1481 magis
1217 1397 1528 1483 magisque
1585 1397 1782 1461 locum
1842 1396 2149 1462 obtineret
2182 1404 2230 1459 2.

178 1497 391 1585 Itaque
423 1522 583 1585 quae
614 1500 689 1563 de
720 1501 912 1565 mimis
944 1499 1121 1563 modo
1153 1499 1478 1564 observata
1507 1509 1686 1578 sunt,
1733 1520 1807 1564 ea
1856 1498 2057 1562 omnia
2101 1500 2234 1563 fere

179 1603 256 1669 de
286 1603 511 1669 Persio
543 1601 776 1667 valent.
834 1601 918 1665 Et
947 1602 1011 1666 in
1041 1601 1388 1667 universum
1419 1601 1535 1665 iam
1580 1599 1868 1665 monitum
1916 1611 2049 1680 est,
2094 1620 2230 1664 eum

179 1707 462 1792 exempla
492 1706 580 1769 ita
620 1704 1003 1781 describere,
1052 1714 1118 1767 ut
1159 1703 1460 1769 sermonis
1506 1725 1856 1788 morumque
1898 1702 2232 1786 diligentis-

180 1804 329 1870 sima
384 1806 631 1870 ratione
690 1804 894 1869 habita
950 1804 1224 1870 homines
1285 1807 1452 1889 quasi
1497 1806 1779 1871 viventes
1835 1815 1899 1870 et
1947 1805 2231 1889 vigentes

180 1908 352 1973 uobis
384 1918 533 1972 aute
567 1909 776 1973 oculos
805 1918 1012 1992 ponat.
1072 1905 1209 1991 Qua
1242 1909 1301 1971 in
1335 1929 1402 1971 rc
1435 1928 1508 1972 eo
1540 1928 1782 1991 semper
1810 1917 2076 1971 attentus
2110 1917 2227 1984 est,

181 2020 249 2074 ut
275 2010 488 2095 quibus
523 2009 801 2075 externis
831 2010 1063 2094 signis,
1112 2010 1325 2094 quibus
1372 2010 1682 2093 gestibus,
1730 2030 1846 2093 quo
1892 2011 2059 2075 vultu
2102 2010 2240 2073 anie

178 2134 308 2178 mus
340 2113 651 2176 bominum
683 2134 751 2177 se
783 2112 1036 2198 praebet
1078 2112 1571 2197 cognoscendum
1593 2157 1612 2188 ‚
1664 2112 1986 2193 diligenter
2028 2112 2231 2195 expri-

179 2227 338 2294 mat,
388 2225 459 2279 ut
503 2215 699 2300 ipsum
745 2212 1042 2278 homiuem
1075 2214 1287 2279 videre
1326 2214 1666 2279 videamur.
1745 2212 1880 2278 Huc
1923 2213 2234 2300 pertinent

178 2317 454 2384 iracundi
497 2339 748 2405 rugosa
789 2338 992 2382 sanna
1044 2314 1160 2402 (V,
1202 2314 1356 2403 91),
1416 2316 1737 2382 ridentium
1788 2318 2045 2381 tremuli
2078 2337 2231 2381 naso

178 2424 503 2509 mirpante
532 2420 827 2485 cachinni
850 2418 1147 2503 (111,87),
1181 2419 1561 2484 irridentium
1594 2417 2227 2503 sannae(l,58sqq.)‚

177 2526 519 2612 zelotypus,
556 2522 652 2608 qui
684 2521 941 2586 crudum
973 2542 1245 2608 unguem
1277 2521 1528 2585 abrodit
1559 2519 1671 2601 (V,
1702 2519 1855 2604 162)
1879 2570 1897 2599 ,
1932 2534 2228 2607 apocal,

177 2629 274 2712 qui
294 2629 589 2714 pluteum
620 2623 830 2689 caedit
857 2633 917 2688 et
962 2645 1208 2709 ungues
1245 2624 1491 2689 mordet
1518 2621 1598 2705 (Ι,
1639 2621 1816 2705 106).
1881 2625 2016 2689 Huc
2047 2626 2231 2710 perti-

173 2741 283 2795 net
310 2728 807 2815 philosopborum
840 2726 1397 2792 meditabundorum
1430 2727 1682 2792 ridicula
1714 2727 2037 2812 descriptio
2078 2723 2228 2809 (ΙΙΙ,

172 2831 259 2897 80
287 2832 453 2916 sqq.)
473 2876 492 2907 ,
552 2830 840 2911 avarique
863 2874 881 2907 ,
943 2828 1043 2912 qui
1097 2830 1351 2916 signum
1409 2831 1473 2893 in
1537 2827 1759 2914 vapido
1815 2851 1970 2893 naso
2016 2830 2231 2912 tangil

171 2936 412 3020 lagena
456 2930 605 3017 (vl,
643 2929 795 3012 17),
843 2941 908 2996 et
937 2931 1303 3016 crapulantis
1335 2931 1535 3011 illius,
1582 2931 1750 2995 cuius
1793 2932 2009 2994 laxum
2041 2939 2237 3017 caput

173 3057 492 3124 compage
530 3035 743 3101 soluta
787 3036 1015 3099 oscitat
1056 3033 1415 3118 hesternum
1460 3031 1719 3097 dissutis
1749 3032 2020 3119 undique
2047 3033 2233 3097 malis

174 3210 206 3264 1
243 3208 322 3261 De
358 3207 580 3272 dialogis
628 3206 911 3258 Socraticis
958 3214 1114 3274 utque
1158 3205 1439 3258 Platonicis
1488 3206 1589 3257 iam
1624 3207 1878 3270 vidimus,
1930 3214 1982 3257 et
2015 3209 2231 3262 Arriani

242 3293 450 3346 quoque
500 3277 920 3327 dissertationum
965 3277 1155 3328 mentio
1192 3278 1291 3327 iam
1332 3275 1468 3327 factu
1504 3282 1605 3327 est.
1677 3275 2011 3327 Memorabile
2046 3286 2127 3330 est
2177 3278 2230 3329 iu

242 3349 351 3399 bue*
382 3364 439 3398 re
475 3348 627 3396 etiam
680 3347 812 3411 quod
852 3346 915 3396 de
964 3345 1355 3412 Theophrasto,
1409 3359 1607 3395 summo
1656 3359 1851 3395 morum
1888 3345 2232 3412 depingendo-

246 3434 364 3468 rum
401 3416 601 3467 artifice
625 3453 639 3474 ,
680 3415 980 3480 Hermippus
1017 3415 1255 3465 narravit
1291 3413 1504 3479 (Athen.
1541 3412 1635 3479 lp.
1669 3415 1730 3467 21
1762 3413 1884 3474 A.)x
1908 3408 2232 3483 ‘'Eppamros

245 3480 309 3536 δέ
361 3502 553 3553 φησιν,
620 3480 973 3550 Θεόφραστον
1024 3483 1423 3551 παραγίνεσθαι
1472 3474 1548 3532 εἷς
1589 3479 1687 3533 τὸν
1735 3482 2038 3549 περίπατον
2087 3482 2225 3537 καθ’

246 3550 399 3621 ὥραν
430 3549 683 3634 λαμπρὸν
714 3558 803 3604 καὶ
836 3549 1193 3619 ἐξησκημένον
1212 3590 1226 3612 ,
1254 3547 1373 3602 εἶτα
1405 3551 1711 3602 καθίσαντα
1746 3545 2101 3604 διατίθεσθαι
2133 3551 2232 3605 τὸν

243 3621 403 3693 λόγον
451 3617 709 3688 ουδεμιᾶς
760 3618 1096 3686 ἀπεχόμενον
1139 3616 1392 3684 κινήσεως
1444 3614 1568 3671 οὐδὲ
1617 3637 1648 3669 o
1696 3615 1887 3685 ’ματος
1938 3618 2087 3676 ἑνός·
2141 3624 2236 3674 καί

244 3709 382 3777 ποτε
420 3687 726 3825 ἇζοφὰγον
782 3687 1121 3757 μιμούμενον
1166 3685 1448 3760 ἐξείραντα
1493 3685 1595 3753 τὴν
1626 3706 1659 3758 γ
1688 3688 1867 3740 (ἧσσαν
1912 3687 2231 3760 περιλείχειν

244 3781 318 3814 τα
391 3778 415 3811 ε
511 3797 525 3811 .

177 3836 212 3889 2
248 3778 388 3883 Ver}
432 3830 567 3880 dixit
611 3826 680 3880 u.
735 3829 1024 3880 Antoninus
1068 3826 1183 3893 (XI,
1225 3827 1280 3893 6)
1336 3834 1600 3895 postquam
1648 3826 1891 3893 antiquae
1940 3830 2230 3882 comoediae

246 3894 652 3984 παιδαῖωγικὴν
691 3895 996 3966 παῤῥησίαν
1042 3897 1491 3948 commemoravit:
1544 3892 1622 3945 ‘H
1657 3895 1753 3946 νέα
1798 3891 2056 3963 κωμῳδία
2090 3928 2161 3936 -
2195 3896 2233 3964 ἢ

246 3966 366 4020 κατ’
410 3963 592 4035 ολίγον
638 3962 727 4017 ἐπὶ
774 3964 875 4032 τὴν
921 3962 979 4018 ἐκ
1024 3963 1300 4033 μιμήσεως
1347 3961 1684 4034 φιλοτεχνίαν
1733 3962 1989 4035 ὕπεῤῥὺη.
2073 3969 2228 4034 Atqui

248 4039 415 4091 Persii
466 4037 699 4101 satirae,
747 4036 792 4087 si
830 4051 860 4087 a
896 4037 1060 4103 prima
1094 4035 1391 4100 abstineas,
1445 4034 1621 4086 multis
1671 4033 1723 4084 iu
1759 4035 1915 4087 rebus
1951 4052 2113 4089 novae
2149 4054 2230 4089 co·

248 4109 481 4161 moediae
519 4106 693 4175 potius
729 4104 1011 4174 comparari
1050 4112 1299 4173 possunt,
1338 4119 1488 4172 quem
1526 4103 1791 4170 antiquae.
