2764 4738
865 422 1594 489 PROLEGOMENA.
1954 441 1960 447 “
2013 440 2254 487 cxxxiii

186 607 414 681 gatos,
478 589 950 675 Virgilium,
1010 591 1465 671 Horatium,
1538 590 1938 670 Ovidium,
2013 590 2253 658 Luca·

184 720 408 774 uum,
455 692 967 773 Iuvenalem,
1016 706 1079 759 et
1117 696 1309 760 semel
1352 692 1439 781 (Ι,
1471 694 1586 780 93)
1632 692 2090 760 Cornelium
2124 695 2253 761 Se-

184 819 508 875 verum,
556 796 655 880 qui
701 806 906 861 tamen
948 819 984 860 a
1029 797 1438 880 grammaticis
1480 795 1640 861 haud
1683 798 1766 860 ita
1806 817 1949 862 raro
1978 798 2253 875 affertur,

194 914 259 964 ut
291 901 374 964 ab
406 922 484 964 eo
506 946 528 978 ,
576 919 754 982 quem
785 919 976 983 nuper
1020 897 1317 985 Hauptins
1363 899 1576 965 edidit.
1643 896 1954 981 Quasdam
1987 901 2255 983 explica-

188 1005 397 1067 tiones
429 1002 615 1066 etiam
649 1001 940 1065 memoria
970 1020 1177 1065 eorum
1200 1047 1219 1080 ,
1266 1022 1421 1085 quae
1465 1002 1621 1086 apud
1656 1001 1764 1066 bos
1795 1002 2067 1086 legerat,
2113 1022 2254 1087 pron

185 1125 442 1170 creasse
485 1103 773 1181 videtur,
820 1104 1033 1187 partim
1066 1105 1327 1189 ineptas.
1390 1101 1484 1167 Ita
1515 1126 1649 1168 cum
1684 1104 1829 1168 dicit
1856 1115 2068 1188 poetas
2098 1105 2255 1168 anti·

186 1228 344 1291 quae
376 1205 740 1272 comoediae
770 1227 855 1269 ex
882 1207 1020 1289 lege
1059 1203 1187 1270 ΧΠ
1221 1205 1550 1271 tabularum
1583 1205 1839 1271 fustibus
1871 1227 2009 1271 esse
2043 1207 2282 1289 ‘'Q—⁰2„

191 1307 284 1386 (Ι,
324 1306 519 1389 123),
554 1308 820 1373 meminit
850 1319 1058 1391 aperte
1099 1307 1332 1373 Horatii
1373 1309 1492 1372 loci
1535 1310 1699 1393 (epp.
1733 1305 1817 1385 11,
1856 1306 2118 1391 1‚152)‚
2166 1310 2254 1374 sic

188 1422 258 1474 nt
301 1410 542 1474 Cressa
587 1409 824 1476 Horatii
868 1421 1019 1475 nota
1064 1412 1279 1495 (carm.
1313 1407 1370 1490 Ι,
1404 1408 1511 1487 36,
1546 1408 1660 1493 10)
1703 1409 2091 1477 Cretensium
2125 1433 2250 1476 mo-

188 1537 320 1579 rem
370 1516 724 1599 procreavit
777 1512 893 1595 (11,
929 1513 1035 1599 1),
1099 1525 1163 1579 et
1206 1515 1360 1579 alius
1406 1514 1538 1579 eius
1581 1515 1751 1579 locus
1807 1516 2016 1599 (epod.
2064 1514 2128 1592 4,
2175 1511 2248 1594 8)

194 1629 403 1682 notam
437 1618 517 1682 ‹le
549 1628 695 1701 toga
723 1638 1008 1683 senarum
1041 1618 1315 1683 ulnarum
1345 1613 1461 1699 (V,
1499 1615 1631 1702 14).
1707 1615 1808 1682 Cf.
1844 1619 2023 1682 etiam
2054 1617 2248 1683 schol.

189 1722 266 1785 ad
298 1717 357 1797 1,
397 1718 524 1783 115
565 1744 702 1786 cum
745 1718 898 1786 Hor.
945 1731 1064 1785 sat.
1112 1717 1194 1800 ΙΙ,
1231 1719 1295 1801 1,
1329 1718 1438 1785 69.
1504 1718 1802 1785 Similiter
1843 1740 1995 1805 quae
2024 1720 2098 1784 ad
2133 1717 2248 1797 ΙΙΙ,

191 1823 299 1887 61
340 1826 420 1889 de
466 1826 675 1890 corvis
716 1823 1008 1889 adulteris
1067 1835 1311 1902 narrat,
1374 1845 1409 1889 e
1454 1825 1590 1889 loeo
1631 1819 1937 1890 Iuvenalis
1984 1820 2102 1907 (11,
2135 1821 2251 1907 63)

192 1927 376 1992 docta
408 1929 740 2005 videntur,
774 1936 841 1990 ut
872 1947 955 1991 ex
985 1926 1179 1990 altero
1210 1922 1356 2007 (Vl,
1390 1925 1545 2010 462)
1569 1973 1587 2004 ,
1628 1948 1779 2011 quae
1812 1928 1885 1992 cle
1910 1930 2254 2013 popaeamk

198 2031 385 2096 babet
413 2030 527 2111 (ad
558 2026 673 2111 vl,
706 2026 858 2114 74),
907 2028 1259 2112 quibuscum
1291 2029 1372 2093 cl'.
1408 2026 1517 2092 Io.
1550 2051 1588 2094 a
1617 2026 1698 2094 Ia
1721 2051 1900 2094 uua:
1963 2030 2253 2115 „Popea-

199 2155 345 2197 num
376 2155 414 2196 a
446 2155 602 2220 popa
624 2180 644 2213 ‚
691 2131 845 2217 quod
888 2144 985 2197 est
1014 2132 1317 2219 pinguedo
1338 2180 1358 2212 ,
1407 2132 1625 2197 dicitur
1653 2133 1947 2217 quoddam
1979 2153 2255 2216 unguen-

199 2242 382 2299 tum“
433 2246 582 2301 cett.
671 2233 866 2319 Quam
911 2256 1118 2320 parum
1162 2244 1448 2299 versatus
1492 2235 1572 2299 sit
1615 2236 1676 2298 in
1722 2235 1986 2318 antiquis
2034 2235 2249 2320 poetiS‚

191 2340 423 2404 docent
470 2357 624 2424 qnae
666 2338 901 2402 notavit
943 2338 1019 2402 ad
1062 2333 1145 2415 V,
1195 2336 1257 2401 1.
1338 2335 1711 2422 Quamquam
1759 2359 1841 2401 ex
1872 2338 2056 2403 totius
2088 2359 2250 2403 com—

192 2443 487 2508 mentarii
532 2440 735 2505 babitu
790 2441 1050 2504 maxime
1101 2440 1484 2504 iudicandum
1544 2453 1672 2520 est,
1748 2461 1946 2524 neque
2005 2442 2247 2504 multum

192 2545 459 2630 siugulis
501 2543 847 2609 asserendis
895 2541 1236 2621 lucramur,
1283 2544 1423 2626 quia
1468 2563 1542 2609 ea
1587 2555 1796 2628 postea
1834 2544 2073 2608 adiecta
2114 2563 2251 2607 esse

192 2648 309 2712 dici
356 2655 657 2733 possent,
717 2646 982 2716 conferri
1024 2655 1223 2708 tamen
1270 2656 1526 2731 possunt
1578 2647 1908 2730 quaedam,
1969 2666 2120 2729 qnae
2176 2648 2248 2709 ad

192 2749 657 2837 grammaticam
696 2757 1012 2832 spectant,
1068 2768 1221 2831 quae
1267 2747 1413 2812 illud
1458 2759 1728 2833 tempus,
1793 2749 1865 2812 de
1911 2769 2027 2832 quo
2072 2748 2249 2810 modo

192 2854 420 2917 dictum
456 2862 591 2928 est,
644 2851 792 2915 satis
834 2869 980 2935 prae
1010 2871 1079 2914 se
1109 2851 1356 2930 ferunt,
1403 2873 1468 2916 v.
1503 2852 1578 2915 ad
1608 2847 1664 2930 1,
1697 2849 1804 2915 46.
1843 2847 1988 2915 108.
2023 2847 2108 2928 ΙΙ,
2144 2847 2247 2912 58.

192 2952 308 3035 111,
346 2953 456 3019 10.
486 2951 633 3016 103.
663 2954 745 3017 al.
797 2949 1178 3016 Confirmant
1207 2952 1388 3016 etiam
1419 2952 1698 3017 iudicium
1734 2964 2002 3017 nostrum
2034 2953 2078 3016 ii
2107 2954 2249 3030 loci,

193 3059 415 3142 quibus
463 3054 765 3121 Graecum
810 3074 1155 3119 sermonem
1199 3055 1464 3119 adhibet.
1556 3055 1734 3119 Haud
1792 3076 1934 3119 raro
1980 3054 2251 3120 Graecas

192 3163 437 3247 profert
481 3158 916 3245 etymologias,
975 3158 1188 3243 partim
1237 3178 1387 3236 eas,
1448 3179 1596 3241 quas
1628 3180 1663 3222 a
1697 3156 1959 3236 Servio,
2018 3153 2253 3222 Isidoro

195 3266 334 3329 sim.
380 3261 640 3326 traditas
699 3260 1032 3345 reperimus
1092 3257 1176 3340 (I,
1212 3259 1317 3323 14.
1361 3255 1477 3338 IV,
1513 3259 1617 3323 51.
1667 3257 1749 3338 V,
1789 3257 1980 3345 140),
2042 3262 2252 3344 partim

194 3365 492 3432 ridiculas
536 3374 599 3428 et
640 3383 791 3445 quae
840 3361 1192 3426 nebulosam
1253 3362 1428 3427 istam
1487 3374 1551 3428 et
1604 3366 1920 3428 confusam
1978 3361 2253 3427 Graecae

196 3470 449 3554 linguae
503 3464 910 3550 cognitionem
970 3465 1392 3530 demonstrent
1449 3465 1634 3552 (prol.
1685 3465 1750 3529 6.
1801 3464 1852 3544 1,
1908 3463 2051 3528 10⁸2.
2107 3463 2250 3527 127.

202 3568 318 3649 lv,
364 3568 475 3634 13.
524 3565 606 3647 V,
654 3564 844 3644 104),
907 3567 1136 3652 aliquot
1178 3568 1327 3633 locis
1370 3581 1580 3654 aperte
1625 3571 1698 3634 iis
1742 3591 1884 3632 usus
1926 3579 2057 3645 est,
2107 3584 2256 3651 quae

200 3677 439 3760 antiqui
483 3671 858 3756 grammatici
904 3671 1319 3749 tradiderunt,
1366 3671 1450 3735 ita
1503 3683 1741 3748 tamen,
1792 3683 1855 3736 ut
1900 3694 2095 3756 neque
2129 3671 2256 3756 ipsc

202 3796 450 3864 semper
490 3784 779 3840 accurate
822 3773 1199 3858 intelligeret
1240 3785 1304 3838 et
1332 3776 1550 3859 passim
1584 3785 2000 3855 corrumperet
2031 3771 2112 3856 (Ι,
2147 3775 2251 3838 75.
2304 3826 2307 3830 .

201 3877 311 3945 9⁹.
364 3875 519 3944 101.
565 3873 688 3957 ΙΙΙ,
737 3874 874 3958 53).
956 3873 1049 3940 Ita
1107 3898 1240 3942 cum
1295 3877 1694 3961 antiquiorem
1757 3878 1970 3942 ducem
2013 3888 2258 3941 secutus

206 3981 449 4049 Graeca
479 3981 545 4045 in
577 3978 1088 4063 comparationem
1122 3991 1337 4058 vocat,
1385 3981 1528 4045 illud
1563 3976 1724 4048 ὅσον
1765 3977 1843 4046 τὸ
1890 3977 2086 4045 κενόν
2133 3981 2258 4063 qui-

211 4088 347 4151 dem
394 4085 656 4151 feliciter
699 4082 975 4148 servavit
1020 4079 1100 4164 (I,
1151 4083 1256 4169 1),
1314 4095 1378 4149 at
1436 4081 1739 4150 Graecum
1800 4104 2080 4160 versum,
2145 4103 2259 4165 quo
