2764 4738
884 418 1048 479 SAT.
1081 421 1154 493 V,
1191 426 1310 484 116
1329 456 1412 465 --
1434 426 1573 484 122.
2109 419 2235 486 199

199 584 563 657 declarant;“
594 588 665 648 ad
692 589 814 649 Au.
848 592 920 661 V,
956 596 1055 663 10,
1086 596 1145 654 3.
1178 590 1249 652 de
1285 593 1416 651 finn.
1448 592 1518 663 ΙΙ,
1549 597 1655 662 24,
1685 597 1791 655 77.
1868 593 2055 666 Quint.
2081 593 2230 654 decl.

198 673 524 733 chme
563 697 618 753 p.
634 679 714 737 88
740 675 861 754 Bip.
885 677 1015 735 ficta
1045 679 1226 749 frons,
1258 677 1330 737 ei.
1362 677 1499 737 Sen.
1530 677 1600 737 de
1633 690 1815 757 tranq.
1847 699 1938 737 an.
1977 685 2072 740 15.
2105 679 2224 739 luv.

195 758 261 828 11,
292 762 353 820 8.
384 759 553 819 Mart.
584 762 631 831 1,
660 765 764 830 24,
787 767 849 822 4.
897 763 1023 821 Sub
1049 773 1316 839 pectore,
1350 764 1443 821 nbi
1476 764 1641 822 animi
1672 763 1842 822 sedes
1877 765 1979 837 (cs.
2011 764 2232 840 Lange,

198 864 371 902 verm.
423 844 591 904 Sebr.
641 867 697 924 p.
737 851 854 908 112
888 868 977 926 sq.
1025 848 1097 906 ei.
1145 848 1301 907 Cort.
1347 847 1417 907 ad
1463 848 1675 907 Lucan.
1709 849 1752 919 1,
1782 852 1931 919 247)
1989 852 2229 927 vapido,

194 931 424 1008 proprie
457 933 510 987 in
544 952 779 1009 vappam
812 930 1199 1009 degenerante
1232 940 1310 1006 (v.
1347 938 1528 1005 148),
1570 932 1715 1013 quod
1758 955 1815 993 v.
1867 937 2015 994 sieut
2042 952 2232 1012 vappa-

196 1013 361 1086 (Plin.
406 1016 565 1087 xlv,
610 1021 714 1087 20,
745 1021 852 1087 25)
895 1019 1062 1076 etiam
1107 1016 1177 1077 ad
1223 1018 1498 1078 bominem
1542 1020 1884 1079 transfertur
1926 1020 2024 1093 (cs.
2073 1019 2232 1078 Suet.

192 1104 349 1179 Aug.
384 1105 528 1172 87),
583 1121 791 1161 servas
838 1113 1095 1162 astutam
1142 1105 1407 1181 vulpem,
1454 1124 1599 1184 quae
1646 1104 1989 1164 Archilocho
2022 1105 2118 1176 (fr.
2151 1109 2232 1167 79

197 1185 397 1258 Sebn.)
442 1183 732 1266 κερδαλέη
779 1183 1020 1260 ἀλώπηξ
1069 1200 1191 1260 est,
1265 1190 1306 1249 i.
1356 1209 1411 1248 e.
1445 1190 1738 1259 astutiam,
1786 1201 1845 1248 nt
1888 1190 2233 1249 Themistius

196 1271 383 1343 (XXII
427 1293 482 1351 p.
514 1276 638 1334 279
667 1272 764 1344 A.)
812 1271 985 1330 dixit·
1050 1268 1308 1349 φύονται
1349 1271 1425 1332 δέ
1458 1295 1612 1344 τινες
1655 1273 1760 1334 καὶ
1795 1272 1858 1333 ἐν
1882 1270 2237 1355 ἀνθρώποις

192 1347 519 1425 ἀλωπεκες.
576 1357 763 1416 Aliter
793 1357 975 1430 paullo
1009 1358 1275 1417 Horatius
1309 1361 1406 1428 (Α.
1436 1359 1500 1418 Ρ.
1532 1364 1680 1432 437)
1714 1356 1855 1417 dixit
1882 1361 2099 1418 animos
2129 1360 2234 1417 sub

191 1439 360 1515 vulpe
395 1440 678 1508 latentes,
724 1438 816 1496 ubi
849 1438 1044 1517 vulpes
1074 1449 1167 1498 est
1196 1438 1380 1537 peliis
1391 1439 1648 1517 vulpina,
1693 1444 1842 1497 sient
1873 1437 2031 1498 Plato
2062 1438 2233 1497 dixit·

198 1517 328 1592 Τὴν
359 1521 427 1577 δὲ
456 1523 566 1578 τοῦ
594 1541 948 1597 σοφωτατου
974 1517 1328 1603 Ἀρχιλόχου
1346 1517 1627 1581 ἀλώπεκα
1652 1520 1885 1582 ἑλκτέον
1914 1517 2239 1594 ἐξόπισθεν

194 1601 530 1684 κερδαλεαν
560 1603 662 1662 καὶ
688 1604 964 1677 ποικίλην
993 1615 1138 1685 (rep.
1169 1607 1219 1667 11
1254 1627 1322 1684 p.
1348 1609 1474 1668 365
1506 1607 1569 1665 C.
1603 1605 1678 1663 ib.
1711 1609 1883 1683 intpp.
1917 1604 2136 1664 Ruhnk.
2165 1602 2236 1662 nd

193 1690 342 1749 Tim.
367 1709 424 1766 p.
456 1693 580 1750 256
611 1694 743 1768 sq..)
796 1691 960 1764 Quae
989 1691 1263 1750 dederam
1293 1710 1515 1768 supra,
1549 1692 1790 1766 relego,
1827 1701 2058 1768 repeto,
2090 1687 2238 1769 quod

194 1797 246 1834 v.
279 1776 361 1833 ita
392 1785 720 1852 usurpatur,
773 1786 832 1832 ut
862 1795 968 1845 ea,
1008 1795 1154 1854 quae
1187 1787 1419 1853 peracta
1451 1788 1616 1846 sunt,
1661 1777 1869 1834 sensim
1900 1787 1961 1834 et
1989 1796 2149 1855 pers
2122 1777 2239 1834 siu·

191 1860 360 1939 gulas
407 1870 601 1937 partes
645 1871 1009 1937 repetantur,
1052 1859 1392 1938 praesertim
1436 1861 1559 1932 fila,
1604 1861 1876 1939 vestigia,
1923 1863 2034 1920 iter
2078 1861 2237 1929 sim..

192 1949 271 2006 ef.
308 1945 505 2004 Heius.
536 1943 717 2004 Advv.
752 1945 820 2016 11,
851 1949 891 2006 4
924 1966 975 2023 p.
996 1950 1122 2008 235
1141 1967 1263 2026 sqq.
1296 1945 1368 2005 ad
1402 1945 1559 2006 Ovid.
1592 1947 1733 2006 Met.
1769 1947 1867 2017 IV,
1900 1951 2043 2009 570.
2079 1947 2238 2004 fastt.

195 2032 264 2101 11,
295 2035 441 2092 550.
489 2030 677 2089 Benti.
727 2031 799 2089 ad
830 2029 966 2089 Hor.
1000 2051 1172 2091 earm.
1208 2033 1247 2101 1,
1281 2036 1384 2102 34,
1420 2039 1492 2101 5ς
1552 2030 1623 2090 de
1669 2034 1906 2108 pecunia
1954 2052 2061 2090 non
2105 2051 2239 2089 esse

195 2120 250 2175 in
284 2137 389 2174 usu
424 2116 728 2194 probarunt
764 2115 943 2176 Gron.
965 2117 1119 2175 obss.
1141 2118 1307 2186 1‚20.
1349 2118 1529 2175 Benti.
1562 2129 1622 2175 et
1652 2117 1769 2176 Fen
1799 2115 1868 2175 ad
1901 2117 2037 2176 Hor.
2071 2114 2239 2194 epod.

196 2203 265 2272 11,
300 2205 407 2264 69.
449 2203 808 2278 Fuuemque‚
844 2222 1006 2280 quem
1040 2203 1147 2260 iam
1181 2203 1278 2261 tibi
1305 2202 1727 2273 celaveram,
1757 2205 1996 2274 redum,
2032 2203 2240 2260 astrin-

193 2308 305 2366 go,
335 2287 413 2345 ef.
446 2308 498 2344 v.
537 2290 657 2348 158
687 2306 809 2366 sqq.
852 2288 966 2345 Nil
990 2287 1105 2346 tibi
1131 2290 1424 2346 concessit
1449 2290 1607 2346 ratio
1629 2329 1647 2359 ,
1695 2289 1822 2366 quin
1854 2307 1928 2347 ex
1959 2288 2241 2346 sententia

196 2375 507 2433 stoicorum
552 2374 778 2450 sapiens
823 2376 1040 2445 omnia,
1084 2374 1287 2432 stultus
1333 2374 1468 2432 nihil
1521 2376 1744 2432 omnino
1777 2386 1933 2433 reete
1969 2374 2135 2441 facit,
2169 2393 2240 2431 ne

196 2460 482 2518 minimum
514 2459 772 2538 quidem,
815 2459 870 2516 in
915 2478 1025 2539 qno
1067 2456 1397 2519 illustrando
1427 2458 1658 2519 adhibet
1685 2457 1819 2518 illud
1848 2456 1996 2537 apud
2026 2460 2241 2517 stoicos

196 2555 568 2623 pervagatum
615 2545 863 2621 degitum
899 2563 1215 2615 exserere,
1263 2539 1367 2604 τὸν
1412 2541 1704 2603 δάκτυλον
1735 2542 2032 2602 ἐκτείνειν.
2096 2542 2242 2602 Nam

196 2651 325 2690 enm
371 2628 604 2707 digitum
651 2631 947 2706 porrigere
994 2649 1098 2708 pro
1128 2649 1192 2689 re
1225 2630 1515 2690 levissima
1546 2640 1826 2708 ponerent
1869 2630 1974 2703 (cs.
2012 2628 2135 2687 Cio.
2171 2626 2243 2687 de

200 2717 333 2774 finn.
368 2715 461 2786 111,
499 2719 597 2787 17,
632 2720 735 2776 57.
772 2713 912 2772 Pint.
946 2712 1016 2774 de
1047 2735 1172 2793 rep.
1204 2716 1368 2773 stoie.
1403 2719 1506 2776 26.
1539 2713 1664 2773 adv.
1685 2715 1855 2774 stoic.
1875 2718 1976 2785 8),
2006 2724 2068 2772 ut
2097 2718 2245 2772 inter

199 2796 522 2881 ἀδιάφορα
562 2810 840 2877 ponerent
873 2800 1065 2899 (Diog.
1110 2800 1306 2860 Laert.
1355 2799 1705 2870 V11‚1‚60‚
1744 2803 1888 2860 104.
1940 2797 2242 2858 Stob.eci.

198 2886 370 2964 pbys.
403 2884 476 2954 11.
509 2890 610 2957 7),
641 2895 828 2944 tamen
860 2887 1087 2963 sapiens
1120 2888 1241 2944 sine
1274 2887 1495 2945 ratione
1527 2904 1598 2943 ne
1628 2884 1856 2962 digitum
1890 2882 2110 2962 quidem
2144 2903 2246 2942 ex·-

198 2990 405 3031 serere
452 2970 785 3049 putabatur,
830 2970 1016 3047 Εριοῑ.
1064 2972 1139 3030 fr.
1177 2975 1288 3033 53·
1340 2967 1684 3045 Φιλοσοφία
1728 2967 1914 3046 φησιν
1959 2963 2049 3028 ὅτι
2100 2964 2242 3027 οὐδὲ

198 3052 305 3118 τὸν
335 3044 689 3115 δάκτυλον’
657 3054 934 3113 εκτείνειν
961 3054 1093 3128 εἰκῆ
1113 3051 1431 3137 προσήκει.
1480 3055 1712 3113 Arrian.
1748 3052 1887 3112 diss.
1920 3052 1989 3125 11,
2026 3058 2124 3123 11,
2150 3057 2243 3116 17.

201 3144 387 3203 Clem.
433 3140 607 3200 Alex.
657 3139 895 3218 paedag.
940 3140 1006 3210 11,
1044 3145 1121 3203 10
1154 3162 1206 3219 p.
1240 3145 1321 3201 82
1356 3138 1549 3217 sylb-2
1604 3136 1767 3198 Οὐδὲ
1813 3134 1915 3199 τὸν
1957 3134 2248 3197 δάκτυλον

201 3226 287 3296 ὥς
327 3222 496 3303 ε’·ηχε
541 3222 810 3284 σαλεύειν
849 3227 935 3283 τιὸ
978 3227 1153 3303 σοᾳῷ
1215 3222 1246 3285 6
1290 3221 1465 3301 λόγος
1517 3222 1853 3325 ἐπιτρέπει,
1911 3220 1992 3293 ὥς
2036 3220 2245 3299 ὁμολο-

199 3314 418 3391 γοῦσιν
458 3312 516 3368 οἱ
548 3308 815 3369 στωικοί.
863 3309 996 3369 inde
1028 3309 1162 3368 inud
1193 3306 1485 3391 ανδρείςω
1520 3331 1623 3375 τον
1660 3304 1953 3368 δάκτυλον
1993 3304 2249 3366 ἐκτεῖναι

202 3398 383 3474 (Piut.
429 3393 502 3454 de
549 3415 670 3473 rep.
717 3398 879 3454 stoie.
933 3399 1070 3466 13),
1117 3393 1427 3476 φρονίςμω
1469 3389 1573 3453 τὸν
1615 3390 1906 3453 δάκτυλον
1943 3389 2251 3473 προτεῖναι

207 3482 384 3556 (Plut.
421 3478 551 3539 adv.
584 3482 752 3538 stoic.
788 3482 922 3559 24).
984 3481 1165 3539 Nullo
1192 3491 1326 3538 ture
1359 3480 1596 3551 letam,
1648 3500 1922 3559 nunquam
1953 3479 2045 3537 vei
2076 3497 2110 3534 a
2141 3474 2248 3535 diis

205 3566 537 3645 impetrabis
572 3565 663 3639 (ll,
697 3570 834 3638 75),
869 3576 935 3624 ut
963 3568 1022 3624 in
1049 3565 1251 3624 stultis
1283 3584 1582 3623 semunom
1616 3566 1808 3624 brevis
1841 3563 2001 3636 (Hor.
2035 3573 2142 3620 sat.
2176 3561 2248 3631 11,

205 3659 268 3723 3,
296 3657 379 3714 37
412 3653 587 3709 breve
618 3649 859 3729 pondus)
893 3653 1065 3721 recti,
1101 3651 1192 3709 vel
1225 3650 1446 3708 minima
1475 3652 1617 3710 recti
1652 3669 1783 3728 pars
1814 3652 2064 3708 haereat
2087 3647 2246 3718 (Hor.

204 3750 316 3799 sat.
349 3737 395 3804 1.
429 3741 489 3804 3.
522 3741 667 3807 77),
699 3737 775 3794 cf.
800 3736 943 3794 Piut.
975 3734 1048 3795 de
1080 3734 1208 3794 ιιιιι1.
1242 3745 1396 3813 poet.
1435 3738 1506 3796 6.
1536 3732 1662 3804 τοῖς
1692 3732 1991 3803 στωικοῖς,
2022 3726 2166 3810 μήτε
2195 3755 2252 3791 τι

207 3825 446 3901 φαῦλον
471 3817 653 3901 αρετῆ
690 3819 1041 3901 προσεῖναι,
1074 3816 1217 3898 μήτε
1247 3819 1432 3895 κακίᾳ
1464 3816 1722 3918 χρηστὸν
1759 3816 2069 3890 ἀξιοῦσιν,
2103 3813 2250 3877 ἀλλὰ

208 3905 447 3975 πάντως
473 3907 582 3983 μὲν
611 3905 675 3964 ἐν
705 3907 889 3963 πᾶσιν
903 3901 1268 4003 ἁμαρτωλὸν
1293 3899 1446 3962 εἶναι
1473 3926 1577 3964 τον
1606 3900 1856 3980 ἀμαθῆ,
1888 3903 2027 3985 περὶ
2054 3899 2250 3961 πάντα

209 3990 265 4052 δ
288 3980 369 4051 αὖ
398 3992 750 4072 κατορθοῦν
766 3985 870 4051 τὸν
886 3985 1144 4049 αστεῖον.
1193 3990 1351 4067 LipS.
1367 3988 1593 4048 manud.
1615 3989 1858 4049 adstoie.
1879 3988 2009 4068 pbii.
2030 3988 2125 4059 111,
2151 3992 2247 4048 15.

209 4081 375 4139 llaec
418 4079 701 4148 miseere,
751 4077 827 4136 ita
873 4085 933 4135 ut
974 4075 1178 4134 stultus
1223 4076 1367 4136 recti
1413 4076 1701 4157 particeps
1746 4076 1875 4147 fiat,
1918 4072 2091 4152 nefas
2133 4083 2245 4133 est.
