2764 4738
578 397 705 462 178
1278 398 1450 462 SAT.
1486 398 1587 473 lv,
1615 401 1892 463 47—49.

573 567 827 630 θεῶν*
873 570 966 630 cf.
997 589 1127 651 epp.
1156 568 1311 642 LIX,
1329 577 1444 635 11:
1487 570 1787 650 „Optimos
1817 588 1923 628 nos
1952 585 2124 639 esse,
2155 563 2613 646 sapientissimos,

570 657 978 715 affirmantibus
995 659 1356 729 assentimur,
1388 678 1514 716 eum
1532 661 1777 715 sciamus
1793 655 1920 714 illos
1936 654 2226 712 mentirist‘
2255 652 2338 713 Ita
2362 651 2610 721 Persius,

572 742 624 800 si
658 752 716 800 te
746 743 938 820 pravis
969 740 1367 820 cupiditatibus
1399 743 1550 801 affici
1582 741 1684 800 tibi
1712 741 1977 800 conscius
2000 758 2103 811 es,
2133 758 2207 797 ne
2238 736 2437 797 credas
2468 736 2608 794 alio·

570 846 692 885 rum
723 828 1223 886 assentationibus.
1267 829 1345 886 Si
1368 829 1487 886 miso
1514 846 1743 885 nummo
1767 825 1980 904 palles,
2013 822 2319 900 eupiditate
2350 822 2603 888 moveris,

571 932 623 970 v.
645 911 778 971 Hor.
798 921 906 970 sat.
922 912 992 982 11,
1009 916 1071 983 3,
1088 917 1203 975 78:
1250 911 1616 984 „Ambitione
1646 913 1789 970 mala
1811 922 1909 969 aut
1922 910 2146 986 argenti
2166 910 2339 986 pallet
2352 913 2602 966 amore.“

569 996 822 1073 Sae'saec‘s
843 1039 861 1067 ‚
897 996 1044 1077 quod
1075 1009 1167 1057 est
1194 998 1432 1057 verbum
1463 1016 1770 1057 venereum
1804 997 1904 1069 (ef.
1937 997 2113 1073 intpp.
2147 993 2375 1053 Petron.
2413 997 2472 1055 9.
2502 996 2602 1052 87.

571 1082 693 1143 luv.
726 1081 852 1153 Vll,
882 1086 1072 1155 24⁰),
1117 1084 1398 1162 quicquid
1437 1102 1701 1141 amorum
1716 1125 1739 1153 ,
1785 1079 1934 1160 quod
1963 1101 2016 1138 v.
2049 1079 2120 1137 de
2152 1098 2395 1156 persona
2423 1087 2602 1136 amata

568 1178 904 1247 usurpatur,
949 1169 1203 1249 inprimis
1247 1166 1322 1229 de
1366 1168 1574 1227 scortis
1622 1176 1700 1239 (v.
1747 1166 1930 1226 Plaut.
1976 1163 2154 1224 Poen.
2197 1165 2242 1235 1,
2288 1170 2347 1234 1,
2388 1166 2469 1225 79
2487 1182 2599 1240 sq.:

572 1251 708 1312 ltem
753 1271 981 1313 amores
1025 1263 1156 1312 tuos
1196 1254 1247 1312 si
1291 1254 1379 1312 vis
1423 1263 1721 1331 spectare3
1766 1253 1845 1311 ef.
1894 1250 2096 1309 Catuli.
2133 1249 2211 1320 X,
2254 1255 2282 1310 1
2320 1249 2393 1308 ib.
2423 1247 2602 1317 Bon),
2718 1261 2720 1278 ⁴

571 1339 633 1396 in
658 1356 866 1415 penem
895 1339 1089 1410 venit,
1139 1335 1287 1418 qnod
1330 1336 1707 1398 audacissime
1740 1336 1945 1396 dietum
1978 1346 2068 1394 est
2095 1334 2169 1393 ad
2200 1331 2600 1394 similitudinem

570 1422 760 1481 talium
777 1464 798 1494 ,
842 1424 1122 1501 quiequid
1156 1425 1216 1482 in
1258 1434 1503 1483 montem
1533 1424 1696 1482 veuit
1713 1465 1735 1493 ,
1787 1422 2069 1501 quicquid
2095 1421 2157 1478 e'n
2188 1421 2421 1479 buc-eun
2450 1415 2602 1477 vem't

571 1507 718 1578 (Cic.
750 1505 823 1566 ad
854 1507 974 1567 Au.
1010 1508 1056 1580 l,
1092 1513 1191 1579 12,
1221 1513 1282 1570 4.
1326 1509 1453 1579 Xll,
1490 1514 1548 1580 1,
1576 1512 1637 1571 2.
1692 1506 1902 1568 Senee.
1937 1507 2161 1583 apocol.
2194 1526 2250 1583 p.
2283 1508 2405 1568 2⁴3
2433 1503 2593 1582 Bip.).

568 1591 836 1651 Ceterum
879 1613 992 1652 non
1034 1614 1294 1672 possum,
1339 1596 1469 1672 quiu
1515 1594 1855 1653 mentionem
1901 1593 2151 1650 iuiieiam
2183 1591 2478 1650 locutionis
2488 1585 2600 1664 sar

563 1675 845 1748 ramore,
877 1676 1053 1756 [σίνε
1098 1679 1347 1738 Pamour
1396 1677 1544 1757 opud
1586 1679 1781 1738 Gallos
1828 1689 1890 1737 et
1928 1677 2105 1736 Italos
2150 1675 2320 1735 bodie
2350 1676 2597 1743 usitatae,

565 1760 715 1822 unde
746 1765 871 1842 quis
903 1761 1054 1822 baud
1081 1765 1528 1842 improbabiliter
1555 1764 1825 1842 colligat,
1866 1764 2036 1823 etiam
2067 1764 2329 1841 antiquos
2360 1758 2598 1839 populari

564 1856 728 1905 certe
771 1867 1037 1909 sermone
1083 1849 1298 1909 dixisse
1327 1847 1549 1926 facere
1590 1868 1883 1920 amonem,
1934 1845 2087 1928 quod
2118 1859 2306 1906 tamen
2338 1843 2599 1921 exemplis

563 1951 675 1990 non
721 1952 951 2010 possum
994 1935 1271 2012 probare3
1317 1933 1467 2014 quod
1515 1936 1565 1994 si
1608 1935 1734 1993 lieri
1773 1944 2009 2012 posset,
2053 1933 2310 2010 legerem
2338 1948 2597 1989 amorem.

564 2019 854 2076 Amorum
889 2038 1099 2097 penem
1142 2022 1323 2099 intpp.
1371 2022 1453 2078 ita
1496 2019 1888 2099 explicarunt,
1935 2029 1997 2079 nt
2038 2036 2271 2077 sensum
2316 2017 2601 2077 efficerent

564 2112 769 2179 poetae
799 2105 973 2162 menti
1003 2107 1344 2164 eontrarium
1374 2105 1467 2164 vel
1499 2108 1778 2184 ineptum,
1824 2124 1933 2164 nee
1974 2102 2256 2183 quomodo
2285 2114 2417 2181 apte
2443 2099 2600 2160 intel·

564 2187 663 2264 ligi
707 2189 920 2266 possit,
965 2188 1225 2269 equidem
1269 2190 1545 2268 intelligo.
1613 2191 1690 2249 Si
1718 2190 1938 2268 puteal
1974 2189 2160 2247 malm
2191 2198 2404 2247 cautus
2430 2186 2600 2245 vibioe

550 2273 869 2352 flagellas,
901 2272 976 2332 de
1008 2274 1117 2333 boe
1146 2294 1234 2334 vs.
1267 2275 1622 2334 conclamato
1653 2276 1718 2334 C.
1749 2275 1820 2334 F.
1855 2274 2208 2333 Hermannus
2237 2272 2464 2331 «lectam
2493 2270 2599 2329 dis·

564 2360 933 2418 sertatiouem
963 2360 1198 2439 scripsit
1224 2362 1280 2420 in
1312 2359 1429 2421 ind.
1460 2361 1619 2421 lectt.
1650 2359 1834 2420 Marb.
1865 2363 2222 2429 1839-40,
2253 2360 2312 2418 in
2341 2379 2454 2439 qua
2479 2354 2596 2416 VV.

562 2440 686 2500 DD.
737 2446 1048 2504 sententias
1093 2448 1431 2527 composuit.
1488 2447 1709 2506 Puteal
1746 2465 1782 2505 a
1827 2442 2128 2505 Scribonio
2173 2444 2397 2505 Libone
2429 2443 2596 2517 (Fest-

562 2547 611 2585 s.
624 2547 677 2587 v.
694 2529 1022 2588 sceleratus
1046 2538 1307 2609 campus)
1338 2532 1548 2591 factum
1578 2542 1671 2592 est
1698 2534 1754 2590 in
1787 2532 2016 2590 comitio
2047 2531 2103 2588 in
2135 2532 2361 2607 porticu
2387 2523 2597 2589 Iuliaad

561 2630 754 2669 areum
783 2612 1091 2675 Fabianum
1124 2623 1200 2689 (v.
1234 2616 1441 2688 schol.)
1460 2658 1479 2687 ,
1523 2617 1618 2675 ubi
1648 2615 1894 2675 tribunal
1924 2618 2210 2694 praetoris
2241 2616 2350 2674 ruit
2381 2612 2596 2692 (Pon-pb.

563 2694 637 2755 ad
664 2696 800 2756 Hor.
834 2710 941 2757 sat.
973 2698 1041 2771 11,
1074 2703 1134 2772 6,
1167 2702 1295 2779 35),
1327 2702 1407 2761 ef.
1433 2701 1696 2773 Crellius,
1727 2701 1927 2761 Puteal
1958 2700 2195 2760 Libonis
2226 2719 2304 2759 ex
2333 2711 2450 2758 aut.
2478 2718 2597 2759 eru·

558 2790 698 2842 tum.
767 2779 904 2842 Inde
936 2784 1207 2864 frequens
1238 2788 1362 2846 eius
1395 2788 1605 2846 mentio
1636 2797 1762 2859 est,
1807 2797 1870 2845 ut
1899 2786 2254 2865 significetur
2283 2786 2475 2855 loeus,
2514 2783 2597 2843 nbi

561 2885 805 2926 caussae
836 2868 1185 2945 agebantur,
1227 2872 1304 2929 ef.
1336 2872 1474 2930 Hor.
1506 2882 1617 2931 sat.
1650 2872 1720 2944 11,
1749 2876 1810 2944 6,
1838 2875 1923 2934 30
1953 2891 2075 2951 sq.:
2118 2870 2275 2930 Ante
2307 2867 2595 2930 secundam

562 2948 803 3010 Roscius
834 2954 1035 3013 orabat
1064 2954 1172 3014 sibi
1199 2953 1438 3015 adesses
1468 2953 1539 3015 ad
1572 2958 1766 3035 puteal
1790 2976 1943 3016 eras.
1992 2956 2142 3034 Epp.
2176 2955 2222 3027 1,
2252 2960 2354 3027 19,
2380 2961 2454 3017 8:
2494 2953 2596 3014 Fo-

558 3054 681 3093 rum
727 3037 1027 3117 putealque
1073 3039 1307 3099 Libonis
1348 3039 1636 3100 Mandabo
1677 3043 1866 3101 siccis.
1929 3040 2091 3101 ovid.
2129 3061 2274 3099 rem.
2308 3060 2420 3100 am.
2451 3044 2593 3104 561:

561 3119 668 3192 Qui
698 3123 886 3199 puteal
914 3122 1214 3203 Ianumque
1243 3127 1421 3185 timet.
1488 3126 1611 3185 Cic.
1639 3147 1695 3205 p.
1729 3124 1884 3186 Sest.
1915 3131 1977 3197 8,
2008 3131 2121 3188 18:
2156 3126 2479 3198 (Gabinius)
2505 3146 2595 3205 pu·

562 3204 695 3263 teali
722 3215 783 3264 et
805 3208 1077 3285 gregibus
1100 3210 1486 3269 feneratorum
1522 3212 1766 3270 inflatus.
1827 3211 2110 3271 Videntur
2141 3214 2291 3272 enim
2318 3212 2596 3271 senente-

559 3306 658 3347 res
685 3292 1028 3368 potissimum
1060 3295 1136 3353 ibi
1167 3295 1347 3354 locum
1375 3294 1670 3369 habuisse,
1702 3299 1907 3377 quippe
1926 3298 2129 3378 quibus
2157 3317 2338 3377 saepe
2371 3296 2595 3357 tribunal

560 3370 873 3435 adeundum
919 3377 1045 3437 fuit.
1100 3381 1316 3439 Puteal
1329 3381 1672 3460 flagellare
1706 3384 2023 3442 insolenter
2046 3380 2255 3441 dictum
2288 3394 2385 3443 est
2412 3382 2593 3442 eadem

562 3459 688 3517 sere
731 3463 982 3533 ratione,
1028 3485 1139 3545 qua
1187 3465 1401 3524 Plinius
1438 3465 1731 3538 (ΧΧΧΙΠ,
1774 3471 1873 3538 13,
1905 3472 2012 3540 57)
2056 3487 2352 3527 annonam
2383 3467 2595 3549 flagel-

560 3541 691 3600 lare
722 3541 794 3604 de
824 3547 895 3604 iis
924 3547 1083 3620 dicit,
1113 3552 1208 3630 qui
1230 3552 1429 3630 quovis
1462 3550 1629 3609 modo
1658 3573 1735 3614 ex
1765 3572 1838 3612 ea
1854 3554 2096 3611 fructum
2130 3573 2346 3633 capere
2366 3551 2592 3622 student,

564 3627 817 3703 quicum*
845 3634 1277 3711 comparandum
1322 3635 1469 3716 quod
1523 3636 1811 3697 Martialis
1854 3636 1964 3709 (11,
2007 3641 2112 3706 30,
2152 3644 2215 3699 4.
2278 3639 2353 3708 V,
2404 3643 2497 3709 13,
2536 3642 2591 3705 6)

562 3727 766 3770 aream
811 3734 949 3793 opes
965 3722 1298 3800 flagellare
1342 3718 1506 3781 dicit.
1571 3722 1658 3781 Ita
1708 3723 1899 3801 puteal
1948 3723 2283 3799 flagellare,
2331 3736 2396 3783 et
2434 3725 2593 3782 mulla

562 3792 785 3872 quidem
815 3803 1037 3877 vibere,
1085 3827 1196 3887 quo
1226 3818 1470 3884 augetur
1509 3809 1596 3866 vis
1644 3809 1964 3881 sermonis,
2007 3808 2216 3867 dieitur
2245 3812 2342 3888 qui
2386 3828 2592 3887 semper

559 3895 799 3976 caussas
828 3888 951 3962 agit
975 3900 1037 3948 et
1058 3911 1391 3972 quocunque
1431 3890 1598 3951 modo
1623 3894 1680 3952 iu
1711 3891 1933 3953 iudiciis
1962 3894 2199 3953 vincere
2229 3894 2458 3965 studet,
2496 3914 2590 3974 quo

559 3962 721 4020 tumul
761 3965 1045 4064 indicatur
1084 3996 1210 4035 eum
1256 3995 1362 4037 uec
1408 3978 1630 4037 iniustis
1675 3998 1939 4057 parcere.
2026 3980 2260 4038 Cautus
2301 3979 2473 4060 longo
2499 4000 2586 4039 usu

561 4045 797 4107 f01’0081·
858 4054 1260 4139 Nequit-quam
1290 4064 1513 4141 populo
1544 4063 1856 4125 blandienti
1883 4064 2201 4124 donaveris
2228 4083 2418 4126 aures
2448 4066 2586 4126 bibu-
