2764 4738
578 434 710 501 214
1343 438 1639 512 SAT.v1‚
1668 443 1886 502 3—7.

581 628 784 669 nomen
842 608 1359 689 frequentissimum
1418 621 1540 681 est,
1598 620 1660 670 et
1711 609 1790 670 M.
1852 605 2155 668 GAVIVS.
2207 609 2290 670 M.
2331 609 2399 669 F.
2449 609 2606 669 STE.

581 693 900 755 BASSVS.
945 694 1250 755 AEDILIS
1291 706 1385 754 est
1413 697 1468 755 in
1499 698 1754 776 inscript.
1789 695 1950 755 Grut.
1982 698 2130 764 439,
2162 700 2254 766 7.,
2299 694 2404 756 sed
2451 697 2619 754 Gabiz

582 799 839 861 quoquc,
883 782 1135 859 quamvis
1167 781 1384 852 rarius,
1429 782 1817 852 inveniuntur,
1860 791 1920 839 ut
1949 783 2003 838 in
2034 780 2196 839 titulo
2227 779 2373 859 apud
2405 781 2611 840 Bertol.

580 877 696 925 ant.
728 865 915 944 Aquil.
949 887 1004 924 n.
1038 869 1183 937 646,
1216 867 1309 945 qui
1339 866 1425 924 bis
1456 877 1647 926 exstat
1673 823 1823 944 apud
1850 866 2054 925 Murat.
2092 869 2277 939 1680,
2302 871 2400 930 10.
2430 871 2610 935 2192,

581 956 642 1013 4.
701 951 859 1023 Quae
890 970 1014 1009 cum
1045 952 1123 1009 ita
1153 954 1299 1023 sint,
1348 954 1682 1029 praesertim
1715 973 1839 1011 cnm
1869 971 1977 1011 nec
2009 951 2174 1010 Gellii
2207 971 2314 1011 nec
2343 952 2612 1011 Macrobii

581 1033 746 1096 codd.
790 1038 1109 1094 accuratius
1151 1039 1381 1096 excussi
1425 1039 1565 1108 sint,
1607 1040 1787 1116 possit
1816 1039 1940 1117 quis
1973 1038 2355 1096 coniecturam
2387 1056 2610 1116 capere,

553 1119 727 1181 'hunc
771 1120 1005 1179 Bassum
1048 1141 1182 1181 esse
1226 1123 1413 1201 potius
1462 1122 1754 1195 Caesium,
1800 1142 1945 1202 qnae
1977 1133 2163 1180 tamen
2194 1124 2354 1181 nimis
2383 1143 2532 1199 vaga
2557 1133 2612 1181 et

578 1210 799 1266 incerta
839 1217 947 1265 est.
1008 1206 1349 1287 Quamquam
1392 1226 1576 1287 neque
1621 1208 1729 1266 boc
1771 1206 2265 1277 dissimulandum,
2311 1206 2610 1267 Arnobinn

580 1292 678 1365 (ΙΙΙ
695 1312 749 1371 p.
771 1296 889 1354 149
905 1291 1079 1366 Elm.)
1102 1292 1144 1350 C
1163 1312 1243 1352 ae
1261 1293 1354 1350 sii
1386 1295 1722 1352 sententiam
1742 1291 1814 1352 de
1829 1292 1936 1351 diis
1953 1292 2357 1352 Novensilibus
2389 1294 2611 1361 afferre,

578 1398 724 1457 quae
769 1396 1036 1456 nusquam
1080 1379 1263 1455 aptius
1307 1377 1630 1455 legeretur,
1675 1398 1836 1457 quam
1884 1379 1940 1436 in
1986 1378 2128 1436 libro
2160 1377 2233 1437 de
2265 1377 2395 1437 diis.
2455 1376 2613 1455 Apud

577 1462 839 1538 Fulgent.
872 1481 1073 1539 expos.
1104 1481 1273 1520 serm.
1307 1464 1480 1541 antiq.
1505 1483 1628 1522 sm.
1664 1465 1904 1522 vervina
1935 1464 2028 1542 qui
2061 1461 2323 1521 laudatur
2352 1462 2609 1522 Gabius

580 1549 681 1620 (ita
712 1545 876 1606 codd.
907 1552 1046 1618 aut.)
1093 1547 1375 1606 Bassus
1417 1550 1488 1604 in
1533 1550 1813 1627 satyris
1860 1549 1955 1607 vix
1984 1546 2212 1619 dubito,
2259 1547 2393 1626 quin
2426 1559 2613 1606 noster

577 1634 652 1690 sit
680 1629 1112 1708 intelligendus,
1157 1652 1321 1711 quem
1363 1634 1568 1691 satiras
1599 1635 1904 1710 scripsisse
1935 1653 2011 1691 ex
2041 1633 2096 1690 h.
2130 1633 2167 1690 l.
2200 1634 2436 1691 finxisse
2466 1632 2609 1691 vide-

579 1727 672 1775 tur
700 1715 1065 1794 Fulgentius,
1112 1715 1183 1776 de
1227 1737 1337 1796 qua
1379 1737 1444 1776 re
1475 1717 1604 1776 alibi
1647 1717 1983 1795 explicatius
2023 1715 2321 1776 dicendum
2357 1720 2487 1777 erit.
2528 1715 2610 1776 Ad

577 1801 833 1861 Persium
867 1804 1206 1861 revertimur
1233 1804 1470 1882 eiusque
1501 1800 1573 1861 de
1606 1803 1813 1861 Caesio
1845 1802 2025 1861 Basso
2056 1802 2255 1861 verba.
2320 1803 2427 1876 Qui
2474 1800 2610 1882 quod

577 1890 862 1965 egregius
905 1884 1109 1945 dicitur
1153 1888 1390 1946 iuvenes
1420 1889 1659 1965 agitare
1690 1890 1881 1959 iocos,
1927 1898 1986 1946 ut
2032 1886 2266 1947 Ovidius
2316 1889 2513 1959 (Trist.
2541 1887 2609 1958 V,

580 1978 637 2042 1,
669 1974 738 2049 7)
770 1992 834 2032 se
868 1969 1129 2031 iuvenilia
1160 1973 1366 2031 lusisse
1396 1970 1564 2045 dicit,
1611 1993 1755 2052 quae
1786 1974 1945 2033 iocos
1977 1973 2108 2031 alibi
2141 1974 2395 2052 appellat
2427 1975 2610 2046 (Trist.

576 2057 646 2130 ΙΙ,
677 2062 866 2129 494),
928 2057 1100 2117 facile
1156 2056 1213 2116 id
1259 2056 1480 2138 quidem
1522 2059 1881 2136 intelligitur,
1928 2057 2211 2117 difficilius
2258 2070 2448 2118 autem
2491 2055 2610 2136 quid

576 2144 861 2221 significet
887 2144 1168 2221 egregius
1188 2145 1412 2221 pollice
1437 2143 1677 2202 honesto
1705 2146 1914 2203 luszkse
1936 2163 2130 2203 senes.
2191 2142 2442 2204 Videtur
2466 2142 2536 2202 ad
2559 2164 2607 2200 v.

574 2248 744 2287 senes
785 2227 1201 2306 intelligendum
1249 2248 1381 2288 esse
1424 2249 1478 2288 ν.
1526 2230 1717 2300 iocos,
1764 2240 1825 2288 et
1868 2231 2075 2289 ludere
2115 2230 2195 2289 ita
2242 2232 2518 2306 positum,
2554 2237 2609 2286 ut

574 2334 631 2374 e.
666 2334 723 2393 g.
756 2315 1005 2373 carmina
1036 2312 1231 2373 ludere
1279 2313 1470 2393 (Virg.
1503 2313 1714 2393 Georg.
1745 2313 1847 2387 IV,
1880 2318 2063 2385 565),
2112 2316 2379 2376 convicia
2424 2313 2606 2374 ludere

577 2400 770 2473 (Mart.
800 2399 922 2470 Vll,
955 2404 1014 2469 8,
1048 2404 1148 2471 7),
1180 2398 1423 2459 ludendo
1456 2420 1797 2479 componere
1831 2412 1892 2461 et
1922 2403 2175 2474 iactare3
2220 2403 2467 2479 pollex,
2509 2418 2606 2479 qno

572 2487 829 2544 citharae
861 2484 1103 2544 chordas
1135 2497 1357 2554 movet,
1404 2483 1608 2545 dicitur
1647 2488 1923 2545 honestus
1943 2530 1963 2557 ‚
2011 2486 2141 2566 quia
2172 2486 2334 2545 lusus
2367 2498 2486 2556 est,
2525 2485 2605 2564 qui

575 2590 747 2630 senes
778 2571 976 2642 decet,
1022 2591 1129 2628 uon
1163 2571 1443 2630 iuvenilis.
1504 2572 1701 2629 Lusus
1743 2582 1802 2630 et
1831 2572 1993 2630 ιὀοιιε
2020 2572 2358 2648 saepissime
2391 2573 2606 2631 coniun-

573 2668 811 2735 guntur,
874 2656 951 2715 cf.
998 2654 1158 2716 ovid.
1200 2656 1374 2715 Trist.
1405 2654 1498 2727 ΙΙΙ,
1526 2660 1585 2730 2,
1620 2662 1657 2718 5
1692 2676 1776 2735 sq.
1817 2656 1985 2716 Mart.
2027 2654 2152 2726 vn,
2198 2661 2259 2727 8,
2303 2660 2345 2719 9
2379 2678 2464 2737 sq.
2534 2656 2606 2715 lta

574 2745 826 2801 iocosum
859 2743 1163 2800 carminum
1194 2760 1374 2819 genus
1407 2742 1845 2819 significaretur,
1877 2753 1938 2801 et
1962 2739 2169 2819 duplex
2198 2740 2448 2820 quidem,
2478 2742 2605 2800 alte·

572 2849 694 2887 rum
741 2827 1033 2886 remissius
1076 2825 1335 2885 iuvenum
1380 2846 1574 2896 more,
1628 2827 1918 2886 honestius
1977 2828 2216 2886 alterum
2272 2837 2335 2886 et
2391 2827 2603 2888 senibus

573 2912 796 2992 dignum
818 2955 835 2984 ,
876 2931 998 2971 cum
1030 2922 1198 2970 antea
1230 2912 1396 2971 altius
1428 2923 1491 2970 et
1521 2913 1724 2970 fortius
1754 2912 2060 2991 lyricorum
2092 2910 2408 2973 carminum
2438 2930 2602 2991 genus

573 3000 974 3077 significasset.
1034 2997 1115 3057 lta
1163 2997 1305 3056 haec
1349 3018 1440 3055 vv.
1475 2997 1747 3075 explicari
1779 3017 1949 3077 posse
1981 3009 2149 3077 puto,
2196 3017 2394 3057 verum
2428 3002 2479 3057 iu
2509 2999 2602 3056 bac

573 3086 920 3144 obscuritate
954 3083 1123 3141 multa
1154 3092 1388 3161 possunt
1418 3084 1770 3160 excogitari3
1828 3093 2044 3142 certum
2077 3083 2342 3141 iudicium
2374 3083 2601 3163 praebe-

572 3180 665 3229 ret
694 3169 859 3229 Bassi
890 3169 1191 3228 carminum
1225 3168 1544 3226 accuratior
1573 3165 1791 3227 notitia.
1852 3167 1940 3228 De
1972 3170 2164 3226 satiris
2197 3168 2379 3240 haec,
2414 3180 2472 3228 ut
2499 3167 2601 3238 alii,

570 3257 975 3334 interpretatus
1007 3272 1139 3311 esse
1170 3253 1394 3311 videtur
1423 3252 1758 3330 Fulgentius
1789 3253 1830 3312 l.
1853 3253 1889 3311 l.
1919 3286 2004 3297 —-
2031 3255 2372 3313 Milu'nune
2400 3257 2606 3332 intepet

570 3343 761 3418 Ligus
789 3358 895 3399 ora
917 3383 939 3409 ‚
973 3349 1033 3397 ut
1065 3339 1270 3397 femina
1302 3337 1479 3415 Ligus
1513 3339 1675 3410 (Tac.
1710 3338 1852 3396 Hist.
1883 3337 1952 3408 ΙΙ,
1988 3343 2130 3410 13),
2175 3339 2413 3398 Phaeax
2442 3358 2603 3418 popu-

572 3426 659 3484 lus
692 3425 838 3498 (Iuv.
874 3423 1006 3494 XV,
1041 3428 1183 3494 23),
1218 3423 1504 3483 Oceanum
1537 3424 1689 3482 littus
1722 3424 1915 3494 (Lucr.
1948 3424 2020 3494 V,
2053 3428 2155 3485 35.
2189 3423 2306 3483 luv.
2340 3425 2440 3497 ΧΙ,
2476 3426 2595 3485 113.

572 3511 806 3570 Bilnem.
839 3508 909 3569 ad
942 3508 1106 3569 Lact.
1132 3529 1188 3587 p.
1211 3513 1436 3578 1515),
1469 3508 1576 3579 at,
1606 3529 1660 3566 v.
1694 3508 1889 3567 Heius.
1921 3507 1993 3566 ad
2023 3508 2223 3569 Claud.
2261 3511 2490 3588 epithal.
2506 3511 2595 3575 88,

571 3596 996 3673 hibernatque,
1044 3592 1188 3673 quod
1222 3595 1348 3651 aliis
1381 3595 1639 3653 hiemare
1672 3593 1909 3664 dicitur,
1951 3591 2251 3672 χειμάζειν
2298 3595 2459 3666 (flor.
2499 3602 2591 3651 sat.

571 3682 640 3753 ΙΙ,
671 3687 732 3752 2,
768 3687 844 3743 17
891 3691 1073 3738 atrum
1104 3713 1181 3724 —
1216 3679 1426 3737 hiemat
1467 3685 1685 3751 mare),
1732 3698 1897 3738 mare
1932 3699 2157 3749 meum,
2206 3681 2370 3738 cuius
2414 3677 2593 3739 accola

571 3787 711 3826 sum.
758 3766 919 3826 Mare
949 3767 1131 3825 ventis
1163 3767 1432 3841 agitatum
1479 3775 1780 3842 tepescere
1821 3765 2196 3822 observarunt
2224 3767 2467 3844 antiqui,
2525 3762 2592 3821 cf.

568 3851 748 3911 Arist.
778 3850 1046 3929 problem.
1075 3849 1287 3921 XXVI,
1323 3853 1422 3912 60.
1457 3849 1578 3908 Cic.
1608 3849 1684 3909 N.
1722 3849 1793 3908 D.
1824 3849 1893 3917 ΙΙ,
1927 3853 2023 3920 10,
2050 3852 2154 3911 26.
2187 3848 2329 3908 Plin.
2365 3851 2436 3921 11,
2470 3850 2591 3916 103,

574 3941 716 3999 106.
749 3936 892 3996 Plut.
925 3955 1015 4015 qu.
1043 3947 1159 3993 nat.
1190 3940 1250 3997 8.
1296 3935 1560 4005 Romani,
1608 3936 1700 4014 qui
1734 3933 1951 4013 tepidas
1983 3934 2208 3992 brumas
2242 3935 2406 4008 (Hor.
2437 3952 2590 3995 carm.

569 4023 641 4093 ΙΙ,
669 4026 727 4093 6,
767 4028 861 4085 17.
893 4041 1021 4099 epp.
1054 4021 1097 4091 1,
1131 4026 1228 4086 10.
1257 4026 1358 4092 15)
1393 4020 1761 4100 quaerebant,
1791 4020 2121 4079 maritimam
2153 4039 2309 4078 oram
2342 4020 2591 4098 petebant

573 4108 733 4179 (Hor.
765 4127 896 4188 epp.
929 4106 973 4179 Ι,
1003 4111 1062 4179 7,
1096 4112 1170 4169 10
1191 4112 1324 4186 sq.).
1387 4103 1679 4185 Hodieque
1727 4105 2048 4166 Tuscaniae
2094 4125 2194 4165 ora
2223 4108 2495 4165 maritima
2523 4102 2591 4176 (le
