2764 4738
559 429 684 510 194
1271 430 1440 491 8ΛΤ.
1474 430 1547 503 V,
1578 434 1660 494 79
1693 464 1772 476 -
1803 433 1908 493 88.

559 603 862 681 obligatio:
909 600 1093 661 DARI
1137 599 1526 661 SPONDES?
1582 599 1931 660 SPONDEO
1978 600 2207 679 propria
2252 600 2459 659 civium
2489 598 2618 658 Ro-

560 709 844 748 manorum
863 732 880 759 ,
910 699 1146 747 ceterae
1177 689 1314 746 iuris
1344 689 1627 764 gentium,
1658 705 1833 766 quare
1865 685 1922 745 h.
1956 686 1996 743 l.
2031 706 2084 744 v.
2115 687 2453 763 sponde-ndi
2482 706 2618 744 cum

560 777 612 832 vi
645 771 877 852 quadam
910 774 1150 851 positum
1183 783 1293 834 est.
1342 773 1674 856 Marco-snb
1702 771 1896 831 iudae'ce
1921 770 2085 842 (Hor.
2122 791 2174 829 a.
2209 791 2264 849 p.
2297 774 2407 832 78.
2445 770 2618 829 ovid.

560 860 699 918 Met.
734 858 832 929 Xl,
868 863 1008 921 157.
1039 858 1234 917 lmen.
1271 857 1367 927 IV,
1407 863 1503 918 12.
1533 856 1656 926 Vll,
1694 861 1796 926 13)
1821 858 2056 934 palles,
2093 875 2231 934 prae
2266 860 2507 928 timore,
2539 875 2620 913 ne

560 956 761 1003 contra
806 946 891 1001 ius
937 942 1170 1003 iudicet.
1218 945 1465 1001 Marcus
1509 945 1699 1000 dilce't:
1746 944 1831 999 ita
1868 951 1958 999 est
1994 939 2202 1012 (Hand.
2239 941 2491 1000 Tursell.
2537 940 2620 1000 111

561 1051 616 1111 p.
649 1033 836 1100 493),
867 1030 915 1087 si
947 1028 1075 1107 quid
1108 1029 1283 1098 dixit,
1329 1027 1582 1087 creditur
1612 1028 1704 1100 ei,
1753 1027 1841 1084 ius
1871 1026 2045 1085 babet
2073 1027 2303 1103 negotia
2335 1028 2447 1085 rite
2477 1046 2620 1105 per-

565 1113 821 1184 ficiendi,
868 1115 1161 1191 adsigna,
1208 1115 1452 1186 Marce,
1505 1112 1796 1183 tabellas,
1846 1131 1971 1169 nam
2013 1113 2369 1188 negotiorum
2405 1113 2620 1169 tabulis

563 1210 795 1279 praeter
838 1199 1308 1279 subscriptionem
1368 1199 1604 1256 nominis
1663 1199 1831 1256 etiam
1893 1198 2132 1274 sigillum
2193 1197 2619 1274 apponebatur,

564 1283 709 1365 qood
755 1296 846 1343 est
886 1285 1218 1361 assignare,
1264 1284 1340 1343 cs.
1391 1281 1712 1353 Brummer,
1756 1301 1954 1340 comm.
1998 1280 2066 1341 ad
2099 1282 2215 1360 leg.
2248 1284 2411 1341 Cinc.
2443 1302 2496 1341 c..
2538 1287 2619 1343 14

565 1383 719 1449 (opp.
753 1390 806 1448 p.
839 1372 964 1431 246
995 1375 1127 1448 sq.).
1162 1369 1417 1428 Brisson.
1451 1365 1506 1425 d.
1537 1389 1633 1427 vv.
1670 1369 1815 1445 sign.
1854 1387 1905 1424 s.
1939 1387 1994 1426 v.
2040 1369 2206 1425 Haec
2233 1386 2435 1438 mera,
2471 1387 2620 1446 pura

564 1468 623 1514 ot
655 1456 912 1534 perfecta
933 1498 950 1525 ,
984 1455 1235 1514 libertas
1263 1464 1387 1523 est,
1434 1454 1544 1511 hoc
1571 1452 1738 1511 nobis
1756 1453 1921 1529 pilea
1953 1454 2193 1511 donant.
2242 1452 2435 1512 Pilens
2465 1454 2620 1511 enim

564 1541 845 1600 libertatis
878 1540 1095 1617 signum
1126 1549 1285 1610 erat,
1316 1558 1479 1618 quem
1511 1539 1834 1596 manumissi
1874 1540 1927 1596 in
1963 1538 2169 1616 templo
2202 1538 2486 1597 Feroniae
2520 1558 2624 1596 ae·

565 1637 786 1704 ceptum
821 1623 1014 1698 (Serv.
1046 1623 1118 1682 ad
1147 1624 1307 1701 Virg.
1345 1626 1490 1682 Aen.
1522 1622 1672 1693 VIII,
1706 1626 1855 1693 564)
1907 1624 2208 1700 portabant
2237 1625 2430 1701 capite
2460 1643 2621 1692 raso,

566 1710 714 1771 Plut.
749 1710 981 1769 Flamin.
1017 1714 1116 1771 13.
1151 1707 1287 1768 Sen.
1321 1729 1453 1786 epp.
1489 1707 1723 1779 XLVII,
1760 1711 1856 1770 16.
1890 1708 2050 1766 Suet.
2083 1709 2210 1766 Tib.
2243 1714 2306 1769 4.
2338 1708 2514 1767 Mart.
2549 1708 2620 1776 11,

569 1800 670 1866 68,
711 1800 770 1857 4.
814 1793 980 1854 Diod.
1026 1793 1144 1854 Sic.
1194 1793 1411 1864 XXXI,
1456 1797 1560 1856 26.
1624 1792 1950 1872 Respondet
1992 1793 2120 1852 ille:
2165 1796 2269 1851 An
2303 1796 2621 1871 quisquan

567 1892 658 1940 est
685 1881 842 1939 alius
876 1881 1061 1951 liber,
1094 1881 1217 1939 m'si
1242 1881 1344 1938 cui
1374 1880 1513 1937 licet
1549 1882 1728 1938 vitam
1773 1879 1988 1936 ducere
2010 1920 2028 1947 ,
2077 1889 2147 1937 ut
2174 1881 2411 1937 voluit?
2467 1878 2621 1937 Nam

568 1986 602 2026 e
634 1967 936 2024 stoicorum
969 1963 1224 2023 doctrina
1257 1965 1490 2023 libertas
1524 1975 1614 2022 est
1645 1974 1897 2043 potestas
1928 1962 2149 2022 vivendi
2180 1975 2243 2022 ut
2275 1964 2424 2022 velis
2472 1965 2624 2033 (Cic.

567 2049 764 2130 parad.
797 2050 868 2122 V,
906 2057 960 2122 1,
993 2055 1136 2124 34),
1165 2051 1289 2120 vel,
1335 2060 1398 2107 ut
1423 2048 1700 2108 Arrianus
1733 2050 1812 2107 ait
1855 2047 2018 2122 (diss.
2050 2048 2150 2121 IV,
2187 2054 2243 2119 1,
2282 2054 2374 2121 1):
2417 2045 2626 2107 Ἐλεύ-

565 2131 757 2217 θερός
796 2132 954 2194 ἐστιν
998 2133 1030 2195 ὃ
1088 2136 1204 2206 ζῶν
1243 2133 1325 2204 ὡς
1363 2130 1662 2212 βούλεται.
1740 2133 1854 2192 lam
1897 2154 2072 2204 vcro,
2119 2136 2196 2191 ita
2228 2136 2455 2212 pergit,
2485 2134 2625 2192 mibi

570 2223 714 2280 licet
750 2222 979 2292 vivere,
1029 2232 1096 2281 ut
1137 2223 1300 2291 vol0,
1351 2239 1537 2277 nonne
1570 2221 1769 2297 igitur,
1811 2239 1938 2278 sum
1970 2219 2216 2278 liberior
2242 2222 2484 2278 Bruto?
2528 2219 2625 2299 qni

569 2306 848 2365 libertatis
880 2307 1247 2384 gravissimus
1278 2315 1536 2364 assertor
1567 2307 1689 2365 I'uit.
1751 2305 1853 2363 Cui
1896 2303 2202 2383 respondet
2243 2305 2467 2362 stoicus
2511 2325 2626 2364 au-

571 2413 667 2451 res
708 2393 977 2451 mordaci
1015 2391 1275 2466 (Markld.
1310 2389 1381 2449 ud
1414 2389 1563 2449 Stat.
1601 2391 1739 2449 Silv.
1772 2391 1816 2462 I,
1847 2395 1907 2461 2,
1939 2394 2044 2461 27)
2081 2392 2237 2449 lotus
2261 2402 2434 2449 aceto
2458 2433 2477 2461 ,
2529 2393 2626 2470 qni

571 2497 741 2536 aures
772 2488 940 2536 aceto
973 2479 1073 2549 (cl‘.
1107 2476 1175 2536 ad
1209 2476 1250 2547 l,
1287 2480 1432 2546 126)
1481 2478 1763 2555 purgavit.
1835 2474 2097 2553 purgatis
2129 2477 2361 2534 auribus
2392 2475 2632 2535 auditur

568 2563 727 2622 clare
757 2573 818 2621 et
847 2573 1045 2635 acute,
1076 2563 1153 2621 cf.
1187 2561 1322 2621 Hor.
1355 2581 1485 2640 epp.
1517 2560 1561 2633 Ι,
1599 2567 1654 2632 1,
1681 2568 1740 2624 7.
1771 2560 1955 2620 Plaut.
1989 2562 2099 2620 mil.
2132 2562 2210 2638 gl.
2243 2560 2341 2632 lll,
2380 2566 2438 2631 1,
2479 2565 2626 2623 176.

569 2647 655 2708 Ita
684 2649 753 2706 iis
784 2667 1025 2727 qnoque,
1058 2649 1149 2727 qui
1180 2648 1365 2706 futura
1382 2645 1733 2725 praevident,
1766 2666 1935 2706 aures
1961 2658 2227 2724 purgatas
2259 2666 2394 2705 esse
2429 2657 2632 2706 narrat

572 2733 760 2793 fabula
780 2775 799 2805 ,
832 2734 908 2792 cf.
941 2732 1216 2810 &ittig-er,
1250 2732 1410 2791 Raub
1441 2730 1494 2789 d.
1529 2732 1690 2793 Cass.
1723 2736 1876 2811 p.29
1905 2753 1990 2813 sq.
2039 2729 2107 2791 fl.
2142 2733 2178 2789 I.
2210 2734 2476 2810 respexit
2503 2732 2631 2791 An—

572 2820 766 2878 sonius
814 2826 929 2896 (ep.
964 2818 1060 2889 IV,
1104 2822 1183 2881 66
1211 2823 1358 2897 sq.):
1415 2816 1612 2889 „Quas
1654 2829 1842 2876 tamen
1887 2817 2169 2895 explicitis
2219 2836 2481 2896 nequeas
2528 2816 2630 2877 de-

573 2902 850 2983 prendere
896 2903 1146 2973 chartis,
1195 2901 1412 2962 Scillite
1458 2901 1652 2962 decies
1697 2923 1808 2961 non
1854 2904 1901 2961 si
1947 2904 2208 2981 purgeris
2250 2911 2513 2975 aceto;“
2569 2914 2630 2962 et

572 2990 701 3049 binc
744 2986 965 3049 videtur
1004 2987 1268 3047 Paulinus
1315 3007 1538 3068 quoque
1586 2995 1739 3068 (epp.
1784 2986 1856 3046 ad
1896 2987 2117 3047 Auson.
2148 2987 2242 3055 111,
2280 2991 2431 3060 161)
2474 3008 2628 3048 sum-

574 3076 752 3134 sisse:
785 3073 1196 3146 „Fermentare
1217 3075 1374 3132 iocos
1394 3076 1604 3132 satirae
1624 3073 1902 3132 mordacis
1920 3080 2152 3131 aceto.“
2183 3074 2474 3133 Mendose
2506 3074 2629 3132 eol-

576 3161 716 3237 ligz‘s
737 3204 754 3231 ,
790 3160 1210 3217 conclusionem
1245 3159 1424 3230 sacis,
1459 3157 1811 3237 συλλογίζεις
1831 3203 1848 3229 ,
1882 3158 1957 3216 cs.
1977 3158 2113 3216 Seu.
2145 3178 2273 3236 epp.
2299 3158 2627 3225 LXXXIII,

575 3250 635 3307 7.
670 3243 1040 3316 LXXXVIII,
1071 3250 1132 3306 4.
1189 3242 1394 3313 XCIV,
1427 3248 1529 3305 34.
1597 3243 1714 3304 luv.
1747 3244 1899 3315 XIII,
1936 3247 2076 3305 191.
2150 3246 2314 3302 Haec
2357 3246 2626 3322 reliqua,

575 3349 720 3410 quae
767 3341 826 3388 tu
874 3331 1147 3407 posuisti,
1198 3330 1462 3407 accipio,
1507 3328 1739 3388 liberum
1771 3348 1937 3401 esse,
1979 3330 2068 3387 cui
2119 3328 2289 3387 liceat
2333 3331 2539 3390 vivere
2573 3340 2631 3387 nt

573 3415 742 3486 velit3
775 3412 921 3494 quod
956 3435 1124 3494 porro
1157 3415 1509 3485 assumsisti,
1541 3414 1639 3473 tibi
1672 3414 1846 3474 licere
1886 3415 2082 3473 vivere
2124 3425 2187 3472 ut
2216 3414 2394 3484 velis,
2449 3434 2628 3493 prave

576 3501 845 3579 posuisti,
891 3521 1016 3558 nam
1059 3520 1166 3559 nec
1214 3501 1356 3558 licet
1380 3500 1537 3558 illud
1563 3519 1669 3559 nec
1701 3510 1772 3558 ut
1798 3501 1928 3558 volo
1957 3510 2118 3558 recte
2150 3498 2529 3572 intellexisti,
2575 3510 2632 3559 nt

573 3587 699 3645 iure
731 3584 800 3643 de
835 3596 891 3644 te
922 3584 1116 3645 dicere
1148 3589 1365 3665 possis,
1415 3604 1485 3644 ea
1515 3585 1685 3662 igitur
1718 3585 1895 3656 tolle,
1941 3582 2090 3643 unde
2134 3585 2398 3663 sequitur
2428 3587 2632 3645 iniuria

576 3692 611 3729 a
640 3681 698 3730 te
729 3672 936 3749 colligi,
971 3682 1027 3730 te
1061 3670 1292 3729 liberum
1326 3690 1481 3729 esse.
1530 3668 1690 3742 Quod
1720 3691 1880 3750 quani
1913 3680 2073 3729 recte
2106 3672 2351 3748 positum
2384 3673 2494 3743 sit,
2527 3675 2631 3729 iam

576 3758 701 3834 ipse
747 3753 1096 3816 demonstrat
1138 3756 1317 3827 alter,
1363 3752 1491 3813 dum
1538 3754 1592 3814 id
1624 3755 1771 3835 quod
1803 3754 1966 3814 modo
1998 3754 2138 3813 dixit
2166 3758 2502 3814 accuratius
2534 3777 2633 3816 ex-

577 3841 751 3920 plicat
780 3852 841 3900 et
869 3843 946 3900 ita
978 3842 1289 3900 clarissime
1321 3838 1704 3912 demonstrat,
1737 3852 2084 3921 quantopere
2116 3860 2148 3898 a
2178 3843 2432 3901 veritate
2467 3841 2633 3900 aber·

577 3937 691 3988 ret.
771 3925 1067 4003 Significat
1109 3928 1253 3985 enim
1299 3927 1408 3985 iam
1452 3936 1685 4005 aperte,
1731 3946 1796 3985 se
1843 3925 2046 3984 nullam
2094 3925 2259 3984 aliam
2308 3925 2630 3987 libertatem

580 4031 750 4072 nosse
783 4023 951 4090 atque
985 4011 1224 4071 civilem.
1267 4015 1583 4089 Postquam
1623 4013 1906 4081 vindicta,
1937 4013 2118 4089 virga,
2151 4031 2318 4090 quam
2337 4014 2631 4072 manumit-

577 4095 733 4161 tendi
764 4098 936 4176 capiti
967 4098 1289 4177 imponebat
1315 4096 1492 4157 lictor'
1515 4096 1675 4171 (Hor.
1709 4110 1822 4158 sat.
1857 4097 1927 4170 11,
1959 4100 2021 4169 7,
2052 4100 2134 4159 76
2159 4116 2256 4176 sq.
2292 4097 2632 4158 cl.Dirksen

416 4322 765 4601 x
