2764 4738
522 388 652 455 2⁰2
1092 483 1095 486 Ι
1213 394 1382 455 SAT.
1415 394 1489 466 v,
1522 397 1876 457 129-135.

526 563 659 622 mibi
706 566 797 643 qui
840 565 1165 642 imperium,
1218 565 1343 624 aliis
1385 566 1573 624 servis
1619 565 1790 624 miser
1818 574 1986 642 atque
2017 562 2263 622 Duceris
2291 573 2352 620 ut
2378 563 2554 621 nervis

527 649 727 707 alienis
773 649 977 709 mobile
1021 650 1292 727 lignum.“
1362 648 1499 710 Inde
1545 651 1654 708 iam
1694 650 2080 726 intelliguntur
2138 647 2322 708 Persii
2371 647 2552 705 verba.

527 736 832 812 Agitandi
862 735 1039 794 verbo
1073 737 1244 794 utitur
1273 737 1443 795 etiam
1473 734 1643 814 Apul.
1676 734 1712 792 Ι.
1747 735 1821 795 l.:
1854 732 2133 806 „Quando
2149 734 2299 791 filum
2316 732 2553 803 membri,

529 817 676 899 quod
707 823 928 898 agitare
960 820 1166 892 solent,
1186 823 1528 880 traxerint.“
1570 822 1696 878 Sed
1718 822 1778 877 si
1801 821 1959 878 intus
1987 829 2050 877 et
2074 821 2135 878 in
2166 822 2358 877 iecore
2384 836 2556 894 aegro

531 905 598 977 (1,
629 910 735 975 25)
782 916 1111 965 nascuntur
1155 907 1378 965 domini
1418 905 1644 978 (Boeth.
1685 903 1756 963 de
1788 925 1947 963 eone.
1979 903 2118 982 phil.
2154 904 2254 974 lv,
2285 909 2345 973 2,
2375 908 2411 965 9
2441 923 2517 980 sq.
2537 925 2554 960 ε

527 991 642 1049 Iam
690 990 901 1049 videbit
948 991 1098 1049 intus
1144 1003 1334 1050 arctas
1366 990 1641 1049 Dominos
1673 991 1832 1049 ferre
1862 995 2159 1061 catenas),
2213 987 2557 1066 cupiditates,

528 1077 635 1153 qui
660 1087 722 1134 tu
752 1080 883 1134 exis
911 1078 1250 1154 impuniubr
1281 1075 1446 1159 (Hor.
1479 1087 1586 1134 sat.
1606 1073 1676 1145 11,
1694 1081 1754 1146 7,
1780 1077 1931 1151 105)
1961 1086 2140 1153 atque
2169 1073 2556 1154 (Hand.Turs.

528 1161 553 1219 Ι
583 1181 639 1238 p.
671 1166 797 1223 472
820 1164 935 1241 sq.)
966 1163 1100 1231 hic,
1136 1182 1301 1239 quem
1327 1164 1555 1221 scutica
1598 1170 1663 1219 et
1689 1170 1875 1219 metus
1906 1162 2115 1219 herilis
2132 1204 2154 1232 ,
2212 1161 2562 1219 extrinsecus

528 1245 829 1318 accedens,
862 1249 945 1306 ad
972 1249 1267 1324 strigiles,
1302 1247 1510 1306 servile
1543 1246 1812 1316 officium,
1842 1249 1987 1323 egit.
2039 1245 2128 1305 Cr.
2156 1244 2294 1305 Seu.
2326 1253 2563 1324 quaesti.

529 1341 644 1390 nat.
662 1330 733 1390 111
752 1333 934 1410 praef.
953 1353 1008 1411 p.
1027 1336 1107 1400 89
1126 1332 1285 1410 Bip.:
1317 1332 1539 1403 „Liber
1568 1343 1680 1402 est,
1710 1334 1802 1410 qni
1834 1333 2161 1390 servitutem
2195 1330 2391 1407 effugit
2416 1329 2562 1387 sui.“

700 1436 755 1472 v.
778 1418 1131 1477 132-153.
1163 1415 1495 1494 Exemplum
1526 1412 1803 1473 eiusmodi
1835 1414 2070 1473 bominis
2102 1415 2290 1483 affert,
2321 1416 2410 1492 qui
2443 1412 2563 1469 dum

530 1499 638 1558 sibi
669 1499 813 1558 liber
842 1498 1063 1558 videtur
1094 1499 1334 1560 diversis
1366 1498 1764 1578 cupiditatibus
1795 1500 1994 1558 servit.
2048 1499 2183 1568 Has,
2216 1510 2277 1556 ut
2302 1496 2565 1558 Prodicus

529 1604 653 1643 cum
700 1583 946 1644 Hercule
980 1585 1258 1643 Virtutem
1291 1597 1352 1644 et
1385 1585 1775 1662 Voluptatem,
1807 1584 2201 1662 colloquentes
2232 1601 2356 1640 cum
2388 1600 2457 1638 eo
2485 1584 2567 1636 in-

530 1667 717 1739 ducit,
779 1679 840 1727 ut
886 1671 942 1727 in
986 1689 1120 1728 suas
1169 1681 1405 1751 utraque
1448 1689 1576 1728 eum
1627 1678 1823 1748 partes
1869 1667 2130 1726 deducat.
2214 1669 2358 1725 Cum
2394 1668 2569 1744 pe‘ger

531 1773 698 1812 mane
740 1756 984 1825 stertis,
1032 1753 1221 1814 adstat
1261 1756 1501 1814 avaritia
1541 1765 1602 1813 et
1631 1755 1902 1813 suscitate
1962 1754 2201 1829 Surge,
2251 1752 2344 1809 eia
2364 1796 2385 1822 ,
2431 1768 2568 1829 quae

531 1839 802 1917 particula
833 1838 1135 1899 adhibetur
1167 1841 1291 1900 sere
1323 1840 1394 1899 ab
1422 1860 1514 1911 eo,
1547 1841 1638 1918 qui
1669 1835 1974 1897 intentiore
2007 1837 2404 1896 adhortatione
2435 1854 2571 1912 opus

530 1943 665 1983 esse
710 1922 894 1995 videt,
943 1925 1021 1984 ef.
1063 1925 1200 1984 Hor.
1233 1938 1341 1985 sat.
1374 1926 1420 1996 1,
1457 1930 1513 1994 1,
1550 1930 1647 1986 17.
1695 1924 1858 2002 Virg.
1887 1923 2035 1982 Aen.
2068 1923 2167 1994 IV,
2201 1926 2349 1984 569.
2395 1921 2573 1980 Plaut.

530 2006 697 2086 Epid.
721 2009 787 2079 11,
806 2015 866 2080 2,
893 2016 995 2080 77,
1025 2016 1251 2087 surge!
1294 2011 1430 2069 Cum
1463 2010 1556 2069 ille
1590 2008 1873 2069 desidiose
1904 2007 2282 2086 respondeat:
2328 2010 2414 2066 Et
2437 2007 2578 2085 quid

532 2099 756 2170 agam?
798 2094 1123 2154 mirabunda
1157 2097 1250 2154 illa
1280 2098 1574 2173 Rogitas?
1619 2097 1827 2174 inquit,
1868 2096 2004 2153 En!
2046 2093 2218 2152 multa
2249 2103 2417 2163 sunt,
2458 2093 2578 2171 qui·⁸

530 2179 636 2236 bus
669 2181 912 2238 mercari
943 2192 1001 2238 et
1031 2180 1242 2240 lucrum
1276 2183 1475 2240 facere
1506 2183 1714 2259 possis.
1771 2181 2046 2257 Saporda
2092 2179 2267 2256 piscis
2310 2189 2476 2247 erat,
2522 2188 2581 2235 nt

530 2263 736 2323 Festus
763 2285 811 2323 s.
847 2286 899 2321 v.
929 2266 1026 2334 ait,
1056 2268 1359 2325 vilissimus
1380 2267 1486 2340 (cf.
1508 2266 1649 2324 Luc.
1666 2284 1856 2345 quom.
1887 2265 2014 2323 bist.
2043 2284 2156 2322 scr.
2192 2267 2274 2324 56
2293 2263 2369 2321 ib.
2391 2262 2578 2321 Herm.

532 2369 591 2428 p.
628 2352 776 2422 329)
797 2392 813 2418 ,
861 2348 1083 2411 Graece
1112 2349 1418 2433 σαπέρδης
1446 2353 1566 2410 sive
1597 2347 1956 2431 κορακῖνος,
1991 2350 2085 2429 qui
2116 2351 2361 2427 optimus
2393 2348 2501 2407 fnit
2526 2349 2580 2406 in

532 2434 735 2512 palude
765 2434 1053 2496 Maeotide
1107 2437 1340 2511 (Athen.
1372 2436 1448 2496 111
1481 2458 1535 2515 p.
1573 2441 1692 2498 118
1726 2436 1789 2494 Β.
1833 2435 1940 2494 Vll
1972 2456 2024 2513 p.
2058 2439 2181 2497 308
2213 2436 2289 2493 Ε.
2327 2434 2581 2513 Hesyeb.

532 2525 704 2591 s.v.)‚
739 2518 1049 2600 eodemque
1071 2524 1292 2582 nomine
1310 2522 1660 2581 vocabantur
1688 2523 1856 2580 etiam
1889 2521 2233 2579 salsamenta
2266 2519 2399 2579 inde
2431 2521 2585 2579 facta

535 2604 810 2683 (Hesyeh.
862 2606 1059 2666 Tbom.
1090 2607 1168 2666 M.
1203 2628 1250 2666 s.
1285 2612 1399 2680 v.),
1446 2618 1508 2666 ut
1551 2607 1661 2665 alia
1706 2605 1903 2664 similis
1947 2607 2180 2683 generis
2214 2616 2368 2665 teste
2402 2605 2582 2664 schol.

529 2688 672 2748 Luc.
706 2709 888 2750 somn.
924 2696 1026 2753 22.
1061 2694 1232 2769 epist.
1271 2691 1392 2751 Sat.
1427 2697 1544 2764 35,
1589 2711 1736 2771 quae
1781 2711 1814 2749 e
1847 2690 2024 2749 Ponto
2056 2691 2413 2768 potissimum
2446 2691 2586 2749 affe-

531 2775 802 2832 rebantur
834 2774 1067 2848 (Athen.
1101 2777 1175 2836 111
1206 2798 1259 2855 p.
1297 2783 1420 2839 117
1450 2778 1524 2836 A.
1557 2778 1633 2835 cs.
1669 2776 1961 2834 Hilllmann
1983 2818 1999 2846 ‚
2035 2773 2492 2853 Haudelsgeseb.
2525 2774 2582 2835 d.

534 2857 761 2917 Grieeh.
795 2880 848 2936 p.
887 2866 1006 2921 148
1035 2884 1120 2941 sq.
1154 2874 1213 2921 et
1243 2865 1335 2941 qui
1368 2874 1543 2945 totam
1576 2863 1720 2920 hanc
1753 2881 1876 2920 rem
1910 2859 2344 2939 diligentissime
2377 2880 2587 2920 exeus-

531 2945 627 3012 sit‚
661 2944 943 3003 Kohlerus
981 2949 1415 3018 ΤΑΡΙᾹΟΣ,
1462 2950 1516 3006 in
1533 2947 1702 3006 Mem.
1734 2947 1804 3006 de
1823 2945 2021 3005 l'acad.
2055 2945 2127 3004 de
2161 2945 2429 3005 Petersb.
2452 2945 2584 3006 Ser.

531 3027 630 3097 Vl,
679 3039 718 3087 t.
763 3029 871 3107 lp.
919 3035 1041 3092 347
1075 3038 1249 3111 sqq.).
1322 3034 1668 3092 Castoreum
1715 3052 1935 3111 quoque
1977 3031 2271 3090 Ponticum
2317 3034 2588 3109 optimum

533 3112 847 3172 habebatur
892 3114 1178 3187 (Sci-ibon.
1234 3122 1372 3179 175.
1420 3118 1582 3195 Virg.
1631 3116 1843 3194 Georg.
1890 3116 1936 3187 1,
1984 3120 2098 3178 59:
2145 3116 2364 3174 Pontus
2396 3120 2591 3175 virosa

532 3199 700 3256 mittit
728 3211 1011 3269 castorea,
1043 3202 1121 3259 ib.
1158 3202 1329 3261 Prob.
1378 3202 1568 3260 Strab.
1603 3200 1680 3261 111
1713 3224 1770 3280 p.
1811 3205 1930 3264 163
1962 3203 2076 3272 C.).
2121 3204 2403 3281 Stupam,
2437 3211 2592 3261 teste

532 3281 708 3340 Festo
740 3304 793 3343 s.
827 3305 920 3355 v.‚
953 3285 1120 3346 linum
1153 3287 1457 3365 impolitum
1491 3288 1852 3365 appellabant
1868 3287 2073 3346 Graeci
2091 3284 2276 3358 Darii,
2309 3287 2460 3346 unde
2491 3307 2592 3347 res

536 3368 749 3427 vilioris
782 3389 914 3429 usus
947 3373 1417 3449 comparabantur
1446 3373 1586 3431 Plin.
1619 3372 1778 3443 XIX,
1814 3378 1870 3443 1,
1906 3377 1965 3433 3.
2035 3372 2316 3431 Diversae
2365 3393 2593 3432 merces

534 3448 604 3509 de
636 3456 872 3512 consilio
903 3456 1136 3525 miscetg
1185 3459 1293 3515 iam
1325 3457 1491 3516 affert
1520 3459 1761 3517 ebenum
1793 3468 1853 3516 et
1882 3469 2015 3528 tus,
2065 3477 2293 3516 merces
2325 3460 2593 3529 orientis,

536 3556 696 3609 nam,
737 3552 797 3598 ut
839 3541 919 3598 ait
958 3540 1232 3619 Virgilius
1278 3540 1515 3620 (Georg.
1549 3542 1621 3613 ll,
1658 3547 1779 3605 116
1811 3550 1960 3621 sq.):
2011 3541 2142 3601 Sola
2175 3542 2336 3601 India
2370 3546 2594 3621 nigrum

535 3620 673 3680 Fert
713 3624 951 3683 ebenum
998 3628 1103 3697 (cf.
1158 3626 1334 3686 Solin.
1386 3632 1525 3699 52),
1582 3629 1720 3686 solis
1767 3639 1861 3687 est
1900 3640 2065 3685 turea
2113 3629 2276 3705 virga
2324 3626 2594 3688 Sabaeis.

542 3708 663 3767 Coa
695 3710 931 3786 intelligi
962 3724 1198 3788 possunt
1226 3714 1355 3771 vina
1390 3713 1549 3784 (Hor.
1583 3724 1694 3773 sat.
1732 3713 1801 3784 11,
1832 3718 1893 3782 4,
1923 3717 2024 3775 29.
2061 3712 2206 3772 Plio.
2227 3713 2390 3785 XIV,
2407 3718 2468 3784 8,
2494 3719 2592 3777 10.

536 3802 595 3849 et
624 3792 785 3853 Dem.
819 3816 870 3853 c.
908 3796 1073 3855 Lacr.
1109 3821 1161 3876 p.
1198 3802 1321 3860 933
1343 3804 1492 3876 sqq.)
1542 3798 1775 3856 lubrica
1820 3797 1971 3856 dicta
2020 3809 2082 3856 ut
2129 3798 2345 3857 Plinius
2380 3799 2595 3870 (xxti,

535 3880 639 3947 25,
672 3883 775 3951 66)
809 3882 1082 3957 ptisanam
1116 3882 1332 3942 landari
1362 3881 1534 3953 dicit,
1579 3885 1840 3961 quoniam
1887 3884 2103 3942 lubrica
2151 3905 2228 3943 ex
2261 3886 2419 3943 facili
2455 3885 2596 3943 ban·

536 3963 748 4036 riatur;
795 3976 890 4023 aut
920 3969 1249 4028 vestimenta
1297 3968 1391 4026 illa
1433 3967 1673 4026 dilucida
1696 4011 1712 4039 ‚
1762 3979 1974 4027 tantum
2005 3969 2304 4027 celebrata
2338 3982 2400 4029 et
2431 3971 2594 4028 diffa-

537 4059 686 4113 mata
733 4050 954 4123 (llorat.
997 4073 1172 4114 carm.
1215 4052 1316 4125 lv,
1366 4058 1465 4125 13,
1500 4056 1579 4116 13
1621 4052 1696 4112 ib.
1743 4052 1971 4113 Mitsch.
2020 4066 2135 4115 sat.
2175 4053 2220 4126 1,
2251 4060 2316 4127 2,
2356 4060 2471 4118 101
2512 4056 2593 4115 ib.
