2764 4738
902 410 1069 474 sAT.
1100 414 1146 488 1,
1178 418 1251 478 51
1288 444 1375 461 -
1405 415 1506 476 5⁴.
2134 405 2215 473 91

224 586 371 646 ebn‘a
411 594 673 656 veratro,
719 581 792 643 de
837 604 948 664 quo
1004 584 1165 643 verbi
1209 584 1411 643 ebrius
1450 581 1523 643 ad
1565 581 1677 641 alia
1721 581 1976 641 translati
2007 599 2114 641 usu
2142 582 2221 643 cf.

222 671 400 731 Huret.
431 669 550 729 VV.
584 669 704 728 LL.
736 668 812 742 V,
862 673 960 732 16.
1000 668 1373 729 Helleborum
1403 679 1623 739 autem,
1668 664 1817 747 quod
1861 666 2019 726 ltalia
2050 686 2223 727 vera·

225 767 357 815 m
377 756 628 827 vocabat,
660 755 879 832 nigrum
910 755 1245 833 praesertim
1277 754 1407 813 albo
1438 754 1664 825 fortius,
1695 770 1804 812 nou
1836 752 2013 811 solum
2045 752 2226 813 furori

218 839 535 912 medebatur,
565 860 762 899 verum
809 859 843 898 a
873 840 1159 919 plerisque
1200 837 1510 898 studiorum
1550 839 1737 917 gratia
1777 836 1849 896 ad
1879 835 2226 917 pervidenda

218 928 381 986 aerius
421 944 565 1005 quae
608 925 1160 995 commentabatur,
1205 926 1433 1004 saepius
1478 924 1894 994 sumtitabatur‚
1924 933 1987 981 ut
2014 922 2225 996 Plinius

218 1022 389 1070 narrat
416 1011 511 1084 (fl.
558 1009 635 1071 N.
681 1009 872 1084 XXV,
918 1015 978 1076 5,
1017 1015 1145 1083 21).
1189 1008 1385 1087 Auget
1425 1029 1662 1070 acumen
1692 1010 1749 1069 b.
1782 1009 1820 1066 1.
1868 1006 2013 1087 quod
2044 1010 2224 1086 ipsum

217 1095 330 1155 illud
357 1098 571 1175 nigrum
597 1096 971 1165 helleborum,
1003 1106 1063 1153 ut
1093 1093 1237 1154 idem
1270 1096 1351 1153 ait
1379 1094 1610 1166 Plinius,
1641 1097 1696 1153 in
1729 1092 1999 1153 Helicone
2030 1102 2221 1151 monte

216 1184 460 1253 nascitur,
492 1202 527 1240 a
557 1199 669 1261 quo
697 1200 876 1240 sanos
898 1191 1109 1259 poetas
1140 1179 1385 1239 exclusit
1414 1180 1772 1240 Democritus
1805 1179 2024 1251 (Horat.
2054 1176 2128 1237 A.
2158 1177 2222 1236 P.

213 1270 321 1329 296
350 1273 476 1346 sep),
521 1268 612 1346 qui
660 1275 721 1324 nt
764 1266 1019 1345 plerique
1062 1275 1316 1324 veterum
1359 1266 1621 1344 negavit,
1654 1265 1776 1323 sine
1809 1266 2002 1323 furore
2033 1281 2226 1343 quem-

214 1370 354 1431 quam
383 1362 605 1433 poetam
639 1370 896 1429 magnum
938 1369 1072 1410 esse
1103 1369 1275 1429 posse
1307 1350 1452 1423 (Cic.
1484 1348 1557 1410 de
1588 1349 1696 1408 div.
1729 1349 1773 1419 1,
1804 1355 1907 1421 37,
1951 1352 2081 1421 80).
2136 1347 2226 1407 ln·

215 1455 385 1496 sanam
427 1435 575 1516 apud
616 1455 813 1496 omnes
857 1434 1141 1494 Romanos
1187 1435 1474 1495 scribendi
1523 1433 1809 1494 libidinem
1853 1445 2013 1494 taxat
2055 1435 2223 1493 etiam

213 1521 452 1581 Horatius
484 1533 640 1600 (epp.
673 1520 747 1590 11,
784 1526 843 1591 1,
878 1524 998 1583 108
1029 1524 1179 1600 sqq.)
1201 1543 1220 1581 ε
1268 1520 1506 1580 Mutavit
1530 1531 1769 1580 mentem
1815 1520 2052 1600 populns
2082 1518 2225 1579 levis

213 1617 265 1664 ct
287 1607 426 1666 calet
462 1626 574 1666 uno
625 1604 911 1666 scribendi
950 1603 1174 1680 studi03
1235 1607 1395 1683 pueri
1440 1616 1746 1685 patresque
1791 1605 1982 1664 severi
2021 1601 2226 1663 fronde

215 1710 380 1751 comas
407 1693 580 1751 vincti
610 1700 864 1751 coenant
900 1701 962 1750 et
995 1693 1260 1750 carmina
1288 1691 1536 1750 dictant.
1598 1691 1681 1750 Ita
1712 1689 1804 1749 hic
1833 1708 2056 1769 quoque
2079 1708 2225 1768 pro·

217 1795 358 1836 oeres
385 1779 565 1836 cradi
588 1796 678 1836 sc.
712 1778 863 1836 inter
890 1795 1126 1838 coenam
1159 1775 1411 1835 carmina
1441 1777 1734 1835 dictanti.
1767 1793 1822 1834 e.
1856 1793 1941 1835 ex
1966 1785 2225 1853 tempore

217 1872 547 1941 componunt,
578 1873 644 1920 ut
670 1861 767 1922 ille
798 1859 947 1940 apud
978 1860 1300 1921 Petronium
1334 1868 1410 1934 (c.
1442 1865 1550 1934 55)
1595 1861 1956 1932 Trimalchio,
1987 1870 2048 1918 et
2075 1860 2227 1918 reci-

216 1956 337 2018 tant,
363 1958 422 2007 ut
437 1947 508 2007 ab
535 1947 664 2006 aliis
679 1948 1030 2026 excipiantur
1048 1947 1149 2021 (cf.
1171 1946 1494 2019 Weicbert,
1508 1956 1684 2026 poett.
1718 1946 1838 2004 latt.
1871 1945 1996 2004 rell.
2027 1965 2082 2023 p.
2113 1949 2222 2007 25.

218 2030 380 2103 Quint.
408 2033 484 2103 Χ,
514 2036 577 2104 3,
614 2037 714 2095 18.
751 2033 823 2092 cl.
856 2031 1039 2091 Treb.
1075 2032 1217 2093 Poll.
1247 2031 1418 2091 XXX
1447 2043 1559 2110 tyr.
1592 2035 1720 2104 33).
1751 2031 2034 2108 Elegidia
2064 2049 2227 2100 vero,

215 2116 358 2178 nolle
386 2137 567 2197 genus
599 2137 876 2197 poeseos,
908 2119 1254 2196 potissimum
1296 2115 1600 2177 adamasse
1643 2114 1904 2175 videntur
1933 2117 2094 2175 buius
2123 2134 2229 2192 ge·

215 2204 348 2262 neris
373 2213 605 2283 poetae,
639 2202 717 2263 cf.
761 2223 814 2262 v.
845 2207 965 2273 34,
1010 2213 1069 2262 et
1098 2213 1369 2262 recenset
1407 2204 1576 2262 etiam
1615 2201 1897 2261 luvenalis
1926 2201 1971 2274 1,
2005 2204 2066 2260 4.
2110 2199 2227 2259 Ro-

210 2289 338 2347 mani
363 2300 550 2349 autem
579 2287 838 2348 solebant
867 2289 1037 2347 lectz's
1064 2285 1136 2347 ad
1182 2285 1579 2347 lucubrandum
1608 2288 1724 2360 uti,
1768 2288 1847 2346 cf.
1880 2285 2122 2345 Casaub.
2154 2284 2225 2344 ad

207 2372 352 2433 Suet.
380 2375 532 2453 Aug.
584 2380 686 2438 78.
740 2373 929 2434 Burm.
981 2372 1053 2433 ad
1098 2373 1271 2454 Prop.
1324 2373 1421 2445 111,
1465 2379 1527 2444 4,
1575 2378 1675 2435 14.
1719 2372 1963 2433 Becker.
2010 2371 2154 2431 Gall.
2201 2371 2227 2431 1

206 2478 255 2537 p.
288 2463 400 2524 198
440 2480 529 2540 sq.
575 2459 624 2518 E
665 2463 841 2530 citro,
875 2459 1036 2539 tbyia
1073 2459 1464 2520 Mauretanica
1517 2459 1685 2537 longe
1731 2457 1956 2517 diversa
1999 2478 2035 2517 a
2077 2456 2224 2516 malo

205 2542 412 2605 Hedica
461 2545 660 2618 (Voss.
691 2543 765 2604 ad
808 2544 970 2623 Virg.
1015 2543 1231 2623 Georg.
1264 2545 1334 2616 11,
1382 2548 1551 2615 127),
1598 2544 1991 2621 pretiosissimi
2023 2544 2216 2614 orbes,

204 2627 326 2691 lecti
353 2640 415 2689 et
439 2629 553 2690 alia
583 2629 639 2688 id
671 2650 852 2708 genus
867 2629 1324 2710 perficiebantur,
1356 2648 1503 2708 quae
1520 2630 1719 2688 insano
1752 2630 1935 2706 pretio
1968 2639 2225 2687 emerunt

201 2712 444 2789 Romani,
473 2716 553 2775 cf.
587 2714 867 2794 Bottigcr.
892 2712 1025 2774 Sab.
1053 2714 1104 2774 11
1120 2718 1265 2793 p.31
1289 2734 1412 2795 sqq.
1440 2714 1687 2773 Becker.
1721 2712 1864 2772 Gall.
1883 2713 1975 2792 Ip.
2000 2717 2119 2775 138
2139 2732 2224 2792 sq.

201 2834 278 2845 -
330 2800 506 2861 Tales
551 2812 756 2881 poetae
798 2800 996 2861 coenis
1038 2800 1276 2880 aliisque
1330 2800 1623 2859 beneflciis
1683 2796 2075 2858 conduxerunt
2131 2799 2228 2877 qui

200 2883 486 2947 laudarent
523 2896 587 2946 et
628 2883 989 2966 plauderent,
1022 2883 1167 2945 unde
1213 2886 1476 2944 Horatius
1525 2890 1678 2963 (epp.
1722 2884 1767 2953 1,
1823 2888 1920 2954 19,
1953 2887 2035 2945 37
2074 2887 2224 2962 sq.)=

198 2970 315 3030 Non
360 2990 475 3049 ego
520 2982 793 3031 ventosae
839 2971 1021 3050 plebis
1067 2970 1337 3049 suffragia
1380 2988 1560 3029 venor
1603 2971 1881 3048 impensis
1916 2987 2227 3028 coenarum

197 3067 254 3116 et
275 3058 459 3116 witae
487 3076 726 3116 munere
761 3058 961 3116 vestis.
1009 3056 1097 3115 cf.
1146 3055 1377 3117 Petron.
1416 3059 1527 3117 1⁰:
1571 3053 1749 3114 Multo
1793 3073 1881 3113 me
1914 3056 2132 3132 turpior
2160 3072 2226 3113 es

198 3152 268 3213 tn,
296 3143 391 3222 qui
423 3141 669 3222 utforis
706 3161 1010 3213 coenares,
1045 3151 1285 3221 poetam
1325 3142 1615 3201 laudasti.
1660 3139 1831 3199 Mart.
1875 3138 1943 3210 11,
1989 3144 2093 3201 27.
2125 3138 2224 3210 vl,

196 3231 289 3290 48.
333 3229 553 3287 Sumen
583 3237 767 3286 autem
797 3229 950 3287 inter
991 3226 1225 3286 delicias
1269 3225 1670 3286 numerabatur
1698 3244 1915 3284 coenae
1948 3225 2025 3283 cf.
2057 3224 2226 3283 Mart.

195 3310 310 3385 Vll,
342 3317 448 3382 ⁷8,
481 3317 542 3383 3,
573 3311 726 3383 xm,
755 3317 859 3376 44.
903 3312 1022 3373 Iuv.
1058 3311 1162 3385 xl,
1200 3316 1354 3382 138,
1387 3310 1532 3391 quod
1556 3330 1781 3390 ponere
1811 3310 2018 3368 dicitur
2046 3310 2226 3379 dives,

193 3407 249 3455 ut
275 3396 422 3477 apud
458 3397 657 3458 Horat.
689 3396 784 3470 (A.
820 3398 881 3456 Ρ.
910 3402 1062 3470 422)
1106 3407 1330 3457 unctum
1362 3397 1455 3475 qui
1487 3406 1646 3455 recte
1669 3415 1894 3474 ponere
1920 3398 2116 3473 possit,
2148 3396 2225 3453 cf.

196 3480 352 3542 Pers.
385 3481 484 3554 111,
518 3488 660 3545 111.
692 3482 794 3554 Vl,
823 3481 1176 3545 23.Hoindf.
1212 3481 1283 3541 ad
1315 3480 1452 3540 Hor.
1470 3480 1591 3540 Sat.
1623 3481 1693 3551 11,
1726 3486 1787 3556 2,
1817 3485 1922 3543 23.
1952 3483 2226 3540 Lucerna

101 3590 102 3595 ¹
194 3587 370 3647 genus
398 3569 721 3628 vestimenti
752 3579 863 3639 est,
894 3589 1004 3649 quo
1035 3567 1343 3627 Caesarum
1375 3567 1721 3645 temporibus
1754 3586 1891 3645 prae
1951 3577 2084 3643 toga
2116 3586 2225 3623 non

194 3654 368 3713 solum
411 3653 703 3713 inferioris
746 3653 959 3714 ordinis
989 3654 1277 3724 homines,
1337 3672 1530 3712 verum
1576 3651 1800 3711 delicati
1846 3672 2066 3732 quoque
2099 3663 2224 3710 ute·
2266 3706 2269 3709 ,

194 3737 411 3810 bantur,
457 3759 512 3796 v.
558 3738 806 3800 Becker.
856 3738 999 3798 Gall.
1047 3739 1097 3799 11
1142 3760 1201 3816 p.
1250 3743 1333 3802 96
1379 3757 1501 3817 sqq.
1566 3738 1666 3795 Hic
1697 3749 1883 3797 antem
1918 3738 2087 3815 longo
2122 3757 2223 3795 usu

194 3821 452 3884 detritam
497 3824 781 3884 lacernam
829 3824 928 3883 dat
965 3825 1191 3894 clienti,
1237 3825 1313 3883 cf.
1366 3824 1482 3882 Inv.
1516 3823 1616 3891 IX,
1658 3826 1740 3885 28
1772 3842 1898 3902 sqq.
1945 3822 2113 3881 Mart.
2150 3823 2224 3892 X,

201 3915 292 3980 14,
323 3915 394 3971 7:
469 3912 704 3970 comites
734 3912 880 3970 enim
924 3929 1206 3989 pauperes
1239 3909 1586 3968 vocabantur
1615 3909 1889 3980 clientes,
1921 3910 2011 3988 qui
2046 3907 2229 3967 ‹liviti-

195 3993 293 4054 bus
323 3996 521 4054 amieis
548 3997 640 4055 vel
683 4007 745 4055 ut
786 3997 893 4075 ipsi
936 3993 1197 4056 dixerunt
1239 3995 1505 4072 regibus,
1535 3995 1721 4053 officia
1753 3995 2142 4073 praestabant,
2173 4016 2224 4053 v.

193 4099 332 4159 quae
362 4081 656 4160 congessit
696 4078 961 4143 Seebode
994 4079 1183 4141 Scbol.
1216 4100 1270 4141 z.
1305 4078 1443 4141 Hor.
1476 4099 1534 4158 p.
1572 4085 1630 4143 8.
1669 4084 1769 4142 1⁰.
1798 4078 1905 4139 ‘Ut
1935 4079 2025 4139 bic
2057 4090 2228 4158 poeta
