2764 4738
916 428 1631 493 PROLEGOMENA.
2201 451 2307 497 ccl

245 603 544 686 irrigans
571 619 681 680 pro
711 599 1020 662 inv-orans.
1064 596 1324 663 Maioris
1352 597 1839 684 interpolationis
1868 610 2180 665 tentamen
2213 612 2310 666 est

251 698 335 777 11,
381 702 423 765 3
454 723 588 784 sq„
655 701 753 764 ubi
810 701 993 783 legit:
1068 700 1286 765 Funde
1335 722 1572 765 merum
1620 703 1853 785 genio,
1909 704 1973 764 si
2012 711 2082 765 tu
2113 724 2309 787 prece

240 806 462 889 poscis
494 806 713 881 amici,
757 803 927 884 Quae
952 825 1079 866 non
1105 803 1381 866 seductis
1409 824 1682 888 nequeas
1712 805 2090 866 committere
2119 804 2304 881 divis,

244 906 332 969 ita
363 915 430 969 nt
460 906 951 969 emendationem
984 905 1273 989 perlicere
1307 927 1433 969 non
1466 906 1752 989 potuerit.
1791 902 2125 969 Praeterea
2159 904 2309 969 mul-

245 1018 341 1071 tas
387 1006 690 1071 lectiones
733 1007 916 1071 babet
961 1008 1111 1071 mire
1156 1018 1509 1093 corruptas,
1562 1008 1852 1071 monstris
1894 1007 2193 1071 interdum
2226 1008 2308 1072 si-

247 1110 423 1173 miles
470 1110 568 1189 (e.
604 1129 666 1192 g.
714 1105 829 1188 111,
877 1107 984 1175 58.
1036 1108 1182 1177 115.
1234 1104 1317 1186 V,
1353 1108 1454 1172 54.
1487 1107 1596 1173 99.
1632 1107 1822 1193 184),
1884 1119 1951 1171 ut
1992 1121 2305 1192 appareat,

247 1210 624 1296 descriptum
657 1229 796 1274 esse
829 1212 963 1275 cod.
996 1233 1079 1275 ex
1107 1211 1450 1294 antiquiore
1485 1209 1702 1273 difficili
1732 1210 1892 1275 lectu
1914 1255 1932 1287 ,
1981 1231 2019 1274 a
2059 1210 2307 1274 librario

248 1313 595 1397 negligenti
638 1332 832 1395 aeque
875 1325 1052 1398 atque
1100 1314 1405 1400 imperito.
1496 1310 1601 1376 Ne
1646 1312 1734 1376 sic
1779 1312 2013 1397 quidem
2060 1333 2309 1398 prorsus

246 1415 660 1498 negligendus
693 1426 804 1478 est.

421 1514 658 1578 Horum
705 1515 882 1580 codd.
940 1513 1346 1580 Beruensium
1404 1515 1788 1581 collationem
1844 1516 1919 1580 ad
1979 1516 2307 1580 editionem

241 1617 516 1684 WVeberi
553 1614 759 1701 (Lips.
801 1616 995 1699 1826)
1037 1617 1149 1682 sibi
1183 1620 1400 1681 factam
1434 1617 1854 1683 liberalissime
1887 1617 2025 1681 mibi
2060 1618 2311 1682 donavit

245 1716 502 1783 Bernae
532 1718 808 1783 versanti
839 1714 917 1781 C.
954 1717 1033 1782 G.
1068 1717 1492 1785 Miillerus.

704 1922 918 1974 Codices
959 1922 1302 1975 bibliothecae
1338 1924 1376 1974 B
1396 1939 1424 1975 e
1442 1922 1623 1974 rolin
1640 1939 1668 1974 e
1685 1939 1715 1973 n
1731 1923 1789 1973 si
1808 1936 1853 1976 s.

417 2053 581 2121 Cod.
616 2078 682 2120 ιι.
717 2055 801 2121 39
831 2060 980 2140 (Br.
1019 2057 1118 2144 1),
1169 2060 1561 2135 chartaceus,
1613 2060 1808 2121 sorma
1851 2057 2114 2120 maxima
2148 2058 2306 2121 foliis
2341 2066 2438 2118 Br.
2472 2067 2497 2118 1

244 2156 326 2221 13
356 2161 667 2243 scriptus,
717 2180 881 2224 saec.
914 2157 1070 2237 XV,
1118 2183 1252 2225 cum
1284 2161 1560 2224 scholiis.
1623 2157 1870 2225 Contuli
1900 2180 1959 2222 a.
1997 2155 2188 2223 1834.

418 2258 578 2325 Cod.
616 2282 681 2323 n.
715 2258 800 2325 38
830 2262 977 2341 (Br.
1012 2263 1083 2344 2)
1105 2309 1122 2340 ,
1171 2263 1575 2338 chartaceus,
1623 2263 1817 2324 forma
1846 2261 2135 2338 maxima,
2171 2280 2304 2344 pes·
2340 2270 2438 2322 Br.
2466 2269 2502 2325 2

239 2364 397 2429 sime
446 2363 733 2446 scriptus.
810 2359 1052 2427 Desinit
1098 2364 1161 2429 in
1207 2375 1326 2428 sat.
1373 2361 1461 2442 V,
1511 2360 1660 2429 153.
1734 2362 2066 2449 Adscripta
2125 2362 2308 2428 habet

240 2466 506 2530 scholia.
568 2462 817 2529 Contuli
849 2486 908 2528 a.
946 2463 1135 2530 1835.

419 2563 583 2631 cod.
619 2589 682 2629 n.
716 2565 762 2629 2
802 2567 951 2648 (Br.
987 2566 1095 2653 3),
1144 2568 1639 2632 membranaceus
1662 2615 1680 2647 ,
1747 2569 1941 2632 forma
1985 2568 2300 2650 quadrata,
2343 2578 2441 2630 Br.
2467 2581 2498 2632 3

240 2688 415 2734 saec.
447 2664 578 2730 XII
608 2670 709 2732 vel
737 2665 920 2748 Xlll,
968 2682 1212 2754 praeter
1253 2670 1374 2733 alia
1419 2669 1604 2733 habet
1630 2667 1829 2732 Persii
1862 2671 2083 2733 satiras
2116 2668 2305 2732 nitide

239 2772 508 2855 scriptas
529 2817 549 2849 ,
602 2772 810 2854 paucis
839 2773 1033 2855 iisque
1068 2771 1304 2835 usitatis
1336 2770 1731 2856 compendiis.
1782 2768 1962 2853 Quod
1991 2771 2068 2833 ad
2100 2768 2304 2833 ortho-

241 2871 559 2956 graphiam
601 2872 861 2950 attinet,
922 2893 1166 2957 semper
1207 2873 1495 2957 scriptum
1540 2882 1638 2937 est
1678 2895 1713 2935 e
1758 2894 1866 2956 pro
1898 2893 2011 2948 oe,
2061 2893 2173 2948 ae,
2223 2872 2313 2933 mi

243 2996 355 3059 pro
386 2974 566 3048 milli,
600 2973 802 3037 nichil
825 2994 934 3059 pro
964 2973 1146 3037 nihil.
1187 2972 1646 3060 Aspirationem
1675 2995 1835 3038 nunc
1866 2974 2086 3037 omittit
2117 2993 2304 3057 prave

247 3079 539 3157 (acciae,
588 3097 768 3140 umor
795 3081 1017 3153 cett.),
1067 3098 1227 3140 nunc
1260 3078 1427 3160 pouit
1455 3076 1718 3162 (horca,
1764 3075 2046 3140 horestes
2077 3076 2298 3157 cett.)3

239 3179 458 3243 scribit
505 3188 810 3263 temptas,
853 3198 1145 3262 sompnus
1185 3180 1317 3243 sim.
1341 3227 1359 3257 ,
1407 3199 1734 3255 recussus,
1782 3179 2134 3241 millessime
2165 3177 2300 3240 sim.

243 3279 510 3345 Glossae
542 3301 578 3342 a
612 3280 871 3344 diversis
913 3280 1186 3344 manibus
1230 3281 1509 3346 adiectae
1551 3281 1786 3345 suntin
1817 3280 2090 3364 margine
2121 3289 2302 3361 atque

241 3384 413 3448 inter
449 3383 671 3446 lineas.

420 3483 582 3550 cod.
618 3506 681 3547 n.
715 3482 758 3548 9
782 3484 928 3569 (Br.
962 3482 1069 3569 4),
1117 3483 1509 3563 chartaceus,
1545 3486 1738 3548 forma
1770 3482 2053 3568 quadrata
2077 3529 2095 3558 ‚
2129 3500 2297 3546 saec.
2335 3496 2433 3546 ΒΓ.
2464 3494 2497 3546 4

242 3584 429 3664 XVI,
482 3587 1003 3671 negligentissime
1035 3586 1319 3670 scriptus.
1370 3585 1612 3651 Desinit
1642 3587 1701 3650 in
1735 3596 1853 3650 sat.
1888 3583 2001 3659 VI,
2038 3583 2144 3648 ⁶20.

419 3687 577 3752 Cod.
617 3712 679 3753 n.
713 3687 799 3752 49
830 3686 975 3768 (ΒΓ.
1008 3686 1118 3770 5),
1154 3689 1550 3767 chartaceus,
1588 3691 1776 3752 forma
1809 3688 2105 3765 maxima,
2141 3686 2301 3749 eius-
2336 3701 2433 3753 Br.
2464 3703 2494 3752 5

247 3794 385 3857 dem
421 3792 713 3875 temporis
737 3838 753 3863 ‚
803 3792 910 3854 sed
944 3790 1281 3854 accuratius
1313 3792 1594 3875 scriptus.

417 3891 580 3957 Cod.
620 3914 683 3955 n.
714 3891 800 3958 90
831 3887 1120 3971 (Bne),
1173 3893 1575 3972 chartaceus,
1641 3896 1830 3958 forma
1877 3892 2164 3955 maxima.
2225 3886 2297 3951 Iu
2338 3908 2433 3959 Br.
2464 3909 2495 3959 6

247 3998 362 4060 line
394 3998 656 4080 legitur:
717 3994 898 4058 Finit
922 3994 1180 4057 Persius
1208 4006 1522 4061 exaratus
1550 3997 1629 4060 ab
1669 3995 2009 4059 Ambrosio
2049 3993 2298 4057 Massia

244 4100 312 4162 in
341 4097 601 4163 Sorline
630 4095 860 4183 oppido
889 4118 1051 4160 anno
1080 4097 1204 4161 Dm
1239 4096 1428 4161 1512.
1475 4096 1816 4183 Diligenter
1846 4096 2109 4180 scriptus
2142 4103 2259 4157 est.
