2764 4738
564 403 690 470 188
1277 404 1445 468 8ΑΤ.
1475 406 1550 481 V,
1579 409 1859 471 39-45.

565 578 783 637 lertiam
814 574 1078 650 adhibet,
1118 576 1211 637 nbi
1255 574 1328 637 «le
1375 574 1625 637 fallendo
1653 578 1872 656 agitur,
1911 593 2058 655 quae
2086 595 2199 635 non
2230 577 2409 652 fallit,
2452 577 2590 660 qnod

564 682 891 743 quamquam
951 662 1189 742 intelligi
1244 673 1467 743 potest,
1522 662 1840 722 insolenter
1890 680 1999 721 nec
2041 661 2189 721 bene
2232 662 2440 723 dictum
2486 677 2589 725 est.

563 749 816 808 Am’mus
863 750 1094 807 ratione
1131 751 1462 827 premitur,
1510 759 1574 808 ut
1612 745 1758 827 apud
1789 747 1994 825 Virgil.
2022 745 2172 807 Aen.
2196 749 2295 818 Vl,
2324 755 2412 813 80
2441 750 2593 827 lingit

566 832 908 911 premendo,
951 854 1062 913 quo
1102 832 1466 895 referendum
1510 835 1673 893 vinci
1708 834 1983 904 laborat,
2029 852 2155 892 cum
2198 832 2386 893 studio
2417 855 2485 895 ac
2514 836 2591 894 la-

563 919 704 977 bore
744 920 988 978 vincitur
1031 917 1197 992 (Plin.
1241 939 1372 998 epp.
1413 917 1458 990 l,
1492 924 1593 991 10,
1641 922 1682 981 2
1730 920 2017 998 amarique
2068 917 2141 977 ab
2185 939 2258 980 eo
2299 921 2590 995 laboravi),

563 1005 640 1062 cf.
675 1003 856 1063 Plaut.
885 1003 1043 1062 Trin.
1075 1004 1147 1073 Π,
1176 1008 1238 1075 2,
1269 1009 1389 1067 293
1434 1004 1522 1063 Τιι
1562 1005 1611 1063 si
1657 1006 1895 1063 animum
1939 1004 2158 1076 vicisti,
2202 1007 2393 1084 potius
2436 1026 2587 1086 quam

562 1090 778 1148 animus
809 1100 900 1160 te,
931 1099 1024 1149 est
1051 1087 1199 1170 quod
1229 1087 1507 1168 gaudeas.
1560 1090 1799 1149 Vultum
1829 1090 2013 1160 ducit,
2045 1100 2108 1147 ut
2135 1089 2358 1169 lapides
2389 1091 2590 1151 «lucere

564 1175 799 1233 formam
831 1176 913 1232 ait
942 1172 1103 1234 Ovid.
1125 1174 1264 1234 Met.
1281 1175 1327 1247 1,
1343 1179 1469 1238 ⁴02
1501 1161 1929 1249 (alitef'dicitur
1955 1175 2168 1234 artifex
2195 1178 2422 1248 vultus,
2454 1195 2589 1256 opus

562 1261 689 1319 sim.
742 1262 994 1332 ducere,
1041 1258 1204 1338 Virg-
1249 1259 1404 1320 Aen.
1445 1260 1544 1333 VI,
1572 1264 1718 1323 848.
1749 1260 1939 1334 Quint.
1969 1259 2045 1331 X,
2072 1263 2133 1332 3,
2168 1265 2312 1334 18),
2359 1273 2460 1322 tuo
2487 1264 2589 1326 sub

554 1345 814 1423 pollice,
861 1342 993 1424 quia
1024 1346 1275 1404 artifices
1304 1347 1358 1404 in
1391 1341 1667 1423 fingendis
1697 1366 1732 1406 e
1760 1365 1934 1414 cera,
1978 1346 2178 1423 argilla
2220 1347 2409 1408 aliave
2449 1348 2588 1406 molli

563 1433 799 1489 materia
841 1430 1042 1508 sigillis
1088 1430 1294 1508 pollice
1339 1432 1687 1510 potissimum
1729 1441 1993 1502 utuntur,
2036 1450 2091 1490 v.
2140 1430 2305 1491 Ovid.
2351 1432 2491 1493 Met.
2519 1432 2587 1505 X,

560 1518 687 1576 284
718 1534 870 1593 sqq.:
919 1513 990 1573 Ut
1021 1514 1303 1593 Hymettia
1334 1517 1460 1576 sole
1492 1516 1642 1575 Cera
1671 1517 2045 1587 remollescit,
2089 1526 2451 1598 tractataque
2477 1519 2589 1596 pol-

562 1599 671 1659 lice
705 1600 904 1658 multas
936 1599 1212 1660 Flectitur
1240 1603 1295 1660 in
1328 1602 1531 1660 facies.
1564 1599 1709 1659 Stat.
1738 1599 1946 1660 Achill.
1974 1601 2020 1672 1,
2037 1605 2162 1666 332
2184 1622 2312 1683 sq.:
2347 1604 2588 1677 Qualiter

560 1685 792 1743 artificis
826 1687 1077 1745 victurae
1108 1685 1312 1765 pollice
1343 1705 1517 1745 cerae
1546 1684 1850 1765 Accipiunt
1875 1688 2119 1759 formas,
2149 1689 2233 1748 cf.
2270 1688 2441 1768 Rutg.
2471 1689 2584 1748 VV-

562 1767 678 1829 LL.
709 1770 754 1842 1,
785 1773 846 1832 2.
912 1769 1206 1851 Frequens
1255 1781 1441 1831 autem
1487 1770 1631 1831 haec
1678 1768 1750 1830 ad
1793 1773 2031 1831 animum
2060 1771 2386 1851 fingendum
2416 1785 2586 1834 mus-

561 1856 732 1926 latio,
778 1856 856 1914 cf.
899 1855 1095 1915 Iuven.
1137 1855 1261 1924 Vll,
1300 1859 1426 1919 237
1459 1876 1580 1935 sq.=
1637 1856 1863 1933 Exigite
1904 1867 1967 1915 ut
2005 1874 2194 1917 mores
2222 1868 2462 1919 teneros
2489 1879 2584 1919 ceu

558 1940 767 2019 pollice
798 1939 984 2012 (luent,
1019 1940 1091 2000 Ut
1120 1942 1167 1999 si
1199 1941 1324 2021 quis
1355 1960 1492 2000 cera
1519 1941 1729 2000 vultum
1765 1943 1924 2001 facit.
1972 1941 2113 2001 Plin.
2128 1962 2260 2022 epp.
2282 1944 2583 2014 v11‚9‚11.

565 2027 800 2084 Vultum
828 2023 964 2084 dicit
979 2025 1267 2104 arhficem
1292 2027 1330 2085 i.
1352 2045 1412 2086 e.
1434 2037 1561 2085 arte
1579 2027 1808 2097 factum,
1837 2027 1916 2085 cf.
1933 2027 2100 2106 Prop.
2117 2026 2215 2099 111,
2233 2031 2322 2091 29
2336 2029 2425 2108 [11‚
2441 2031 2584 2107 3118

556 2111 806 2169 artifices
837 2109 1145 2190 (Myronis)
1178 2112 1394 2184 boves;
1431 2109 1565 2171 Val.
1597 2110 1681 2170 Fl.
1713 2112 1812 2181 vl,
1841 2117 1968 2175 465
1993 2115 2340 2191 aspiramina
2371 2115 2585 2173 artificis

560 2195 815 2267 formae3
848 2195 1036 2268 Quint.
1055 2196 1233 2268 1X‚4‚
1256 2200 1315 2266 8,
1346 2197 1560 2255 artifex
1590 2207 1805 2266 motus,
1842 2196 1983 2257 Pliu.
2005 2198 2083 2269 X,
2108 2202 2214 2270 29,
2243 2204 2331 2262 43
2351 2200 2582 2258 artifices

559 2281 840 2359 argutiae.
897 2282 1103 2340 Tecum
1129 2301 1466 2341 consumere
1487 2281 1631 2352 (Cic.
1666 2301 1786 2360 rep.
1814 2280 1913 2354 vl,
1937 2287 1998 2355 9,
2029 2287 2098 2345 9:
2129 2283 2439 2366 Multisque
2465 2303 2583 2343 ver-

557 2365 644 2424 bis
688 2366 834 2425 ultro
877 2367 1132 2447 citroque
1176 2365 1419 2438 habitis,
1461 2367 1558 2427 ille
1594 2367 1754 2427 nobis
1785 2382 2146 2448 consumptus
2177 2381 2273 2429 est
2304 2368 2447 2431 diez.
2490 2369 2581 2431 Or.

557 2448 686 2510 Am.
717 2451 788 2522 11,
823 2456 922 2524 10,
948 2457 1031 2515 27
1059 2452 1135 2511 ib.
1167 2452 1378 2525 Burm.)
1412 2454 1648 2512 memini
1672 2455 1875 2531 longos
1899 2456 2088 2527 soles,
2136 2465 2293 2514 totos
2336 2455 2488 2525 dies,
2527 2465 2585 2514 ut

555 2535 705 2616 apud
749 2536 916 2615 Virg.
949 2537 1073 2596 Ecl.
1116 2538 1216 2609 lx,
1251 2543 1324 2601 51
1376 2538 1578 2617 longos
1620 2538 1870 2599 condere
1916 2541 2106 2613 soles,
2164 2550 2225 2599 et
2263 2544 2459 2621 epulis
2494 2542 2581 2599 de-

557 2640 801 2701 cerpere
840 2625 1070 2702 primas
1107 2633 1344 2695 noctes,
1392 2624 1592 2702 epulas
1637 2625 1693 2682 in
1735 2626 1969 2703 primam
2000 2628 2182 2685 noctis
2211 2636 2432 2705 partein
2462 2645 2581 2705 pro·

555 2708 822 2780 trabere,
865 2705 1015 2788 qnod
1045 2708 1187 2769 alias
1218 2708 1425 2768 dicitur
1454 2710 1524 2767 de
1549 2719 1717 2768 nocte
1753 2730 1985 2769 sumere
2025 2712 2128 2783 (cf.
2161 2712 2229 2770 H.
2265 2711 2489 2772 Peerlk.
2518 2709 2581 2768 ad

559 2791 695 2852 Hor.
728 2811 907 2853 carm.
940 2794 983 2863 1,
1021 2799 1078 2865 1,
1108 2798 1237 2867 20).
1290 2797 1475 2853 Unum
1502 2814 1647 2872 opus
1677 2789 1741 2854 et
1766 2816 1923 2854 unam
1957 2798 2213 2874 requiem
2250 2799 2358 2870 (cf.
2394 2798 2582 2876 Meyer

556 2879 1093 3043 {ffzig‘zzfigf'
1103 2900 1213 3037 '132
1238 2884 1407 3026 ’188ἶῖ
1432 2885 1721 3024 Ρὸὲίῑῖῒζ
1745 2882 2580 3046 '1255'32÷3⁸¹222²33‚“r3;

556 3049 810 3108 omnibus
855 3070 1023 3110 unus.
1110 3055 1312 3129 Atque
1349 3052 1512 3109 seria
1550 3049 1733 3109 studia
1774 3052 2080 3125 laxamus,
2126 3054 2489 3123 remittimus,
2525 3062 2579 3109 ut

556 3134 751 3194 laxare
783 3132 1032 3194 laborem
1064 3136 1192 3195 Liv.
1228 3135 1326 3207 Vl,
1358 3139 1420 3206 9,
1452 3140 1513 3206 9,
1543 3155 1709 3194 curas
1739 3138 1901 3214 Virg.
1931 3137 2081 3196 Aen.
2102 3138 2201 3209 lx,
2217 3142 2371 3210 223,
2399 3153 2577 3196 mensa

557 3222 922 3292 verecunda,
954 3222 1024 3280 ab
1056 3222 1203 3280 omni
1234 3221 1455 3281 luxurie
1485 3232 1724 3281 remota.
1774 3221 1933 3294 Quae
1963 3235 2275 3303 sequuntur
2303 3244 2380 3283 ex
2407 3232 2576 3281 astro-

554 3304 812 3382 logorum
856 3304 1111 3365 doctrina
1157 3303 1454 3386 desumpta
1498 3316 1661 3377 sunt,
1706 3327 1851 3387 quae
1892 3309 2038 3386 apud
2070 3308 2354 3368 Romanos
2383 3310 2438 3367 in
2466 3307 2576 3365 (lies

556 3392 825 3450 maiorem
857 3390 1019 3450 iidem
1050 3390 1516 3462 nanciscebatur,
1558 3392 1810 3471 inprimis
1840 3392 1969 3453 inde
2001 3414 2034 3452 a
2063 3393 2329 3466 Tiberio,
2380 3395 2469 3473 qni
2499 3393 2574 3450 his

556 3476 769 3534 artibus
802 3474 1023 3536 deditus
1054 3488 1214 3548 erat,
1247 3477 1324 3535 cf.
1357 3476 1711 3536 collectanea
1741 3477 1973 3557 Ruperti
2005 3477 2075 3538 ad
2091 3480 2234 3539 Tac.
2255 3479 2572 3547 auu.11,27.

554 3560 626 3621 cl.
658 3561 815 3620 Miill.
849 3561 1082 3621 Etrusk.
1117 3562 1168 3621 11
1191 3583 1244 3641 p.
1272 3565 1369 3624 16.
1416 3560 1647 3622 Persius
1667 3604 1685 3634 ,
1716 3567 1809 3643 qui
1841 3566 1935 3623 vix
1963 3565 2310 3644 astrologiae
2341 3564 2572 3622 notitiam

555 3649 967 3706 accuratiorem
986 3648 1252 3719 babebat,
1284 3649 1361 3705 ita
1393 3658 1672 3707 astrorum
1704 3652 1928 3709 nomina
1960 3650 2154 3728 elegit,
2188 3661 2248 3708 ut
2276 3652 2571 3708 orationem

554 3733 623 3790 iis
653 3731 1127 3792 accommodatam
1158 3743 1290 3812 apte
1319 3734 1610 3811 liguraret.
1643 3734 2036 3795 conferendus
2060 3746 2154 3794 est
2183 3734 2400 3793 Horatii
2431 3733 2570 3792 locus

557 3824 755 3887 (carm.
789 3816 858 3888 11,
895 3823 992 3890 17,
1028 3825 1106 3881 17
1133 3826 1315 3898 sqq.):
1379 3818 1497 3878 Seu
1527 3818 1737 3899 Libra,
1780 3840 1884 3880 seu
1930 3840 2018 3880 me
2048 3819 2321 3899 Scorpius
2351 3817 2574 3897 adspicit

556 3900 1007 3975 Formidolosus,
1052 3924 1187 3982 pars
1217 3903 1518 3963 violentior
1544 3902 1766 3963 Natalis
1796 3906 2002 3978 borae,
2034 3925 2136 3965 seu
2167 3917 2439 3984 tyrannus
2469 3902 2570 3961 He·

556 3989 781 4067 speriae
798 3988 1174 4067 Capricornus
1206 3986 1427 4048 undae:
1466 3988 1769 4069 Utrumque
1801 4001 2047 4051 nostrum
2079 3988 2389 4050 incredibili
2419 3985 2566 4046 modo

555 4072 852 4135 consentit
894 4085 1123 4136 astrum.
1198 4074 1284 4135 Te
1328 4074 1481 4135 Iovis
1524 4075 1694 4155 impio
1747 4076 1953 4137 Tutela
1998 4076 2245 4137 Saturno
2290 4074 2564 4153 refulgens

466 4396 681 4549 *n
