2764 4738
367 404 426 453 *³*
719 415 985 481 SCHOL.
1028 415 1135 479 An
1180 414 1349 479 SAT.
1392 415 1492 492 m,
1534 420 1614 482 21
1633 420 1837 483 -26.
2165 411 2299 480 297

250 589 461 671 quippe
490 588 825 650 efficaciter.
867 588 1072 670 Neque
1102 589 1251 649 euim
1281 588 1475 649 officia
1503 584 1930 669 extorquenda,
1959 584 2066 650 sed
2092 588 2291 650 voluu-

252 678 401 736 tario
428 674 693 755 petenda.
780 677 973 735 Sonat
1014 676 1257 746 vitium,
1302 680 1419 735 *ιιι
1456 674 1914 753 Virgilius¹=

357 822 366 832 ⁴
670 761 823 820 Nec
866 780 1010 819 voa·
1052 761 1427 819 hominum
1470 758 1761 819 sonat.*

251 844 589 925 Ambiguum
634 855 757 916 est,
806 865 933 906 cum
978 865 1088 904 non
1129 846 1222 925 sit,
1259 846 1451 905 vitium
1496 863 1736 916 souare,
1787 854 1850 906 et
1891 864 2018 906 cnm
2060 866 2171 905 non
2217 847 2294 907 sit

251 933 543 1011 proprium
572 929 794 991 fideliae
827 929 1214 1011 respondere,
1242 941 1431 990 utrum
1462 942 1629 990 sonat
1658 930 1882 1001 vitium,
1914 952 1985 990 an
2014 950 2296 1010 percussa

253 1018 502 1095 maligne
544 1014 876 1096 respondet.
939 1016 1243 1076 Caeterum
1283 1026 1345 1075 et
1388 1025 1565 1075 sonat
1588 1017 1791 1076 vitium
1821 1018 2005 1077 active
2036 1016 2292 1089 dicimus,

251 1114 319 1163 ιιι
344 1123 454 1162 nec
481 1122 598 1162 voa·
624 1104 910 1162 hominem
936 1110 1145 1173 sonat,
1189 1111 1251 1161 et
1277 1102 1536 1179 maligne
1565 1121 1667 1182 pro
1697 1102 1910 1163 acriter
1938 1100 2049 1162 dici
2079 1112 2291 1184 potest.

253 1187 377 1250 Boe
408 1186 545 1248 dicit
574 1207 744 1266 ergo:
825 1184 1118 1261 Quomodo
1159 1205 1261 1246 vas
1305 1206 1415 1245 non
1462 1185 1609 1246 bene
1651 1197 1873 1247 coctum
1917 1208 2028 1247 non
2071 1199 2295 1248 acutum

252 1293 455 1333 sonum
498 1270 689 1333 reddit
730 1282 791 1333 et
831 1274 1119 1343 tinnitum,
1165 1282 1225 1332 et
1253 1266 1440 1351 prodit
1468 1272 1659 1331 vitium
1690 1292 1884 1346 suum,
1928 1275 2008 1333 ita
2038 1285 2099 1334 et
2127 1274 2293 1333 homo

252 1379 367 1419 nou
410 1359 561 1418 bene
604 1359 881 1437 sapientia
920 1357 1129 1438 politus
1169 1358 1360 1417 vitium
1419 1377 1579 1416 suum
1609 1368 1859 1417 tentatus
1911 1356 2192 1432 ostendit,
2235 1367 2299 1420 et

253 1455 529 1525 apparet,
562 1443 740 1524 qualis
772 1444 994 1504 futurus
1025 1453 1146 1514 est,
1192 1441 1249 1502 id
1278 1453 1372 1502 est
1400 1443 1598 1503 miser.
1682 1438 2123 1527 Ἀλληγορικῶς

424 1533 527 1592 22.
574 1529 760 1588 virz⁶⁶dz
799 1530 971 1601 limo,
1019 1525 1166 1609 quod
1209 1547 1352 1587 sono
1396 1547 1507 1586 non
1538 1538 1649 1587 tam
1680 1527 1888 1602 cruda,
1934 1549 2099 1610 quam
2127 1538 2296 1590 cocta

250 1634 391 1676 vasa
437 1613 822 1694 explorantur.
997 1614 1200 1673 Vmui
1240 1615 1415 1684 limo,
1461 1611 1518 1671 id
1548 1624 1668 1687 est,
1713 1611 1917 1686 cruda,
1961 1634 2075 1674 non
2103 1625 2293 1689 cocu,

250 1701 346 1760 vel
377 1698 557 1759 adhuc
588 1700 802 1759 habeus
832 1700 1054 1771 limum,
1099 1697 1155 1759 id
1186 1709 1311 1770 est,
1351 1698 1627 1777 argillam.
1705 1696 1825 1760 Sed
1854 1698 2080 1760 dubium
2109 1710 2294 1786 qtrum

253 1784 618 1846 similitudine
651 1805 784 1844 usus
815 1797 937 1857 est,
973 1804 1045 1844 an
1077 1741 1370 1863 allegoria.

418 1875 523 1934 23.
567 1870 710 1930 Nam
743 1882 803 1930 et
832 1873 1008 1930 udum
1037 1880 1098 1929 et
1125 1870 1298 1929 molle
1328 1868 1642 1928 translatio.
1692 1867 1769 1928 Et
1796 1868 1947 1931 redit
1975 1868 2046 1930 ad
2075 1871 2295 1950 allego-

249 1957 428 2028 riam,
473 1975 598 2016 eum
630 1957 737 2026 ait,
783 1966 920 2016 rota
951 1974 1084 2016 esse
1115 1952 1527 2034 effingendam,
1569 1973 1709 2034 pro,
1742 1954 2126 2018 erudiendum.

252 2044 433 2102 Nunc
469 2061 626 2102 nunc
662 2043 1099 2120 properandus.
1159 2040 1482 2100 Translatio
1527 2050 1618 2100 est
1662 2060 1698 2100 a
1727 2041 1932 2119 figulis.
2112 2044 2297 2103 Udum

256 2128 441 2185 lutum
471 2145 573 2197 es,
622 2124 678 2185 id
709 2137 828 2198 est,
874 2146 984 2185 non
1017 2125 1164 2186 bene
1195 2126 1398 2197 fictus,
1448 2146 1555 2186 nec
1597 2123 1868 2185 decoctus
1899 2146 1966 2186 es
1996 2129 2297 2207 sapientia,

249 2210 495 2290 ideoque
555 2213 692 2271 acri
745 2220 878 2271 rota
898 2254 916 2283 ‚
978 2208 1034 2269 id
1093 2221 1184 2269 est
1239 2210 1424 2270 veloci
1483 2210 1768 2289 politaque
1813 2210 2070 2272 doctrina
2116 2211 2297 2273 debes

253 2299 476 2365 omnia,
508 2313 654 2374 quae
685 2297 740 2353 in
772 2304 829 2354 te
858 2295 1120 2354 vitiorum
1152 2291 1312 2354 labes
1343 2293 1655 2366 mollierat,
1687 2298 2004 2375 corrigere.
2122 2296 2297 2359 Itemz

254 2382 432 2440 udum
477 2390 541 2439 et
579 2381 747 2439 molle
794 2381 1015 2452 lutum,
1063 2380 1335 2458 figurate,
1379 2377 1561 2440 adhuc
1592 2380 1800 2441 crudus
1854 2402 1920 2441 es
1962 2393 2024 2443 et
2066 2382 2298 2444 assidua

254 2465 664 2526 exercitatione
697 2463 1051 2535 formandus,
1082 2475 1142 2524 ut
1171 2464 1365 2524 fictilia
1397 2467 1739 2526 circumactu
1768 2477 1931 2526 rotae
1961 2467 2296 2530 formantur.

425 2554 529 2613 24.
573 2550 902 2627 Simfiroe,
951 2549 1074 2611 sine
1107 2550 1441 2621 intervallo,
1472 2552 1849 2612 incessanter.
2000 2556 2125 2613 Sed
2151 2573 2296 2613 rure

246 2645 531 2715 paterno.
595 2635 697 2694 Hic
742 2635 1173 2716 anthypophora
1211 2655 1347 2694 usus
1393 2647 1502 2695 est.
1561 2635 1677 2695 Sed
1720 2637 1906 2717 inquis
1934 2639 2028 2699 vel
2059 2659 2301 2719 respon-

256 2719 418 2780 debis
449 2721 616 2794 mihi,
656 2740 791 2780 esse
822 2718 925 2781 tibi
955 2741 1075 2780 rem
1106 2720 1439 2780 familiarem
1469 2720 1737 2780 mediocri
1769 2722 2110 2800 frugalitatis
2142 2726 2298 2785 farre

255 2817 614 2878 contentam,
671 2817 732 2866 et
775 2805 874 2864 tibi
917 2826 1090 2885 posse
1135 2807 1441 2878 sufficere,
1498 2808 1720 2866 etiamsi
1768 2809 1946 2866 minus
1991 2810 2293 2910 proficias,

254 2892 348 2951 vel
379 2893 548 2951 etiam
579 2892 669 2951 far
699 2889 973 2952 modicum
1004 2903 1063 2952 et
1092 2892 1327 2951 salinum
1359 2911 1427 2951 ac
1456 2892 1754 2971 patellam,
1800 2893 1997 2972 quibus
2042 2896 2257 2956 rebus⁶
2242 2915 2299 2955 ιι

258 2977 553 3036 sacrificiis
598 2978 832 3048 utimur,
875 2977 1297 3054 μετωνυμικαῖς
1334 2987 1466 3036 vota
1509 2988 1569 3038 et
1612 2998 1747 3058 spes
1779 2999 1889 3037 non
1919 2979 2201 3058 improbas
2233 2999 2299 3040 se

257 3065 562 3143 concipere
607 3060 775 3134 dicit,
829 3060 976 3122 unde
1020 3064 1280 3122 securior
1321 3064 1397 3120 sit
1441 3073 1499 3123 et
1544 3064 1720 3123 minus
1764 3065 1961 3123 timeat
2002 3067 2057 3124 in
2123 3065 2297 3126 rebus

256 3147 644 3227 impetralibus
685 3159 745 3208 et
789 3167 933 3228 quae
965 3147 1225 3208 relevare
1256 3147 1536 3207 hominem
1569 3150 1718 3228 frugi
1750 3150 1987 3229 possint.

428 3237 532 3296 25.
578 3236 798 3292 Parum
843 3243 908 3292 et
943 3235 1071 3293 sine
1118 3233 1248 3292 labe
1287 3234 1564 3293 salinum.
1638 3236 1783 3294 Sine
1831 3236 1964 3295 labe
2008 3234 2145 3296 dicit
2173 3237 2297 3298 sine

258 3319 499 3379 macula.
545 3319 818 3378 Sale'num
844 3338 945 3379 vas
977 3318 1181 3392 fictile,
1223 3319 1276 3376 in
1309 3339 1421 3398 quo
1452 3319 1535 3378 sal
1568 3321 1811 3399 ponitur.

431 3407 534 3466 26.
584 3404 937 3482 Gula-aque
966 3402 1139 3483 soci,
1194 3406 1405 3483 *quia
1461 3403 1895 3465 delibatae2
1940 3402 2173 3485 dapes
2230 3407 2299 3465 in

260 3507 348 3549 ea
389 3490 689 3586 positae
727 3487 814 3548 ad
858 3491 1096 3549 focum
1142 3488 1513 3549 feruntur.
1532 3494 1561 3527 ‘¹
1729 3488 1866 3550 Ideo
1911 3493 2140 3551 cultrtlv
2164 3491 2307 3572 soce

259 3571 499 3646 dicitur,
530 3575 692 3654 quasi
721 3575 999 3653 integram
1031 3571 1286 3646 domum,
1315 3585 1378 3634 ιιι
1398 3577 1725 3635 ³:Hor10r
1751 3594 1955 3636 amare
1969 3575 2166 3656 socos.

257 3661 489 3719 Secura
510 3660 785 3739 patella,
819 3659 874 3718 id
906 3670 1031 3732 est,
1063 3679 1302 3720 securos
1335 3661 1574 3719 faciens.
1749 3660 1923 3722 Item.
1957 3664 2300 3743 culmivque

246 3742 388 3824 soci
414 3763 628 3805 secura
663 3747 932 3825 patella,
978 3765 1090 3826 qua
1130 3746 1189 3805 in
1219 3744 1394 3805 rebus
1425 3743 1628 3806 divinis
1657 3757 1917 3822 utuntur,
1964 3757 2030 3809 et
2055 3769 2166 3809 non
2196 3769 2299 3829 pa·

261 3897 297 4021 2
329 3895 657 4018 giffar-2320
683 3895 764 4018 «¹:11.
774 3897 897 4034 3pli-8.
918 3965 1212 4018 &libantia
1235 3964 1358 4019 Vin.
1385 3965 1522 4018 Pitb.
1584 3966 1893 4021 actitandae
1926 3968 2102 4023 Eram.
2143 3968 2296 4025 Lind.

330 4034 595 4087 delibatae
618 4035 739 4087 Cas.
767 4033 915 4087 Reiz.
945 4033 1192 4089 Klausen.
1217 4034 1347 4089 Aen.
1374 4034 1420 4090 11
1444 4053 1495 4106 p.
1515 4034 1637 4095 632.

263 4104 296 4157 3
331 4103 940 4170 vin-3.Aen.111,134.
