2764 4738
940 419 1107 480 SAT.
1138 419 1236 492 111,
1264 422 1346 481 48
1377 451 1457 464 -
1493 423 1591 480 51.
2115 408 2235 474 153

235 589 377 650 ludo·
424 591 668 670 pueriles
721 592 1049 669 anteponit,
1123 609 1353 670 quorum
1396 587 1669 668 quaedam
1730 591 1989 670 exempla
2050 590 2235 648 affert.

231 675 501 736 Ludebant
521 679 681 757 pueri
704 678 845 736 talis
863 675 1089 735 diverso
1106 674 1288 747 modo,
1306 677 1380 733 cf.
1407 674 1629 735 Becker
1645 674 1788 733 Gall.
1819 674 1934 754 le.
1968 679 2087 737 221
2113 695 2235 755 sqq.

231 764 508 820 Seuae’onem
559 773 619 821 et
656 780 856 822 canem
897 763 1185 839 coniungit
1237 760 1514 819 Martialis
1560 779 1779 840 quoque
1824 761 1989 832 XIII,
2047 766 2118 832 1,
2175 764 2234 822 6.

234 847 455 906 Omnium
495 849 643 906 enim
688 847 931 906 iactuum
977 847 1419 916 infelicissimuS,
1452 846 1546 904 ubi
1588 864 1783 904 omnes
1849 856 2088 926 quatuor
2137 846 2234 904 tali

234 934 454 1009 singulas
487 930 758 991 monadas
787 932 1165 1001 exhibebant,
1219 932 1607 1011 appellabatur
1648 933 1839 1002 cantis,
1883 952 2046 1012 quem
2077 933 2237 990 dam-

230 1037 405 1076 nosum
429 1028 630 1076 vocant
660 1020 830 1077 etiam
860 1017 1186 1096 Propertius
1219 1017 1462 1096 (V[1V]‚
1482 1020 1665 1089 8,46)
1697 1027 1753 1074 et
1785 1015 2012 1076 Ovidius
2042 1014 2232 1090 (A.A.

228 1101 288 1172 11,
313 1107 444 1165 208.
476 1103 652 1161 Trist.
682 1104 752 1173 Π,
783 1107 958 1174 474).
1049 1102 1151 1161 Hic
1178 1105 1345 1180 igitur
1375 1102 1652 1171 radebat,
1681 1102 2039 1162 imminuebat
2067 1121 2238 1180 pecu-

226 1190 385 1260 niam3
436 1191 598 1247 senio
644 1200 865 1259 autem,
920 1187 1013 1247 ubi
1047 1190 1227 1267 quivis
1256 1189 1403 1247 talus
1434 1208 1574 1246 sena
1616 1199 1816 1264 puncta
1873 1186 2240 1256 monstrabat,

227 1273 414 1332 dexter·
443 1284 586 1342 erat,
618 1276 894 1354 propitius
924 1273 1014 1347 (Π,
1052 1279 1177 1344 11),
1197 1294 1439 1332 summus
1461 1275 1638 1331 iactus
1671 1274 1724 1331 in
1756 1292 1827 1332 eo
1858 1272 1969 1332 ludi
1998 1290 2238 1351 genere,

226 1378 319 1435 quo
346 1359 776 1417 numerabantur
807 1369 1046 1437 puncta,
1092 1356 1239 1437 quod
1282 1355 1769 1436 πλειστοβολίνὸα
1810 1357 2039 1428 παίζειν
2073 1367 2244 1416 vocat

225 1440 401 1500 Pollux
429 1444 530 1514 IX,
564 1449 665 1507 95.
715 1443 890 1503 Senio
927 1461 1069 1520 ergo
1105 1442 1472 1523 qm'dserret
1508 1451 1594 1518 (ut
1621 1444 1778 1502 ferre
1811 1443 2048 1514 sructuS,
2086 1444 2241 1501 frau-

218 1524 330 1584 dem
365 1548 415 1586 v.
442 1529 621 1607 intpp.
655 1529 782 1587 Liv.
816 1528 1028 1599 XXIV,
1056 1535 1157 1600 28,
1188 1533 1274 1600 9),
1304 1531 1487 1598 scire,
1519 1548 1796 1586 summum
1827 1530 1886 1587 in
1919 1538 2050 1587 voto
2082 1536 2239 1599 erat,

217 1613 334 1670 item
357 1632 535 1672 orcae
563 1623 818 1689 angusto
846 1614 997 1671 eollo
1027 1633 1140 1672 non
1155 1613 1334 1691 salli,
1376 1611 1522 1693 quod
1553 1611 1624 1671 ad
1654 1614 1889 1672 alterum
1921 1611 2033 1671 ludi
2059 1631 2242 1691 genus

213 1698 466 1794 pertinet.
555 1696 616 1756 Id
647 1700 727 1755 ita
758 1698 1007 1775 explicat
1034 1698 1233 1756 Pollux
1260 1699 1360 1768 IX,
1388 1703 1448 1768 7,
1488 1700 1643 1759 1o3=
1698 1695 1787 1755 ‘H
1802 1693 2000 1794 τρόποι
2026 1699 2243 1756 καλου-

212 1780 343 1856 μεἰη
392 1777 612 1841 παιδιὰ
649 1781 909 1859 γίγνεται
951 1781 1059 1857 μὲν
1096 1780 1178 1852 ὥς
1217 1777 1287 1842 τὸ
1328 1776 1479 1841 πολυ
1530 1777 1614 1840 δι’
1662 1776 2089 1880 ἀστραγάλων,
2137 1777 2243 1849 οὺς

212 1862 476 1942 ἀφιέντες
506 1863 889 1945 στοχάζονται
917 1862 1157 1966 βόθρου
1195 1862 1355 1936 τινὸς
1385 1866 1468 1935 εἰς
1495 1862 1800 1944 ὑποδοχὴν
1826 1868 1931 1940 τῆς
1965 1861 2243 1938 τοιαύτης

211 1950 435 2030 ρι’ψεως
463 1949 799 2024 ἐξεπίτηδες
826 1949 1260 2029 πεποιημένου,
1305 1947 1590 2020 πολλάκις
1628 1949 1694 2008 δὲ
1725 1950 1829 2009 και
1865 1947 2109 2020 ἀκύλοις
2136 1972 2240 2008 και

206 2032 481 2112 βαλάνοις
538 2032 671 2094 ἀντῖ
710 2058 831 2095 των
875 2032 1266 2119 ἀστραγάλων
1313 2037 1371 2096 οἱ
1430 2035 1771 2117 ῥιπτοῦντες
1816 2033 2096 2117 ἐχρῶντο.
2160 2035 2238 2093 cf.

208 2119 390 2180 Sebol.
422 2121 570 2180 Plat.
601 2120 687 2200 Ly
691 2142 739 2179 S.
771 2142 825 2201 p.
860 2126 984 2184 320
1015 2123 1197 2181 Bekk.
1232 2126 1314 2185 95
1347 2121 1413 2180 R.
1461 2122 1562 2179 Hic
1601 2120 1798 2193 ludus,
1835 2123 1929 2200 qui
1961 2119 2239 2199 hodieque

206 2206 341 2284 apud
364 2227 580 2285 pueros
611 2208 664 2265 iu
698 2227 801 2265 usu
833 2217 956 2278 est,
1007 2210 1177 2267 etiam
1207 2209 1287 2266 ita
1314 2206 1732 2277 exercebatur,
1765 2218 1826 2265 ut
1858 2227 1960 2285 pro
1993 2207 2088 2265 illa
2119 2207 2240 2264 fos-

207 2294 318 2351 sola
349 2312 453 2351 vas
496 2303 906 2373 apponeretur,
947 2293 1004 2351 in
1059 2291 1203 2372 quod
1249 2294 1348 2351 tali
1393 2293 1482 2351 vel
1526 2311 1703 2350 nuces
1757 2294 2112 2360 iacerentur,
2160 2292 2237 2351 ef.

205 2398 425 2438 eumen
458 2377 531 2437 de
556 2391 699 2437 nuce
736 2384 817 2440 85
859 2398 977 2457 sq.:
1026 2379 1185 2449 „Vas
1221 2398 1443 2458 quoque
1470 2397 1643 2456 saepe
1690 2395 1888 2437 cavum
1936 2380 2121 2457 spatio
2155 2375 2239 2436 di-

206 2474 385 2523 stante
421 2466 659 2535 locatur,
707 2464 767 2523 ln
795 2463 939 2544 quod
973 2467 1141 2522 missa
1171 2466 1279 2523 levi
1317 2486 1429 2522 nux
1458 2463 1625 2521 cadat
1652 2484 1763 2522 una
1802 2484 1965 2522 manu
1986 2472 2048 2535 3⁶⁶
2078 2464 2238 2522 cuius

204 2570 306 2629 quo
332 2551 632 2628 angustior
673 2560 799 2608 erat
838 2560 1125 2627 apertura,
1173 2570 1244 2609 eo
1290 2549 1506 2608 maiore
1538 2548 1829 2626 diligentia
1859 2559 1919 2608 et
1944 2559 2068 2608 arte
2098 2568 2240 2628 opus

204 2645 321 2693 erat
342 2637 399 2693 in
425 2632 705 2693 iaciendo.
794 2635 1101 2713 Aptissime
1131 2637 1300 2711 igitur
1330 2636 1549 2693 locutus
1583 2644 1675 2692 est
1704 2634 1956 2693 PersiuS.
2055 2636 2239 2704 Orca,

204 2740 298 2779 vas
329 2721 527 2791 fictile,
557 2720 862 2797 amphorae
898 2723 1125 2798 species
1146 2719 1298 2793 (Isid.
1330 2720 1487 2799 Orig.
1519 2719 1651 2791 XX,
1686 2723 1770 2793 6),
1801 2730 2040 2796 angusto
2072 2719 2239 2788 collo,

203 2825 363 2885 quam
403 2804 711 2883 καυκαλίῳ
753 2807 979 2864 confert
1025 2805 1218 2866 Schol.
1269 2806 1442 2885 Cruq.
1492 2805 1628 2864 Hor.
1678 2815 1790 2864 sat.
1838 2805 1908 2876 11,
1955 2809 2017 2875 4,
2051 2808 2131 2866 66
2162 2809 2238 2875 (v.

203 2892 374 2949 Salm.
407 2890 481 2949 ad
513 2889 702 2968 Spart.
747 2891 914 2950 Pesc.
966 2896 1043 2953 10
1088 2902 1129 2949 t.
1174 2891 1286 2968 lp.
1338 2895 1462 2953 668
1508 2911 1593 2970 sq.
1636 2890 1807 2949 Treb.
1854 2890 1940 2949 Cl.
1995 2894 2072 2951 14
2104 2900 2147 2949 t.
2172 2887 2241 2959 11,

199 2998 253 3056 p·
283 2981 413 3038 282
445 2981 564 3055 sq.)
610 2974 682 3034 ad
722 2978 910 3036 varias
957 2996 1051 3035 res
1083 2975 1406 3035 condendas
1449 2987 1634 3055 aptum
1669 2977 1767 3051 (cf.
1802 2996 1854 3033 v.
1888 2979 2016 3047 76).
2107 2973 2241 3032 Cum

198 3062 398 3121 Pollux
429 3062 472 3121 l.
510 3062 545 3119 l.
578 3070 819 3120 testetur
874 3062 1114 3120 talorum
1158 3064 1211 3120 in
1268 3062 1374 3121 boc
1408 3060 1537 3119 ludo
1569 3082 1726 3120 usum
1760 3062 1937 3119 fuisse
1958 3103 1975 3130 ,
2021 3080 2127 3118 non
2160 3059 2244 3117 vi-

198 3146 305 3207 deo
336 3167 442 3207 cur
477 3146 763 3224 Pomponii
790 3167 1025 3219 versus,
1070 3149 1399 3226 ceteroquin
1433 3147 1704 3206 obscurus
1738 3145 1905 3225 (apud
1938 3146 2117 3204 Prisc.
2149 3143 2245 3214 111,

199 3254 254 3312 p.
286 3238 439 3296 615.
488 3231 715 3291 Munck.
762 3231 833 3292 ‹ie
881 3233 1033 3291 sabb.
1063 3230 1239 3291 Atell.
1286 3253 1343 3310 p.
1387 3237 1565 3303 161):
1625 3232 1915 3304 „Interim,
1948 3229 2073 3289 dum
2106 3249 2244 3288 con-

197 3319 442 3396 templor
472 3337 698 3390 orcam,
743 3318 966 3377 taxillus
1014 3319 1170 3395 [ego]
1203 3316 1495 3395 perdidi‚“
1527 3317 1633 3376 huc
1665 3338 1772 3375 non
1806 3319 1985 3395 possit
2015 3316 2242 3374 referri.

196 3404 453 3464 Tertium
501 3423 610 3460 non
659 3411 721 3463 ut
760 3411 930 3463 antea
976 3405 1251 3462 infinitivo
1293 3402 1575 3479 adiungit,
1618 3400 1717 3461 sed
1764 3404 2032 3462 orationis
2062 3402 2244 3458 forma

193 3489 443 3570 paullum
473 3489 699 3559 inflexa,
730 3509 844 3547 neu
871 3492 1003 3567 quis
1034 3490 1308 3548 callidior
1338 3488 1643 3566 subiungit,
1687 3508 1720 3545 a
1749 3509 1844 3547 vv.
1879 3505 2157 3546 summum
2184 3487 2243 3543 in

196 3586 327 3634 voto
357 3583 497 3633 erat
524 3584 733 3652 aptum.
829 3575 1121 3634 Callidior
1156 3584 1434 3651 torquere
1469 3579 1545 3644 (v.
1576 3573 1620 3643 1,
1659 3578 1801 3647 118)
1837 3574 2091 3641 buxum,
2126 3582 2244 3629 tur-

193 3660 379 3720 binem
411 3659 564 3719 buxo
596 3660 826 3717 factum.
913 3659 1106 3718 Turbo
1138 3656 1287 3718 euim
1315 3656 1552 3736 βέμβιξ,
1605 3654 1902 3740 στρόμβος
1943 3669 2054 3716 tam
2098 3654 2245 3734 apud

196 3745 545 3805 Graecorum
604 3744 843 3817 (Gallim.
898 3746 1080 3823 epigr.
1142 3744 1186 3815 1,
1256 3749 1314 3807 9.
1374 3743 1566 3803 Sebol.
1610 3742 1793 3804 Arist.
1840 3742 1986 3802 Avv.
2052 3746 2238 3803 1448.

191 3831 419 3891 Aescb.
457 3830 643 3888 Prom.
687 3834 832 3891 887.
882 3829 1037 3889 Suid.
1088 3829 1224 3888 Hes.
1268 3830 1459 3908 Etym.
1502 3829 1579 3887 M.
1618 3834 1673 3889 1.
1704 3850 1757 3887 v.
1790 3826 2046 3906 βεζιιβιξ),
2080 3846 2242 3907 quam

194 3915 573 3975 Romanorum
621 3915 807 3994 (Virg.
846 3915 995 3975 Aen.
1042 3914 1179 3985 Vll,
1224 3919 1346 3977 378
1379 3934 1500 3993 sqq.
1550 3914 1675 3972 Tib.
1723 3913 1767 3985 1,
1818 3918 1876 3984 5,
1908 3916 1993 3985 3.)
2038 3932 2245 3991 pueros

193 4005 434 4062 usitatus
481 4002 588 4060 fuit
647 4008 845 4079 (quare
904 4002 1053 4061 inter
1085 4001 1295 4079 Zagrei
1327 3999 1636 4078 crepundia
1666 4010 2011 4069 numeratur,
2043 4020 2095 4055 v.
2129 3997 2245 4056 Lo-

189 4087 357 4149 beck.
374 4086 660 4167 Aglaoph.
694 4108 754 4167 p.
790 4091 913 4151 699
944 4105 1067 4167 sqq.
1072 4092 1119 4161 ),
1150 4097 1211 4146 ut
1239 4084 1521 4166 hodieque
1554 4097 1664 4157 est,
1695 4096 1756 4146 et
1784 4076 2050 4162 flagellis
2058 4084 2241 4161 agita-
