2764 4738
881 394 1615 459 PROLEGOMENA.
2108 417 2270 461 ccxv

205 563 519 641 tulerunt,
566 575 637 627 ut
664 586 700 628 a
731 561 950 629 Persio
981 564 1266 649 scriptum
1298 563 1489 628 fuisse
1520 562 1604 627 ibi
1649 564 1953 647 legerant.
2030 565 2268 630 Eodem

202 668 389 731 modo
422 665 848 749 explicandum
893 686 1163 743 censeo,
1211 667 1365 749 quod
1415 665 1886 751 mythographus
1933 661 2267 737 Vaticanus

207 766 360 851 (ΙΙΙ,
402 768 507 847 12,
543 768 617 853 2)
659 790 877 834 versus
921 791 961 833 a
1003 766 1220 831 Persio
1267 768 1544 832 laudatos
1590 765 1672 848 (I,
1706 766 1791 832 99
1821 760 1988 851 sqq.)
2031 772 2095 825 ut
2135 758 2268 824 Ne-

202 875 377 937 ronis
409 873 643 937 laudat.
713 868 892 953 Quod
938 881 1137 934 autem
1171 870 1523 953 quibusdam
1555 870 1707 933 locis
1737 871 2112 952 grammatici
2142 892 2268 935 me·

204 976 404 1038 moria
448 974 589 1038 salsi
637 993 711 1036 ea
753 973 1122 1048 attulerunt,
1172 993 1324 1055 quae
1370 993 1487 1036 nec
1533 972 1644 1056 ipsi
1690 972 1753 1034 in
1800 973 2094 1058 exemplis
2140 974 2268 1039 suis

208 1074 426 1160 legere
474 1086 806 1160 potuerunt
848 1076 961 1153 (cs.
1006 1074 1080 1137 ad
1124 1068 1177 1151 1,
1224 1072 1331 1138 99.
1382 1068 1467 1152 11,
1516 1070 1622 1139 52.
1671 1070 1756 1151 V,
1803 1071 1909 1136 68.
1967 1070 2079 1150 vl,
2122 1073 2262 1156 73),

204 1199 393 1241 nemo
424 1177 780 1254 mirabitur,
828 1176 926 1264 qui
974 1174 1498 1255 consideraverit,
1549 1185 1693 1258 quot
1734 1173 1884 1239 locis
1915 1173 2127 1240 similis
2159 1196 2267 1240 ne-

205 1280 507 1363 gligentia
537 1279 656 1342 iam
691 1277 1020 1343 observata
1049 1276 1149 1340 sit.

384 1395 575 1460 Hisce
625 1397 716 1461 rei
763 1397 1009 1460 criticae
1054 1393 1335 1459 subsidiis
1381 1393 1642 1476 denique
1674 1392 1908 1457 adddidi
1938 1392 2084 1459 VV.
2119 1393 2262 1460 DD.

206 1498 629 1562 coniecturas.
694 1495 1068 1581 Quamquam
1116 1498 1279 1561 euim
1321 1494 1580 1571 Persio,
1627 1495 1679 1559 si
1724 1517 1860 1559 eum
1899 1498 2100 1560 multis
2131 1499 2266 1563 aliis

203 1597 615 1683 scriptoribus
647 1618 956 1682 compares
977 1646 995 1677 ,
1042 1608 1446 1684 pepercerunt
1476 1597 1889 1682 grammatici,
1938 1598 2093 1663 haud
2124 1620 2267 1683 pau-

207 1701 299 1765 eis
332 1711 537 1765 tamen
571 1700 938 1765 coniecturis
971 1721 1100 1764 cum
1135 1700 1402 1763 editores
1426 1746 1444 1779 ,
1493 1708 1616 1761 tum
1646 1698 1749 1762 alii
1778 1694 1923 1764 VV.
1957 1698 2093 1764 DD.
2128 1722 2265 1766 eum

203 1813 556 1865 tentarunt.
622 1800 749 1865 Has
791 1802 1013 1884 igitur,
1062 1800 1256 1884 quoad
1295 1799 1429 1865 fieri
1470 1801 1699 1884 potuit,
1749 1801 1964 1888 collegi
2008 1813 2069 1866 et
2098 1824 2264 1868 com-

199 1905 587 1982 memoravi,
635 1905 904 1987 quamvis
950 1904 1322 1986 intelligam,
1367 1902 1554 1966 multa
1598 1900 1772 1965 huius
1804 1904 2048 1985 generis
2081 1926 2265 1968 cona-

197 2006 376 2070 mina
406 2026 504 2070 me
534 2004 694 2070 haud
727 2005 903 2069 dubie
934 2006 1162 2089 fugisse
1207 2023 1315 2088 per
1358 2004 1516 2068 latos
1548 2013 1893 2068 nostrarum
1923 2006 2263 2070 litterarum

201 2128 460 2191 campos
503 2117 682 2191 atque
728 2108 967 2171 dumeta
1014 2108 1308 2192 dispersa.
1370 2103 1531 2188 Quid
1562 2106 1717 2188 quod
1751 2106 1977 2170 infelici
2009 2107 2264 2190 quodam

199 2230 361 2274 casu
405 2209 846 2273 subtraxerunt
899 2230 967 2274 se
1023 2208 1166 2272 mihi
1221 2218 1570 2292 apparatum
1630 2207 1902 2271 criticum
1967 2208 2265 2291 digerenti

199 2312 509 2395 quaedam
555 2310 775 2375 dudum
821 2321 1064 2388 notata,
1114 2329 1267 2394 quae
1320 2310 1385 2374 in
1428 2309 1724 2374 addendis
1766 2309 2134 2389 memoravi,
2184 2331 2263 2376 ne

200 2413 352 2496 quid
387 2413 604 2478 deesse
636 2413 971 2478 videretur.
1017 2411 1178 2477 Nam
1219 2431 1352 2475 mea
1384 2411 1619 2493 quidem
1651 2411 1955 2476 sententia
1988 2412 2262 2476 omnibus

201 2535 430 2579 arere
474 2535 822 2598 possumus,
872 2526 936 2579 et
980 2534 1200 2600 magna
1242 2534 1381 2598 pars
1426 2533 1503 2576 ne
1532 2514 1616 2577 ita
1648 2515 1886 2596 quidem
1921 2524 2265 2598 comparata

201 2626 343 2694 est,
391 2626 461 2679 ut
502 2636 748 2680 sensum
789 2627 972 2681 acuat
1015 2626 1079 2680 et
1110 2615 1268 2692 alat,
1316 2635 1526 2679 verum
1560 2614 1725 2678 nolui
1754 2636 1886 2679 rem
1918 2615 2260 2699 negligere,

200 2718 272 2780 in
336 2737 453 2800 qna
509 2739 680 2782 more
741 2718 1030 2781 tralatitio
1090 2716 1489 2801 philologicae
1549 2715 1899 2800 diligentiae
1964 2716 2265 2800 quendam

202 2818 593 2902 splendorem
625 2819 816 2883 dicam
848 2837 927 2881 an
957 2818 1294 2902 rubiginem
1326 2817 1497 2881 multi
1527 2816 1867 2900 requirunt.

382 2935 737 3000 Editionum
779 2937 981 3007 varias
1026 2937 1323 3000 lectiones
1364 2936 1611 2999 omnino
1644 2957 1767 3000 non
1797 2934 2024 2999 addidi.
2085 2935 2264 3000 Anti-

207 3037 345 3123 quis
377 3040 538 3102 enim
570 3038 935 3104 editionibus
966 3038 1046 3101 ibi
1094 3047 1323 3101 tantum
1367 3038 1625 3121 pretium
1666 3037 2049 3101 statuendum
2092 3038 2264 3102 vide·

207 3152 348 3220 tur,
400 3140 502 3203 ubi
546 3141 646 3206 vel
691 3140 935 3202 omnino
981 3139 1155 3224 pauci
1202 3138 1377 3202 codd.
1428 3148 1786 3224 supersunt,
1832 3139 1933 3201 vel
1967 3159 2051 3202 ex
2080 3138 2257 3202 codd.

209 3243 432 3306 ductae
463 3252 607 3305 sunt
638 3242 975 3317 editioneS,
1017 3240 1115 3324 qui
1147 3251 1358 3326 postea
1389 3239 1684 3324 deperditi
1714 3250 1877 3303 sunt.
1927 3235 2262 3323 Utrumque

208 3345 275 3408 in
318 3341 541 3407 Persio
587 3345 785 3407 locum
827 3364 951 3406 non
1006 3341 1225 3418 habet,
1286 3353 1355 3406 ut
1409 3341 1688 3426 exemplo
1749 3340 2006 3424 quodam
2064 3341 2265 3404 docuit

210 3442 696 3510 Hautbalius
716 3491 734 3524 ‚
769 3445 868 3528 qui
900 3465 1033 3508 eum
1068 3444 1267 3508 varias
1297 3444 1594 3509 lectiones
1626 3443 1702 3505 ad
1733 3441 1979 3506 satiram
2010 3443 2260 3527 primam

212 3568 250 3611 e
291 3545 491 3610 XXX
548 3547 914 3610 editionibus
975 3567 1143 3610 saec.
1205 3541 1335 3609 XV
1391 3545 1545 3608 mira
1604 3543 1918 3628 diligentia
1974 3544 2260 3607 collectas

213 3648 545 3727 edidisset,
593 3649 832 3731 planum
875 3645 1058 3727 fecit,
1106 3646 1255 3710 nihil
1297 3646 1363 3710 in
1409 3646 1573 3710 hisce
1604 3646 1901 3730 reperiri,
1950 3643 2106 3728 quod
2136 3664 2260 3707 non

213 3772 247 3816 e
279 3752 459 3816 codd.
509 3750 715 3814 afferri
760 3759 987 3834 posset.
1055 3745 1329 3831 Quorum
1375 3770 1509 3811 cum
1540 3748 1688 3811 satis
1718 3747 1886 3830 larga
1918 3747 2091 3830 eopia
2120 3767 2261 3830 sup-

211 3864 484 3939 peteret,
519 3852 849 3915 editionum
883 3870 1088 3914 curam
1118 3849 1317 3913 omisi.
1363 3847 1514 3913 Non
1546 3869 1660 3935 ego
1692 3849 2080 3931 negaverim,
2114 3848 2261 3911 utile

213 3975 349 4020 esse
403 3965 467 4017 et
515 3953 885 4030 iucundum,
946 3951 1148 4032 scire,
1212 3972 1389 4035 quam
1446 3970 1677 4034 quoque
1738 3948 1873 4015 loco
1932 3950 2259 4016 lectionem

213 4047 610 4140 praetulerint
666 4055 785 4119 viri
844 4055 1119 4120 doctriua
1179 4065 1242 4118 et
1298 4054 1544 4135 ingenio
1616 4053 1801 4130 clari,
1875 4073 2085 4118 verum
2146 4051 2259 4115 boc
