2764 4738
861 387 1589 454 PROLEGOMENA.
2048 410 2250 456 exem

185 560 345 624 diam
377 558 529 624 oriri
561 558 802 639 solent,
849 579 1116 645 paucae,
1163 579 1317 644 quae
1355 570 1635 624 nasutum
1669 569 2078 625 correctorem
2108 581 2249 646 pro-

187 661 377 737 dant3
427 658 595 726 nulla
627 682 814 727 causa
843 673 971 739 est,
1022 663 1097 727 de
1143 662 1616 747 interpolatione
1664 661 2016 746 cogitandi,
2048 682 2247 745 neque

186 764 344 828 nllus
394 764 609 843 loeus,
657 763 758 846 qui
803 784 927 826 uon
971 783 1006 827 e
1051 763 1232 827 codd.
1280 763 1521 828 restitui
1565 774 1750 845 queat
1785 771 1835 827 ¹.
1912 760 2044 826 Hoc
2087 763 2248 845 quod

184 867 396 951 paucis
428 865 832 950 scriptoribus
859 865 1150 950 contigit,
1194 862 1416 932 Persio
1462 865 1539 930 ob
1583 865 1775 951 ipsam
1812 866 1944 931 eius
1975 864 2247 930 obscuri-

186 977 374 1032 tatem
408 968 747 1054 contigisse
778 980 943 1055 puto.

359 1100 602 1185 Quodsi
652 1104 1001 1188 quaeritur,
1063 1102 1118 1168 is
1162 1102 1400 1183 codex,
1459 1123 1542 1168 ex
1590 1122 1708 1187 quo
1767 1103 2055 1188 descripti
2108 1115 2251 1167 sunt

183 1203 327 1289 ΜΡ.
367 1217 432 1269 et
460 1205 685 1286 Rom„
734 1208 834 1291 qui
880 1206 1219 1288 exemplum
1264 1225 1302 1268 a
1346 1203 1448 1269 Fl.
1483 1202 1637 1271 Iulio
1671 1216 2014 1271 correctum
2041 1206 2246 1270 sinon

184 1306 495 1390 integrum
529 1318 591 1372 at
622 1308 997 1372 emendatius
1029 1317 1093 1371 et
1121 1306 1327 1389 purius
1363 1308 1710 1391 expressit,
1760 1328 1900 1371 uum
1943 1310 2102 1371 sorte
2148 1329 2248 1371 ce·

184 1419 461 1473 terorum
494 1407 697 1476 Persii
730 1410 909 1475 codd.
945 1410 1083 1472 l’ons
1114 1418 1180 1472 et
1208 1407 1380 1493 origo
1428 1407 1740 1472 habendus
1785 1409 1905 1489 sit,
1952 1408 2084 1473 iure
2132 1409 2246 1473 boc

187 1513 575 1597 negabimus.
650 1508 814 1574 Nam
857 1510 932 1574 iis
973 1509 1166 1588 locis,
1225 1510 1324 1574 ubi
1373 1531 1509 1575 eum
1569 1521 1887 1594 corruptas
1950 1510 2248 1574 lectiones

185 1612 479 1678 babuisse
513 1623 798 1697 apparet,
846 1611 913 1675 in
955 1611 1092 1675 aliis
1122 1611 1303 1675 codd.
1337 1633 1486 1676 vera
1518 1622 1579 1675 et
1610 1612 1873 1698 genuina
1902 1612 2085 1676 lectio
2115 1634 2249 1677 ser·

189 1726 330 1779 vata
379 1726 518 1793 est,
566 1713 625 1776 hi
670 1713 855 1797 igitur
897 1734 981 1777 ex
1018 1713 1140 1777 alio
1184 1715 1354 1779 fonte
1410 1714 1728 1779 derivandi
1770 1724 1936 1777 sunt.
2013 1711 2245 1779 Verum

189 1818 417 1880 nullum
466 1816 715 1879 omnino
757 1816 896 1880 cod.
944 1816 1192 1893 inveni,
1240 1816 1340 1899 qui
1385 1827 1633 1902 praeter
1672 1815 1817 1901 ΜΡ.
1865 1826 1925 1880 et
1957 1816 2136 1881 Rom.
2173 1816 2247 1880 ad

186 1917 348 1983 idem
383 1918 760 2003 archetypon
784 1918 999 1980 referri
1038 1920 1268 2001 possit3
1317 1939 1669 2003 quamquam
1713 1916 1873 1983 enim
1918 1918 2247 1982 lectionum

188 2030 252 2083 et
280 2020 581 2083 bonarum
615 2031 678 2083 et
707 2031 1121 2103 corruptarum
1144 2065 1163 2099 ,
1211 2040 1357 2103 quas
1400 2020 1462 2083 in
1495 2019 1662 2085 bisce
1694 2019 2037 2084 invenimus
2060 2065 2079 2098 ‚
2124 2020 2247 2103 ple·

184 2141 412 2204 rasque
458 2121 641 2185 etiam
686 2124 750 2185 in
797 2122 930 2186 aliis
977 2120 1157 2185 codd.
1202 2122 1574 2207 reperimus,
1635 2121 1718 2187 ita
1769 2133 1974 2185 tamen
2021 2119 2250 2185 mixtae

185 2234 333 2288 sunt
364 2222 501 2287 aliis
530 2222 893 2288 lectionibus
915 2269 934 2301 ‚
982 2245 1135 2307 quae
1181 2244 1262 2287 ex
1305 2225 1472 2289 bisce
1505 2225 1682 2289 codd.
1715 2223 1851 2288 duci
1884 2243 2004 2286 non
2036 2234 2250 2308 potue-

186 2337 373 2404 runt,
422 2334 491 2390 ut
520 2325 595 2390 de
628 2326 930 2391 communi
963 2326 1200 2411 origine
1236 2346 1359 2391 non
1404 2328 1596 2412 possit
1640 2324 1917 2410 cogitari.
1985 2320 2250 2389 Omnino

189 2424 393 2491 Persii
443 2428 623 2492 codd.
677 2450 749 2494 ea
795 2428 951 2493 ratio
999 2439 1133 2508 est,
1181 2440 1251 2493 nt
1293 2429 1539 2494 diversa
1588 2449 1817 2514 genera
1865 2439 1929 2492 et
1958 2428 2246 2505 familiae,

192 2550 313 2614 quo
359 2528 583 2613 singuli
628 2531 805 2595 codd.
854 2533 1240 2610 referantur,
1289 2550 1412 2594 non
1445 2532 1679 2616 possint
1708 2532 2020 2597 constitui.
2098 2530 2247 2596 Illud

191 2631 432 2716 quidem
465 2653 576 2717 per
603 2654 674 2698 se
706 2633 955 2719 quisque
986 2634 1302 2718 intelligit,
1331 2631 1607 2699 diversos
1640 2655 1778 2700 esse
1811 2633 1987 2699 codd.
2022 2644 2248 2708 aetate,

192 2746 296 2812 et,
347 2755 499 2817 qnae
542 2733 639 2799 hic
686 2757 819 2799 cum
862 2744 1065 2799 aetate
1109 2737 1240 2800 sere
1288 2736 1612 2800 coniuncta
1663 2748 1798 2813 est,
1862 2736 2248 2809 auctoritate,

193 2837 350 2901 alios
394 2836 531 2901 aliis
581 2837 825 2922 propius
870 2838 1168 2903 accedere
1223 2836 1533 2916 bonitate,
1589 2859 1803 2902 verum
1863 2859 1995 2902 cum
2056 2837 2252 2900 nullus

195 2940 403 3003 codex
449 2949 572 3003 tam
622 2939 869 3024 integer
910 2940 1026 3017 sit,
1074 2951 1244 3004 uteo
1277 2949 1573 3022 tamquam
1614 2941 2007 3005 fundamento
2037 2958 2254 3003 recen·

192 3042 387 3107 sionis
436 3041 669 3119 utaris,
719 3053 839 3104 tum
889 3062 965 3105 ne
1013 3041 1125 3107 boc
1174 3041 1414 3126 quidem
1459 3041 1792 3107 observare
1839 3042 2018 3121 licet,
2067 3044 2253 3106 certis

190 3142 348 3207 locis
393 3144 684 3226 quosdam
730 3144 910 3207 codd.
957 3143 1021 3206 in
1065 3144 1352 3230 genuinis
1393 3154 1499 3207 aut
1544 3143 1843 3229 corruptis
1892 3143 2254 3208 lectionibus

193 3247 575 3328 conspirare.
650 3243 822 3309 Idem
882 3246 1083 3310 codex
1136 3247 1299 3312 enim
1343 3245 1524 3311 modo
1572 3244 1765 3309 bonas
1810 3246 1989 3310 modo
2033 3265 2252 3330 pravas

192 3347 493 3412 lectiones
539 3347 827 3431 praebet,
878 3359 940 3412 et
984 3349 1070 3413 ita
1115 3349 1389 3434 quidem,
1443 3359 1509 3411 ut
1556 3346 1814 3412 diversis
1844 3347 1995 3412 locis
2027 3347 2252 3411 diversi

198 3535 223 3588 1
266 3533 377 3587 Uno
401 3533 517 3585 loeo
540 3532 629 3599 w,
656 3536 724 3588 ⁴8
757 3551 787 3587 o
822 3536 958 3586 coni.
999 3549 1245 3586 amorum
1282 3533 1399 3585 dedi
1437 3548 1528 3599 pro
1563 3534 1709 3585 codd.
1737 3533 1960 3585 lectione
1983 3548 2253 3584 amarum.

262 3602 471 3655 Nolle·
509 3601 727 3664 sactum
764 3619 1062 3671 quamquam
1102 3604 1236 3653 euim
1273 3618 1574 3670 persuasum
1612 3602 1736 3653 mibi
1772 3609 1885 3667 est,
1925 3617 1955 3653 a
1990 3600 2100 3653 VV.
2139 3600 2250 3654 ΠΙ).

263 3688 318 3723 ν.
371 3686 627 3723 amarum
676 3687 917 3738 perverse
965 3671 1249 3739 explicari,
1303 3672 1519 3722 necdum
1569 3671 1721 3722 aliam
1776 3672 2251 3738 interpretationem

263 3741 480 3805 inveni,
549 3748 784 3808 praestat
830 3749 997 3792 tamen
1046 3742 1296 3791 intactum
1345 3741 1677 3806 relinquere,
1743 3755 1856 3791 cum
1906 3742 1958 3791 in
2009 3739 2256 3791 Peraiano

264 3824 505 3862 temone
541 3811 874 3861 inveniantur
908 3816 1012 3862 tam
1047 3809 1211 3860 multa
1247 3809 1549 3860 duriuscule
1584 3810 1721 3861 dicta
1742 3845 1758 3873 ‚
1796 3816 1849 3860 et
1884 3825 2097 3875 quorum
2145 3824 2253 3859 cer—

263 3885 369 3929 tam
397 3876 792 3945 explicationem
828 3879 919 3929 vix
956 3878 1100 3929 uobis
1135 3878 1259 3929 dare
1295 3877 1471 3929 liceat.
1512 3876 1749 3929 Ceterum
1788 3894 1883 3928 non
1921 3878 2100 3928 tacebo
2136 3895 2257 3928 con-

269 3949 562 4010 iecturam,
600 3963 750 4014 qnam
785 3948 948 3998 amice
982 3961 1179 3999 meeum
1214 3947 1608 3998 communicavit
1643 3946 1949 3997 Paldamus:
1991 3949 2046 3996 in
2069 3962 2254 4011 penem

266 4014 532 4081 quiequid
589 4017 696 4068 aba·
751 4019 960 4068 venere?
1021 4031 1233 4075 norm,
1294 4018 1498 4082 quicum
1555 4016 1872 4082 comparavit
1918 4015 2254 4066 Horatianuun

268 4088 397 4146 (sat.
436 4083 502 4148 ll,
541 4085 594 4149 7,
630 4086 699 4139 ⁴7
723 4085 869 4152 sq.)=
916 4087 1082 4138 Acris
1117 4085 1213 4136 ubi
1245 4099 1329 4135 m
1360 4084 1584 4137 Natum
1617 4084 1884 4147 incendic,
1922 4090 2046 4135 cett.

331 4173 569 4214 nasum.
1797 4173 1836 4214 ΙΙ
