2764 4738
735 447 810 509 A.
854 446 1103 510 PERSII
1143 446 1417 509 FLACCI
1456 447 1662 509 VITA.
2090 445 2220 513 241

168 629 232 678 et
274 638 401 678 eum
445 620 740 698 coepisset
785 619 1043 679 scribere
1086 629 1376 698 utramque
1423 638 1540 679 rem
1572 617 1885 689 incohavit,
1930 617 2114 680 donec
2145 640 2222 681 ex

169 723 278 762 sua
323 704 504 782 ipsius
550 706 719 763 animi
764 705 1134 763 mutabilitate
1175 706 1432 764 scribere
1484 705 1791 763 inchoavit.
1862 704 1990 764 Fuit
2031 716 2219 765 autem

167 790 422 848 sciratus
456 792 551 861 (i)
583 810 799 868 genere
847 800 1079 860 tuscus,
1124 787 1432 865 discipulus
1477 789 1644 848 Bassi
1687 789 2045 869 phylosophi.
2096 790 2218 851 Hoc

165 893 315 934 vero
368 876 580 933 initium
642 877 904 934 carminis
966 885 1059 934 est
1117 875 1434 953 praefatio,
1495 876 1769 952 tragicum
1819 896 1849 934 a
1897 875 2218 936 delectione

166 957 457 1019 scandere
492 963 588 1031 (ἵ)
621 961 916 1039 incipiens.
993 959 1051 1019 1n
1111 960 1216 1018 hac
1261 971 1448 1018 autem
1496 961 1854 1038 praefatione
1901 962 2218 1039 apologiam

164 1043 222 1113 id
255 1056 354 1104 est
383 1047 808 1105 excusationem
844 1046 982 1104 l'acit
1012 1054 1072 1104 et
1101 1056 1341 1104 excusat
1370 1064 1437 1104 se
1467 1044 1902 1124 quodammodo,
1944 1066 2054 1105 non
2088 1045 2218 1106 ideo

167 1132 515 1209 scripsisse,
549 1140 609 1190 ut
636 1142 807 1209 poeta
837 1140 1176 1209 appareret,
1230 1129 1332 1190 sed
1363 1134 1550 1208 potius
1581 1131 1817 1209 impulsu
1848 1135 2048 1191 mentis
2079 1152 2220 1211 qno-

166 1212 335 1286 dam,
383 1214 530 1295 quod
576 1227 704 1275 tunc
750 1214 979 1276 videbat
1021 1215 1224 1274 multos
1271 1217 1527 1293 poetriae
1581 1216 1941 1289 incumbere,
1985 1229 2045 1276 ιιι
2090 1216 2219 1278 iude

166 1302 438 1359 salarium
470 1311 860 1372 mererentnr;
903 1302 1166 1359 salarium
1199 1312 1292 1359 est
1319 1299 1647 1379 praebenda
1678 1304 1840 1361 nnius
1871 1301 2001 1361 diei.
2063 1301 2219 1363 Unde

167 1383 458 1456 ostendit,
498 1404 562 1445 se
605 1397 863 1445 coactum
908 1395 969 1444 nt
1005 1386 1305 1445 scribere-t.
1355 1385 1513 1447 Unde
1543 1406 1652 1445 non
1685 1398 1909 1466 poetam
1941 1407 2005 1448 se
2035 1386 2219 1448 videri

166 1472 292 1528 vnlt
335 1471 430 1528 vel
473 1473 666 1529 vocari
711 1482 770 1529 et
816 1490 922 1550 per
964 1491 1122 1530 snam
1165 1491 1466 1550 personam
1518 1473 1640 1531 vult
1696 1473 1929 1553 intelligi
1984 1473 2219 1533 aliorum

168 1575 485 1634 personas,
532 1557 624 1635 qni
656 1557 727 1615 ob
760 1557 963 1615 samam
996 1557 1340 1615 scribebant.

350 1639 574 1701 Satirae
600 1647 621 1682 ¹
650 1644 934 1721 proprium
965 1653 1090 1713 est,
1134 1652 1197 1700 ut
1223 1661 1364 1701 vera
1396 1641 1680 1701 humiliter
1710 1638 1895 1714 dieat,
1941 1652 2002 1702 et
2030 1644 2218 1702 omnia

169 1745 300 1785 cum
332 1745 510 1785 sanna
541 1727 750 1798 saciat,
796 1747 958 1806 quam
994 1725 1237 1786 Sisenna
1271 1729 1585 1805 protulerat
1613 1739 1806 1806 poeta.
1851 1728 1988 1789 Item
2021 1738 2220 1807 satyra

169 1810 414 1881 dicitnr,
457 1832 602 1891 quae
647 1814 817 1872 variis
859 1814 1031 1872 rebus
1077 1815 1417 1872 continetur.
1475 1811 1681 1891 Satyra
1730 1815 1861 1873 item
1894 1813 2095 1872 dicitnr
2124 1814 2219 1874 lex

170 1894 323 1974 apud
377 1895 660 1956 Romanos
710 1899 852 1969 lata,
894 1917 1039 1978 quae
1085 1897 1291 1958 fucatis
1336 1898 1527 1957 verbis
1571 1899 1729 1957 l'allat
1771 1897 2101 1970 audientes,
2160 1910 2221 1957 nt

171 1979 326 2041 aliud
358 1979 545 2054 dicat,
577 1981 725 2042 aliud
755 2003 894 2043 vero
926 1984 1229 2061 significet.
1256 1988 1282 2021 2
1335 1983 1397 2042 Iu
1429 1983 1538 2042 hac
1568 1985 1923 2061 praefatione
1954 1982 2122 2054 dicit,
2155 2004 2219 2044 se

172 2087 286 2126 non
333 2078 560 2145 poetam
593 2089 760 2139 esse,
808 2065 908 2127 sed
955 2071 1356 2147 semipoetam‚
1404 2079 1465 2128 et
1508 2067 1644 2128 dicit
1686 2088 1750 2127 se
1784 2069 1932 2128 same
1964 2080 2219 2128 coactum

173 2154 326 2212 sicut
355 2162 416 2211 ct
444 2165 673 2213 ceteros
705 2153 774 2211 ad
808 2151 1164 2213 scribendum
1196 2155 1453 2232 aspirare
1487 2163 1744 2213 conatum
1765 2196 1781 2224 ,
1813 2153 1958 2234 quod
1989 2174 2114 2214 cum
2148 2153 2219 2214 de

172 2257 240 2296 se
288 2236 464 2308 dicit,
505 2259 613 2296 non
658 2237 916 2309 dubium,
962 2242 1093 2318 quin
1137 2237 1209 2298 de
1255 2240 1512 2297 omuibus
1556 2237 1725 2297 dicat.
1785 2242 1996 2299 Satira
2036 2260 2219 2318 genus

173 2331 270 2382 est
300 2323 616 2384 clarnivcl
648 2325 825 2384 lancis
870 2325 1055 2384 multis
1100 2343 1170 2384 ac
1211 2326 1386 2383 variis
1430 2324 1650 2404 frugum
1693 2326 2001 2404 generibus
2032 2327 2220 2405 plena.

176 2409 420 2468 Clarnus
451 2421 640 2488 potest
670 2410 943 2489 appellari
974 2408 1164 2469 discus
1196 2411 1286 2468 vel
1318 2430 1532 2482 mensa,
1581 2430 1723 2490 qnae
1755 2413 1973 2471 referta
2004 2412 2222 2471 sacrifi-

174 2496 283 2553 eiis
328 2493 542 2554 Veneri
587 2498 881 2555 cousuevit
923 2496 1136 2555 offerri.
1196 2494 1363 2554 Dicta
1407 2507 1591 2555 antem
1639 2498 1814 2556 satira
1858 2516 1889 2554 a
1922 2499 2220 2558 saturitate

174 2591 236 2640 et
267 2578 416 2659 qnod
449 2581 613 2658 plena
646 2581 720 2638 sit
750 2581 1019 2640 conviciis
1050 2590 1111 2641 et
1140 2580 1682 2659 reprehensionibus
1716 2582 2015 2642 bominum.

351 2663 455 2724 Hic
478 2669 503 2705 ⁸
533 2677 720 2725 tamen
765 2665 1010 2724 fabulam
1054 2668 1250 2744 tangit.
1315 2668 1584 2727 Phorcus
1628 2686 1734 2726 rex
1763 2666 1837 2726 111
1866 2667 2008 2726 filias
2042 2667 2225 2727 senor

174 2746 448 2808 habuisse
498 2749 831 2829 Gorgones,
887 2753 1129 2810 Stenm'o
1147 2795 1169 2823 ‚
1224 2753 1533 2828 Euryale,
1591 2753 1870 2812 Medusa.
1950 2750 2226 2813 Dicuntur

182 2836 521 2912 Gorgones,
556 2837 715 2914 quasi
741 2855 1008 2913 georgae
1037 2838 1074 2894 i.
1099 2855 1151 2895 e.
1184 2846 1377 2896 terrae
1411 2838 1701 2895 cultrices.
1754 2840 1837 2895 Ge
1866 2839 2012 2898 enim
2046 2848 2222 2910 terra,

174 2923 353 2997 orgia
386 2920 626 2979 cultura.
664 2919 784 2981 Sed
814 2933 1032 2980 mortno
1061 2931 1224 2999 patre
1255 2924 1540 2981 successit
1570 2925 1623 2980 ei
1653 2923 1904 2981 Medusa
1935 2925 1990 2981 in
2021 2942 2224 3002 regno,

175 3024 341 3085 qnam
389 3005 597 3064 auxilio
641 3006 936 3066 Minervae
980 3007 1273 3066 interfecit
1317 3006 1607 3078 Perseus,
1653 3027 1759 3065 rex
1801 3009 2014 3078 Asiae,
2062 3019 2123 3068 et
2152 3007 2224 3068 de

174 3089 456 3168 sangnine
502 3093 626 3151 eius
672 3110 943 3170 egressus
989 3102 1083 3152 est
1110 3094 1375 3169 Pegasus
1406 3112 1620 3171 equus,
1667 3094 1760 3172 qui
1792 3091 1939 3172 pede
1971 3112 2075 3152 sno
2107 3105 2225 3152 ter-

175 3194 299 3234 ram
342 3178 670 3254 percutiens
701 3175 967 3256 produxit
998 3177 1208 3236 sontem
1241 3180 1464 3237 nomine
1494 3180 1785 3256 Pegasum
1805 3222 1825 3251 ,
1860 3179 2007 3237 sient
2037 3178 2226 3238 sabula

177 3259 404 3320 Graeca
435 3261 625 3332 linxit,
659 3264 751 3342 qui
783 3262 911 3322 sons
943 3260 1162 3321 dicatus
1195 3274 1288 3322 est
1317 3264 1501 3342 poetis
1535 3275 1594 3321 et
1623 3263 1834 3335 Musis,
1879 3262 2029 3322 unde
2070 3264 2225 3323 Mar-

179 3347 459 3405 cianns⁴t
532 3348 616 3406 Et
647 3346 799 3424 sons
864 3350 1166 3426 Gorgonei
1219 3349 1363 3408 tulit
1413 3348 1653 3407 caballi.
1720 3348 1842 3408 Hoc
1887 3348 2223 3422 fabulosum,

175 3433 390 3490 veritas
423 3442 611 3491 tamen
643 3432 816 3492 habet
844 3432 950 3492 boc
969 3475 985 3503 ,
1018 3444 1079 3493 et
1108 3444 1200 3492 est
1229 3432 1635 3514 inquirendum.
1717 3436 1913 3512 Gorgo
1926 3478 1950 3506 ,
1995 3445 2218 3510 terror3

174 3517 465 3589 Stenm‘o,
540 3516 835 3591 debilitas3
920 3519 1227 3596 Euryale,
1303 3519 1415 3577 lata
1472 3516 1866 3597 profunditas3
1944 3521 2223 3594 Medusa,

177 3719 204 3771 1
246 3716 384 3769 Haec
433 3717 633 3784 plenius
685 3727 896 3771 exstant
930 3720 982 3771 in
1035 3719 1183 3771 codd.
1233 3719 1566 3787 quibusdam,
1617 3729 1678 3773 nt
1712 3722 1830 3774 Par.
1863 3723 1911 3784 1,
1950 3724 2063 3776 cod.
2096 3723 2223 3776 bibl.

246 3785 688 3840 Darmstadiensis
713 3788 793 3853 (n.
825 3789 923 3841 199
940 3789 1098 3839 catal.
1121 3789 1440 3842 Hartzheim.
1462 3807 1513 3857 p.
1547 3793 1688 3858 15⁰),
1725 3792 1788 3844 de
1813 3808 1912 3859 quo
1928 3807 1980 3844 v.
2010 3792 2223 3846 Weber.

246 3856 376 3906 diss.
412 3856 476 3907 de
497 3857 660 3923 intpp.
688 3856 886 3908 Lucani
913 3855 1141 3920 XXXV,
1183 3857 1293 3909 Eri.

175 3923 212 3978 2
250 3924 526 3990 Sequentia
565 3925 760 3977 habent
794 3933 992 3978 tantum
1030 3925 1068 3977 P
1103 3926 1151 3977 1.
1190 3926 1303 3978 Erl.

176 3993 209 4043 3
250 3992 399 4058 Seqq.
454 3999 663 4045 exstant
715 3995 767 4044 in
818 3994 856 4046 P
891 3995 941 4047 1.
995 3993 1221 4046 Dnrmst.
1286 3995 1563 4047 Pertinent
1604 3995 1669 4046 ad
1716 3997 1845 4063 prol.
1887 3998 1939 4050 1.
1978 4005 2031 4048 et
2099 4000 2227 4050 etita

248 4069 371 4112 sunt
409 4077 438 4112 e
475 4060 719 4127 Fulge-nt.
756 4063 798 4125 1,
835 4064 923 4119 26.
999 4063 1084 4116 Cf.
1121 4063 1286 4133 myth.
1326 4064 1453 4117 Vnt.
1491 4063 1533 4127 1,
1576 4065 1693 4118 130.
1747 4064 1811 4131 11,
1851 4066 1970 4124 1¹2.
2082 4104 2096 4131 ‚
2140 4069 2263 4122 14:

178 4130 215 4181 4
248 4128 410 4182 Mare.
451 4129 580 4200 Cap.
620 4130 665 4184 11
702 4148 753 4201 p.
789 4132 859 4190 29
897 4131 994 4184 Gr.

264 4219 505 4263 nasius.
1731 4206 1811 4267 16
