2764 4738
75 4167 271 4359 F

297 792 374 844 W
399 795 446 846 1.

295 1020 371 1071 W
388 1020 443 1074 2.

313 4052 437 4103 α1.

491 405 613 448 eex
1129 382 1875 445 PRoLnGouENA.

485 551 940 720 wihonianae,
1000 552 1160 618 unde
1210 571 1325 635 ego
1379 551 1699 637 descripsi.
1774 551 2039 618 Easdem
2088 553 2279 618 edidit
2319 551 2403 616 Ε.
2453 550 2539 618 G.

597 655 915 720 ebera&

656 770 813 837 Cod.
846 772 1245 836 bibliothecae
1282 769 1859 857 Guelferbytanae,
1895 770 2162 836 Gudian.
2194 771 2281 836 79
2295 770 2430 857 (W
2445 772 2537 858 1),

485 874 980 939 membranaceus
1002 920 1021 951 ,
1067 876 1258 937 forma
1291 876 1590 952 maxima,
1639 894 1807 938 saec.
1841 872 1937 937 xl
1968 874 2253 959 scriptus.

655 1006 813 1073 Cod.
863 1009 1127 1073 eiusdem
1176 1007 1365 1086 bibl.‚
1414 1009 1582 1094 Aug.
1627 1007 1735 1084 29,
1774 1007 1854 1072 12
1900 1006 2031 1093 (W
2045 1008 2187 1090 2.),
2236 1007 2538 1072 membra-

484 1131 749 1189 naceuS‚
810 1113 1006 1176 forma
1049 1113 1323 1190 minore,
1375 1130 1541 1175 saec.
1591 1106 1772 1173 X111.
1848 1108 2074 1173 Habuit
2117 1110 2290 1173 huius
2321 1132 2425 1174 vv.
2461 1112 2531 1174 ll.

484 1214 661 1277 etiam
710 1211 1114 1292 Orellius,
1162 1213 1223 1276 in
1270 1232 1467 1275 meum
1512 1232 1683 1275 usum
1731 1222 2043 1295 utrumque
2089 1213 2166 1275 ad
2198 1211 2343 1276 edit.
2378 1209 2536 1276 Pas-

483 1315 640 1381 sovii
671 1315 925 1379 contulit
956 1312 1689 1379 schoenemannus.

651 1433 884 1497 Horum
915 1434 1190 1497 codicum
1220 1442 1506 1496 accurate
1528 1432 1884 1494 collatorum
1915 1429 2211 1514 integram
2243 1430 2536 1516 proposui

483 1534 838 1600 varietatem
885 1533 1206 1611 lectioniS,
1249 1534 1336 1598 ita
1382 1545 1487 1612 ut,
1533 1532 1633 1596 ubi
1673 1534 1818 1597 nihil
1863 1534 1937 1597 de
1984 1554 2057 1597 ea
2100 1533 2390 1595 monitum
2420 1534 2531 1612 sit,

482 1637 836 1700 consentire
870 1637 1049 1699 codd.
1083 1656 1216 1699 cum
1246 1647 1491 1719 recepta
1520 1635 1785 1699 lectione
1815 1634 2074 1719 intelligi
2103 1635 2305 1697 velim.
2363 1631 2433 1697 ld
2466 1635 2532 1697 in

480 1738 918 1821 antiquioribus
950 1748 1010 1800 et
1042 1737 1392 1801 melioribus
1425 1738 1603 1801 codd.
1639 1738 1722 1800 ita
1752 1736 2275 1820 interpretandum
2295 1781 2314 1812 ,
2354 1747 2422 1799 ut
2452 1756 2531 1800 ne

480 1839 639 1902 levia
685 1839 919 1922 quidem
963 1850 1260 1901 annotare
1307 1838 1644 1916 omiserim,
1693 1857 1901 1900 verum
1950 1857 2072 1900 non
2122 1848 2242 1901 tam
2286 1838 2532 1922 ineptus

479 1941 600 2018 fui,
650 1952 716 2004 nt
760 1962 841 2004 ex
881 1940 1317 2004 recentissimis
1360 1961 1594 2025 quoque
1643 1939 1821 2003 codd.
1871 1959 2145 2017 omnem,
2209 1940 2533 2023 orthogra-

480 2043 653 2126 phiae
686 2042 1056 2126 potissimum
1087 2043 1370 2107 vitiorum
1404 2044 1646 2106 sordem
1694 2041 2067 2124 colligerem.
2131 2036 2200 2104 Si
2244 2042 2375 2124 quis
2420 2062 2533 2105 au-

479 2155 601 2207 tem
642 2154 988 2227 apparatum
1035 2144 1309 2208 criticum
1357 2143 1735 2229 inspexerit,
1783 2143 2049 2219 videbit,
2095 2163 2191 2207 me
2245 2164 2365 2206 non
2404 2155 2528 2207 tam

482 2246 666 2308 fuisse
702 2247 1084 2310 temerarium
1108 2292 1126 2324 ,
1173 2246 1281 2310 sed
1315 2247 1497 2309 multa
1529 2247 1839 2321 attulisse,
1888 2245 2101 2328 quihus
2142 2266 2355 2309 carere
2389 2267 2533 2328 pos·

480 2346 692 2409 simus.
749 2342 905 2411 Illud
936 2368 1085 2413 vero
1117 2349 1226 2413 vix
1256 2359 1386 2426 est,
1422 2349 1577 2432 quod
1611 2369 1926 2426 moneam,
1962 2347 2137 2427 mihi,
2173 2367 2530 2431 quamquam

479 2468 718 2510 omnem
749 2469 951 2513 curam
986 2463 1165 2535 atque
1201 2449 1569 2534 diligentiam
1617 2451 1898 2529 adhibui,
1945 2450 2280 2513 verendum
2322 2460 2528 2513 tamen

478 2568 656 2627 esse,
705 2570 781 2612 ne
831 2572 1076 2617 errores
1124 2553 1359 2636 quidam
1404 2553 1467 2614 in
1512 2552 1907 2615 recensendis
1952 2573 2056 2614 vv.
2105 2552 2167 2614 ll.
2217 2552 2528 2616 commissi

476 2650 621 2712 sint.
702 2647 1060 2736 Quicunque
1117 2654 1275 2716 enim
1335 2655 1513 2716 talem
1572 2673 1814 2735 operam
1873 2654 2000 2736 ipse
2043 2653 2310 2736 suscepit
2354 2664 2531 2717 tenet

476 2753 790 2835 profecto,
840 2774 1012 2836 quam
1063 2752 1294 2818 difficile
1337 2755 1454 2834 sit,
1504 2774 1617 2817 nec
1663 2753 1727 2816 in
1770 2754 1978 2818 codice
2011 2753 2382 2818 conserendo
2414 2776 2528 2817 un-

477 2874 651 2936 quam
697 2855 861 2934 salli,
913 2857 1117 2920 necin
1160 2856 1517 2920 adhibendis
1564 2855 1751 2919 variis
1793 2856 2178 2920 lectionibus.
2241 2858 2531 2921 Accessit

478 2956 591 3019 iam
638 2958 927 3021 molestus
972 2957 1145 3021 labor
1188 2968 1280 3021 tot
1317 2958 1497 3021 codd.
1532 2957 1606 3020 ad
1642 2958 1916 3021 diversas
1950 2956 2250 3026 editiones
2284 2968 2527 3022 notatas

477 3079 579 3120 vv.
626 3057 691 3121 ll.
740 3060 1099 3123 conserendi
1146 3070 1209 3124 et
1255 3059 1603 3143 digerendi,
1651 3059 1714 3121 in
1772 3079 1887 3141 quo
1939 3058 1991 3121 si
2037 3058 2277 3141 quando
2321 3060 2527 3141 lapsus

473 3179 601 3221 sum
623 3205 640 3235 ,
677 3159 1031 3243 ignoscent,
1065 3180 1283 3245 spero,
1319 3161 1492 3244 aequi
1525 3159 1777 3224 iudices.
1827 3158 2118 3242 Equidem
2153 3180 2266 3222 nec
2298 3180 2526 3243 operae

476 3281 589 3324 nec
621 3262 873 3344 tempori
905 3262 1190 3346 peperci,
1238 3272 1303 3325 ut
1349 3262 1504 3325 hanc
1538 3281 1779 3346 operam
1811 3262 1896 3325 ita
1927 3263 2275 3348 perficerem
2299 3309 2317 3340 ,
2366 3272 2434 3325 ut
2466 3262 2528 3326 ei

471 3363 647 3426 fidem
682 3363 906 3427 habere
940 3375 1190 3448 possent
1220 3360 1365 3428 VV.
1413 3362 1555 3426 DD.

645 3484 895 3547 Accedo
936 3481 1056 3547 iam
1087 3484 1163 3545 ad
1197 3502 1305 3546 eos
1337 3483 1516 3546 codd.
1566 3483 2021 3562 recensendos,
2070 3483 2145 3546 de
2185 3480 2395 3565 quibus
2437 3482 2523 3547 ita

472 3595 703 3647 tantum
736 3587 970 3648 referre
1011 3585 1215 3670 potui,
1261 3595 1327 3648 ut
1369 3584 1666 3649 lectiones
1707 3605 2109 3670 apponerem,
2157 3605 2304 3666 quas
2348 3603 2524 3668 prae·

470 3685 619 3749 bere
652 3707 756 3750 eos
789 3685 1071 3750 traditum
1103 3697 1235 3766 est,
1284 3706 1317 3749 e
1349 3707 1599 3770 quorum
1637 3687 1879 3751 silentio
1911 3687 2059 3751 nihil
2081 3685 2235 3750 ‘effici
2263 3695 2490 3771 potest.

470 3919 523 3985 Ρ
646 3818 846 3885 Codd.
880 3821 1283 3886 bibliothecae
1326 3820 1565 3906 Regiae
1610 3820 2020 3900 Havmenszk,
2067 3842 2217 3905 quos
2263 3823 2524 3887 contulit

539 3922 848 3986 lumius.

648 4039 807 4106 Cod.
842 4063 904 4106 n.
937 4037 1109 4106 2028
1137 4044 1214 4123 (α
1237 4041 1330 4129 1.)
1350 4088 1369 4122 ,
1403 4042 1944 4122 membranaceus,
1973 4043 2166 4108 forma
2198 4041 2518 4126 quadrata,
