2764 4738
548 431 697 473 uvi
1178 407 1893 471 PROLEGOMENA.

545 580 851 665 perfectos
892 590 1071 660 atque
1119 579 1335 643 editos.
1410 579 1612 663 Atque
1656 580 1730 645 de
1772 599 1893 645 uno
1935 587 2129 663 eoque
2185 576 2603 644 celeberrimo

544 684 684 747 loco
731 678 812 764 (1,
850 679 1036 764 121),
1105 702 1281 764 quem
1335 678 1646 745 Cornutus
1705 693 1972 746 mutasse
2031 680 2288 760 dicitur,
2354 683 2432 746 de
2480 703 2603 765 quo

548 785 766 848 dictum
811 793 906 846 est
945 784 1006 846 in
1052 783 1484 846 commentario
1514 784 1604 868 (p.
1644 780 1831 865 113),
1879 793 1942 846 et
1970 783 2127 845 iufra
2161 784 2458 866 quaedam
2491 786 2605 847 ad·

548 887 742 950 denda
775 896 955 963 sunt,
1003 905 1125 947 non
1167 886 1315 948 satis
1363 896 1645 963 constat,
1693 906 1770 947 an
1818 905 1940 947 non
1985 887 2126 949 vivo
2159 886 2341 949 etiam
2372 884 2604 950 Persio

545 1000 807 1053 mutatus
838 989 940 1065 sit,
977 1007 1110 1048 nam
1142 986 1205 1049 in
1236 987 1359 1051 vita
1389 987 1631 1069 antiqua
1665 987 1725 1050 h.
1760 988 1804 1049 l.
1841 997 2159 1071 corruptus
2192 999 2329 1065 est,
2363 989 2602 1052 scholia

545 1092 696 1156 nihil
739 1090 1081 1156 accuratius
1129 1090 1396 1152 tradunt.
1472 1086 1807 1153 Praeterea
1854 1090 2005 1153 duos
2053 1090 2229 1155 locos
2277 1089 2604 1154 detexisse

544 1194 660 1258 sibi
717 1193 883 1258 visus
940 1201 1035 1255 est
1089 1188 1424 1254 Passovius
1472 1193 1559 1274 (p.
1608 1190 1730 1253 135
1760 1192 1963 1273 sqq.),
2029 1210 2283 1274 eumque
2342 1204 2600 1256 secutus

546 1294 627 1360 G.
663 1294 742 1358 E.
781 1291 1095 1357 Weberus
1141 1292 1491 1374 (Emigrant
1535 1315 1596 1356 u.
1650 1288 1899 1356 Stoiker
1928 1314 1987 1376 p.
2025 1290 2217 1374 158),
2264 1294 2328 1356 in
2376 1294 2601 1376 quibus

544 1417 677 1460 cum
723 1405 902 1480 poeta
946 1393 1037 1457 bis
1079 1394 1237 1457 idem
1282 1395 1576 1473 dixisset,
1625 1394 1837 1457 dubius
1882 1405 2076 1458 utrum
2127 1395 2451 1473 reiiceret,
2519 1418 2602 1460 an

541 1498 875 1573 retineret,
922 1495 1037 1557 iam
1072 1506 1388 1578 utrumque
1418 1494 1712 1580 legamus.
1759 1497 1942 1562 Alter
1969 1497 2192 1580 legitur
2217 1493 2272 1577 1,
2307 1495 2548 1581 36sqq.
2578 1526 2596 1560 a

796 1617 1144 1678 Assensere
1176 1615 1327 1678 viri:
1379 1635 1543 1680 nunc
1574 1637 1696 1678 non
1729 1616 1879 1679 cinis
1912 1616 2009 1679 ille
2044 1627 2259 1700 poetae

796 1715 848 1779 F
855 1717 1021 1779 elix?
1066 1737 1187 1779 non
1217 1717 1417 1781 levior
1447 1717 1650 1803 cippus
1681 1739 1840 1781 nunc
1870 1719 2153 1801 imprimit
2187 1721 2372 1782 ossa?

793 1817 1075 1883 Laudant
1105 1820 1439 1883 convivae:
1489 1841 1648 1883 nunc
1680 1840 1801 1881 non
1847 1841 1881 1883 e
1913 1819 2185 1884 manibus
2215 1821 2362 1898 illis,

793 1920 978 1988 Nunc
1009 1944 1129 1986 non
1163 1941 1198 1985 e
1228 1921 1456 1985 tumulo
1501 1924 1926 2005 fortunataque
1955 1922 2157 1986 favilla

795 2024 1151 2091 Nascentur
1179 2024 1422 2089 violae?

538 2143 628 2212 lbi
659 2158 835 2232 poeta
867 2145 1120 2223 dubius,
1167 2156 1365 2207 utrum
1408 2144 1545 2207 illa:
1594 2164 1760 2207 nunc
1787 2181 1873 2190 —
1902 2147 2232 2220 convivae,
2278 2165 2358 2208 an
2393 2146 2550 2212 baec
2572 2174 2593 2212 z

537 2273 701 2315 nunc
728 2288 813 2297 —
842 2250 1045 2312 violae
1086 2256 1379 2332 poneret,
1439 2247 1682 2309 interim
1723 2258 2039 2331 utrumque
2086 2248 2149 2312 in
2195 2247 2441 2313 chartas
2487 2269 2596 2313 re-

538 2353 748 2418 tulisse
780 2352 1034 2430 dicitur,
1076 2360 1143 2415 ut
1172 2349 1442 2414 editurus
1476 2347 1615 2412 olim
1647 2348 1970 2415 lectionem
2002 2350 2275 2415 haberet.
2344 2346 2597 2416 Verum

536 2456 690 2533 hoc,
739 2453 1007 2537 quamvis
1041 2452 1231 2537 primo
1261 2452 1552 2535 adspectu
1598 2450 1956 2531 blandiens,
2004 2474 2128 2516 non
2176 2452 2403 2537 poterit
2445 2474 2598 2536 pro-

535 2556 690 2620 bari.
749 2553 913 2618 Nam
957 2554 1009 2617 si
1054 2554 1236 2631 illud,
1299 2552 1455 2636 quod
1505 2553 1772 2616 secundo
1819 2555 1956 2618 loco
1998 2554 2258 2638 legitur,
2317 2555 2595 2619 deletum

537 2658 910 2743 cogitamus,
956 2677 1204 2740 prorsus
1234 2652 1613 2718 intolerabile
1645 2666 1810 2719 esset
1840 2656 2063 2719 nudum
2108 2657 2262 2720 hocx
2318 2656 2595 2722 laudant

536 2761 849 2824 convivae.
948 2754 1343 2821 Concinnitas
1414 2757 1712 2819 sermonis
1778 2757 2127 2821 necessario
2186 2759 2384 2841 poscit
2445 2782 2592 2824 cum

534 2863 625 2926 his
672 2883 905 2946 quoque
961 2883 1106 2939 vv.,
1152 2869 1216 2920 nt
1261 2879 1396 2921 cum
1440 2858 1633 2920 altero
1675 2856 1777 2920 illo
1821 2880 2145 2923 assensere
2186 2862 2348 2936 viri,
2411 2861 2592 2944 iungi

533 2964 858 3048 quaedam,
918 2981 1068 3045 quae
1123 2958 1627 3023 antecedentibus
1684 2961 2119 3044 respondeant.
2193 2959 2374 3026 Ferri
2428 2983 2588 3028 sane

531 3075 774 3151 posset,
808 3083 876 3126 ea
902 3063 1069 3139 tolli,
1104 3080 1253 3144 quae
1270 3061 1612 3145 primoloco
1630 3062 1819 3143 posita
1851 3073 2030 3141 sunt,
2064 3082 2277 3128 verum
2314 3065 2365 3127 si
2397 3066 2589 3130 modo

530 3177 701 3231 recte
733 3164 1073 3251 disputavi,
1121 3174 1373 3247 apparet
1406 3182 1526 3224 non
1558 3164 1809 3244 amplius
1842 3184 1980 3229 esse
2012 3166 2375 3230 electionem
2397 3214 2417 3245 ,
2467 3169 2587 3233 sed

529 3269 680 3333 baec
707 3269 761 3331 si
793 3266 921 3349 quis
956 3265 1210 3328 delenda
1244 3273 1531 3340 censeat,
1579 3285 1613 3326 a
1646 3264 1836 3329 sciolo
1869 3268 2123 3349 quodam
2155 3279 2363 3332 assuta
2384 3316 2404 3347 ,
2454 3290 2590 3334 non

531 3392 568 3434 a
613 3366 829 3432 Persio
878 3369 1192 3453 profecta,
1243 3366 1299 3429 ei
1341 3364 1763 3429 sustinendum
1809 3368 1950 3431 erit.
2012 3367 2235 3452 Neque
2277 3392 2433 3434 vero
2467 3370 2590 3436 boc

529 3471 781 3535 concedi
826 3478 1064 3555 potest,
1123 3486 1258 3530 nam
1302 3468 1362 3530 id
1408 3467 1595 3549 ipsum
1643 3470 1889 3552 egregie
1933 3472 2158 3534 factum
2217 3481 2351 3550 est,
2419 3475 2586 3555 quod

526 3571 681 3635 baec
713 3571 825 3635 sibi
859 3570 1168 3652 opposuit:
1218 3589 1541 3634 assensere
1568 3570 1724 3642 viri,
1760 3571 1915 3651 quod
1949 3571 2176 3655 epicam
2209 3574 2587 3656 gravitatem

527 3672 758 3757 spirat,
808 3681 871 3736 et
900 3672 1154 3733 alterum
1188 3673 1343 3753 quod
1374 3671 1565 3756 magis
1600 3691 1912 3737 commune
1947 3683 2077 3736 est:
2133 3673 2400 3737 landant
2431 3698 2584 3740 con-

524 3778 740 3846 vivae3
789 3783 849 3837 et
896 3782 1056 3835 totus
1100 3772 1269 3836 locus
1311 3776 1579 3858 ingenua
1609 3772 1910 3836 hilaritate
1944 3784 2007 3836 et
2037 3774 2163 3837 risu
2194 3796 2318 3838 non
2350 3779 2585 3842 acci-bo

528 3876 798 3940 excellit.
850 3871 1117 3937 Omnino
1153 3873 1299 3936 salsa
1332 3875 1623 3957 quaedam
1656 3875 1729 3938 de
1758 3871 1960 3937 Persii
1991 3873 2289 3940 brevitate
2321 3888 2584 3944 senten-

525 3979 610 4043 tia
641 3976 754 4039 boc
784 3973 1065 4038 iudicium
1109 3975 1440 4054 excitavit,
1490 3995 1642 4058 quae
1686 3976 1758 4041 de
1802 3976 1934 4039 aliis
1982 3998 2214 4059 quoque
2255 3981 2584 4064 scriptori-

137 4082 634 4385 μοι
656 4126 676 4160 ,
724 4078 824 4163 qui
853 4078 1065 4143 eadem
1095 4078 1250 4141 fama
1281 4080 1603 4157 fruuntur,
1654 4079 1801 4142 ferri
1832 4078 2028 4157 solet,
2076 4080 2246 4160 quasi
2279 4102 2594 4164 nusquam

692 4443 787 4540 q
