2764 4738
120 4164 371 4272 ,ΙΙ-ι.

386 4278 441 4319 1¹.

525 404 648 471 156
1238 410 1405 471 SAT.
1438 411 1531 483 ΙΙΙ,
1564 415 1645 474 56
1681 445 1757 455 -
1790 415 1891 473 64.

523 581 775 640 homines
805 591 903 639 aut
931 582 1066 640 vitia
1094 582 1134 639 i.
1167 600 1221 643 e.
1263 593 1481 660 partem
1524 584 1843 652 sinistram,
1873 593 1970 640 aut
1997 582 2234 640 virtutes
2267 584 2302 639 i.
2334 601 2391 640 e.
2421 579 2557 640 dex-

523 676 664 724 tram
695 676 912 744 purtem
943 675 1315 745 sequnntur.“
1402 666 1615 729 Eadem
1663 666 1837 726 tradit
1873 664 2004 727 lsid.
2053 667 2255 744 Origg.
2290 664 2336 737 Ι,
2367 670 2426 729 3.
2467 668 2556 725 Cf.

523 752 691 812 ctiam
724 750 981 810 Lactant.
1014 752 1057 811 Ι.
1093 752 1160 810 D.
1192 753 1290 823 vl,
1323 757 1384 823 3,
1416 758 1455 816 6
1486 773 1610 833 sqq.
1699 753 1840 812 Hinc
1871 750 2238 831 explicandus
2269 762 2361 811 est
2389 755 2558 812 etium

522 839 699 896 nostri
730 837 885 895 locus
915 837 988 907 V,
1035 841 1115 898 34
1160 857 1245 916 sq.
1335 838 1474 896 Cum
1520 837 1752 898 Persius
1798 836 1999 896 dextro
2031 838 2205 896 limite
2235 848 2558 914 surgentem

523 921 720 979 callem
755 919 925 991 dicat,
958 932 1019 980 et
1061 925 1240 981 ceteri
1272 943 1495 1003 quoque
1526 922 1784 982 dextrum
1829 942 2041 982 ramum
2074 920 2305 981 arduum
2336 933 2559 991 vocent,

524 1008 802 1085 antiquior
848 1008 1073 1066 litterae
1117 1007 1170 1065 Y
1224 1009 1407 1067 forma
1452 1007 1757 1087 cogitanda
1802 1018 1893 1067 est
1938 1023 2011 1077 q,
2058 1007 2240 1087 qualis
2284 1009 2564 1086 reperitur

525 1111 577 1149 e.
607 1111 664 1168 g.
697 1093 750 1149 in
797 1093 1027 1150 vasculo
1070 1091 1352 1171 Agyllano
1401 1093 1669 1173 (Lepsius
1701 1094 1849 1153 Anu.
1898 1091 1952 1151 d.
1985 1093 2123 1151 lust.
2157 1092 2289 1152 XIII
2319 1113 2373 1171 p.
2410 1097 2559 1164 1863

524 1189 564 1234 t.
596 1175 659 1235 Β.
692 1176 899 1247 Franz,
931 1177 1155 1237 elemm.
1191 1180 1377 1255 epigr.
1413 1199 1502 1256 gr.
1533 1200 1588 1258 p.
1620 1184 1748 1250 22).
1798 1178 2140 1257 Quamquam
2183 1179 2356 1256 igitur
2384 1178 2562 1256 philo·

523 1261 756 1340 sophiae
788 1281 1016 1341 operam
1049 1260 1273 1332 dedisti,
1303 1265 1539 1343 eiusque
1571 1262 1757 1324 studio
1788 1262 1918 1343 quid
1953 1274 2171 1322 rectum
2203 1265 2298 1334 sit,
2329 1261 2561 1323 edoctus

524 1367 611 1417 es,
647 1357 833 1405 tamen
878 1349 1083 1406 stertis
1128 1359 1188 1407 et
1229 1349 1500 1408 besterna
1545 1349 1776 1427 crapula
1807 1350 2068 1408 oscitas?
2154 1348 2291 1407 Cum
2324 1349 2431 1407 hac
2461 1346 2561 1408 de·

524 1432 830 1510 scriptione
891 1433 1271 1510 crapulantiS,
1332 1455 1497 1513 quam
1545 1436 1740 1513 paucis
1788 1431 1890 1494 sed
1932 1435 2095 1492 nimis
2141 1435 2266 1492 fere
2323 1433 2562 1492 fortibus

524 1517 716 1577 verbis
748 1518 999 1576 confecit
1038 1517 1306 1590 Persius,
1354 1521 1537 1579 altera
1568 1519 1819 1595 Lyconis
1852 1529 2042 1597 potest
2070 1520 2391 1597 comparari
2418 1517 2563 1596 apud

523 1601 691 1661 liutil.
723 1601 867 1681 Lup.
898 1602 967 1673 ΙΙ,
999 1608 1062 1664 7.
1096 1606 1326 1662 Lautum
1357 1616 1560 1683 caput,
1595 1615 1654 1662 ut
1666 1607 1842 1685 flexa
1870 1605 2076 1662 cervia·
2090 1602 2236 1680 apud
2253 1603 2564 1681 Lyconem,

524 1707 801 1765 compage
834 1689 1024 1745 soluta
1052 1686 1225 1766 (quod
1255 1687 1324 1747 de
1357 1709 1498 1747 nave
1531 1688 1664 1748 dicit
1696 1688 1901 1749 Senec.
1934 1686 2007 1747 de
2038 1690 2123 1747 ira
2154 1688 2221 1759 II,
2262 1694 2362 1760 10)
2388 1731 2406 1759 ,
2438 1690 2563 1768 quia

522 1772 952 1831 temulentorum
981 1783 1138 1830 artus
1170 1772 1569 1845 dissolvuntur,
1598 1784 1657 1832 ut
1672 1773 1949 1851 aitLyco,
1981 1776 2203 1832 oscitat
2228 1774 2562 1833 hesternum

523 1867 600 1928 (v.
634 1855 704 1915 ad
735 1856 939 1930 1‚9o);
976 1859 1052 1916 cs.
1073 1859 1365 1917 Ciceronis
1401 1860 1564 1935 frgm.
1599 1878 1688 1918 or.
1724 1881 1781 1937 p.
1808 1857 1990 1916 Gallio
2024 1856 2195 1937 (apud
2212 1859 2403 1930 Quint.
2418 1860 2563 1928 VIII,

523 1946 584 2013 3,
615 1946 716 2004 66.
750 1943 821 2000 fr.
860 1947 888 2003 1
927 1962 980 2019 p.
1013 1946 1136 2003 454
1171 1942 1331 2016 Or.):
1362 1942 1660 2014 „Videbar
1689 1941 2263 2022 videre—quosdam
2296 1944 2568 2003 hesterna

524 2047 598 2086 ex
628 2029 916 2105 potatione
947 2029 1321 2087 oscitante5.“
1367 2028 1505 2087 Illud
1537 2030 1786 2088 oscitare
1803 2029 2125 2088 accuratius
2145 2029 2316 2086 etiam
2348 2027 2568 2088 descri-

523 2113 672 2171 bitur
716 2110 906 2170 addito
981 2114 1221 2170 dele-suuis·
1283 2116 1538 2192 undique
1581 2115 1783 2183 malis,
1844 2112 1990 2192 quod
2022 2116 2308 2190 ingentem
2342 2115 2461 2172 oris
2491 2116 2566 2172 ri-

522 2208 670 2257 ctum
701 2199 896 2275 pingit.
934 2231 1009 2241 —
1058 2199 1172 2255 Est
1187 2200 1417 2276 aliquid
1459 2219 1570 2276 quo
1601 2201 1825 2268 tendes,
1866 2219 1990 2256 num
2024 2210 2240 2257 certum
2272 2200 2566 2258 consilium

524 2283 743 2342 habes?
789 2284 874 2341 Cf.
912 2283 1048 2342 Seu.
1082 2281 1151 2341 de
1184 2286 1301 2341 vita
1342 2283 1513 2343 beata
1562 2290 1633 2346 12
1678 2283 2080 2353 „Decernatur
2127 2284 2321 2362 itaque
2366 2295 2567 2365 etque

523 2367 817 2428 tendamus
851 2379 911 2428 et
940 2376 1113 2448 qua.“
1201 2368 1375 2443 Quam
1410 2371 1746 2429 sententiam
1790 2369 2215 2447 comparatione
2257 2371 2506 2430 illustrat
2533 2392 2565 2428 a

520 2456 819 2514 venatione
850 2453 1161 2533 desumpta.
1254 2455 1443 2514 Utrum
1476 2458 1612 2525 scis,
1644 2476 1754 2534 quo
1785 2475 1988 2514 arcum
2018 2457 2285 2532 dirigas,
2333 2475 2405 2513 an
2438 2476 2568 2514 cor-

521 2559 654 2611 vos,
700 2559 837 2598 aves
884 2540 1130 2611 inutiles,
1170 2542 1435 2617 passim,
1484 2550 1544 2598 ut
1584 2541 1803 2599 obviam
1852 2541 1991 2599 liunt
2063 2543 2304 2618 (passim
2353 2543 2575 2618 vagari

522 2623 660 2685 Seu.
682 2624 885 2684 devita
913 2626 1084 2685 beata
1119 2631 1200 2696 1),
1232 2635 1380 2684 testa
1416 2628 1672 2704 lutoque,
1707 2635 1935 2703 arrepto
1967 2624 2226 2705 quidquid
2258 2627 2316 2683 in
2348 2647 2568 2685 manum

518 2713 693 2782 venit,
726 2712 1102 2788 insequens?
1133 2711 1505 2787 Comparatur
1518 2710 1794 2770 Graecum
1814 2711 2167 2791 proverbium
2184 2706 2257 2769 τὰ
2273 2708 2569 2787 πετόμενα

520 2788 785 2867 διώκειν,
817 2796 891 2856 cl'.
941 2796 1143 2854 Blomf.
1184 2796 1361 2874 gloss.
1407 2794 1623 2859 Aesch.
1668 2796 1874 2873 Agam.
1926 2800 2072 2858 385.
2120 2798 2414 2865 Securus,
2459 2817 2568 2854 non

519 2882 794 2941 sollicitus
829 2881 928 2955 (cs.
964 2880 1060 2951 Vl,
1097 2886 1173 2942 12
1205 2901 1293 2959 sq.
1326 2881 1461 2939 Hor.
1481 2901 1653 2940 carm.
1687 2881 1731 2951 Ι,
1762 2885 1865 2952 26,
1886 2886 2068 2959 5sq.)‚
2099 2901 2212 2959 quo
2236 2881 2567 2959 pes-serat,

518 2978 581 3027 ut
609 2968 707 3037 illi,
741 2968 858 3045 qui,
893 2976 951 3025 ut
983 2967 1061 3024 ait
1089 2966 1313 3025 Seneca
1347 2964 1443 3040 (de
1476 2978 1658 3046 tranq.
1692 2986 1782 3025 an.
1821 2972 1959 3037 12),
1991 2969 2113 3025 sine
2144 2969 2445 3044 proposito
2472 2987 2570 3025 va-

516 3063 741 3128 gantur,
775 3062 1113 3130 quaerentes
1145 3053 1372 3129 negotia
1393 3095 1410 3121 ‚
1453 3071 1560 3111 nec
1592 3071 1734 3132 quae
1768 3051 2195 3111 destinaverunt
2226 3063 2435 3130 agunt,
2467 3050 2573 3110 sed

519 3142 571 3196 iu
605 3158 747 3217 quae
794 3139 1172 3196 incurrerunt.
1262 3140 1362 3196 Ex
1413 3148 1669 3215 tempore
1701 3139 1877 3208 υιύιὶς,
1932 3138 2085 3196 nullo
2132 3147 2293 3196 certo
2327 3139 2568 3197 consilio

518 3221 787 3292 adhibito,
820 3233 880 3279 ut
911 3233 1126 3300 tempus
1160 3223 1293 3291 sert,
1325 3223 1403 3280 cl'.
1437 3221 1598 3281 Hand
1629 3223 1874 3281 Tursell.
1906 3223 1955 3281 11
1987 3243 2040 3300 p.
2075 3224 2217 3283 650.

685 3329 743 3367 v.
782 3311 932 3369 63-
952 3311 1052 3369 76.
1101 3308 1415 3366 Hellebori
1440 3310 1752 3387 utriusque,
1785 3305 2008 3366 candidi
2037 3317 2206 3386 atque
2237 3308 2411 3385 nigri,
2444 3327 2569 3366 eam

517 3413 650 3454 esse
683 3395 791 3451 vim
822 3391 959 3451 dicit
990 3391 1204 3451 Gellius
1238 3391 1440 3463 (XVII,
1478 3397 1603 3464 15),
1638 3404 1696 3451 ut
1727 3393 1990 3451 humores
2024 3394 2247 3462 noxios,
2279 3394 2336 3451 in
2369 3393 2571 3472 quibus

516 3497 725 3538 causae
774 3478 1090 3536 morborum
1137 3487 1296 3548 sunt,
1344 3478 1642 3550 extu-aban
1701 3480 1919 3556 nigrum
1981 3476 2308 3555 hydropicis
2353 3477 2571 3538 mederi

517 3563 687 3623 tradit
732 3562 941 3623 Plinius
991 3562 1202 3635 (XXV,
1257 3568 1315 3635 5,
1346 3568 1453 3635 22)
1503 3562 1900 3623 Dioscoridem
1949 3563 2071 3636 (IV,
2119 3567 2264 3634 151)
2312 3574 2568 3622 secutus.

515 3646 775 3728 Hydrops
808 3660 991 3707 autem
1011 3691 1028 3719 ,
1060 3667 1135 3706 ex
1164 3668 1274 3726 quo
1320 3650 1475 3707 σκιαὶ·
1503 3667 1694 3726 aegra
1726 3650 2029 3718 tumescit,
2063 3648 2188 3706 fieri
2219 3659 2416 3726 potest
2448 3649 2569 3707 lon-

514 3755 641 3811 gus,
674 3744 822 3793 teste
856 3734 1022 3795 Celso
1054 3732 1175 3806 (III,
1206 3738 1346 3805 21),
1377 3735 1484 3792 nisi
1515 3736 1710 3811 primis
1742 3732 1940 3793 diebus
1970 3734 2359 3804 succurritur,
2391 3754 2569 3813 qnare

517 3822 605 3878 liic
637 3839 776 3897 prae
822 3821 1030 3878 ceteris
1082 3820 1235 3879 valet
1281 3819 1377 3878 illa
1420 3839 1452 3878 e
1486 3838 1550 3877 re
1595 3830 1728 3877 nata
1777 3830 1947 3898 atque
1995 3819 2220 3876 multum
2272 3820 2573 3878 celebrata

516 3906 830 3971 sententia,
892 3907 1150 3963 venienti
1186 3924 1502 3963 occurrere
1558 3906 1798 3976 morb03
1854 3904 1931 3962 cl'.
1979 3904 2237 3980 Theogn.
2293 3908 2424 3966 435
2484 3925 2569 3984 sq.

518 3994 704 4062 (1133
739 3995 874 4068 sq.),
905 3987 999 4048 ubi
1031 3987 1233 4048 similia
1264 3990 1601 4067 subscripsit
1625 3989 1928 4049 Welcker.
1966 3987 2124 4048 ovid.
2159 4007 2299 4048 rem.
2331 3993 2564 4051 am.91.

515 4074 674 4149 Quod
710 4078 757 4135 si
792 4076 1024 4146 seceris,
1058 4074 1191 4134 nihil
1224 4095 1364 4155 opus
1394 4086 1487 4135 est
1517 4073 1883 4148 medicorum,
1914 4086 1972 4134 ut
2002 4076 2082 4133 ait
2114 4073 2341 4134 Seneca
2376 4076 2563 4148 (brev.

586 4458 751 4583 N
