2764 4738
35 4347 190 4398 Ἡ

457 408 586 480 m
935 410 1200 476 Senot..
1238 412 1347 475 An
1393 410 1561 474 SAT.
1591 412 1688 489 111.
1718 415 2019 478 39—47.

455 586 693 666 sophum
737 587 940 659 torsit,
999 605 1162 667 quem
1205 585 1518 666 Dionysius
1561 598 1835 667 tyrannus
1875 603 2015 665 opus
2057 594 2119 645 et
2162 584 2498 645 felicitatem

454 674 785 744 mirantem,
857 672 1113 733 invitavit
1167 669 1237 731 ad
1282 691 1552 742 coenam,
1611 672 1985 751 oppositoque
2028 681 2301 750 apparatu
2345 672 2504 730 omni

454 777 581 818 eum
624 759 843 836 magnis
886 758 1068 838 epulis
1112 758 1225 815 l'rui
1266 759 1464 831 iussit,
1514 754 1615 817 sed
1643 759 1753 828 ita,
1793 766 1856 815 ut
1882 753 2104 834 gladius
2133 757 2336 834 ligatus
2368 766 2503 815 seta

454 862 530 903 ex
558 842 918 924 laquearibus
950 862 1123 923 supra
1151 843 1412 903 eervices
1444 844 1567 902 eins
1596 840 1909 922 penderet,
1954 861 2119 922 quam
2160 852 2503 921 torquentur

453 927 770 990 huiusmodi
799 929 917 986 suis
949 928 1420 1006 cogitationibus,
1451 948 1577 988 cum
1609 947 1674 987 se
1704 924 1891 1006 decipi
1923 927 2277 1006 intelligunt,
2308 947 2500 1007 neque

453 1025 643 1074 tamen
687 1014 981 1091 corrigunt
1020 1024 1080 1073 et
1120 1012 1268 1094 apud
1311 1033 1377 1073 se
1421 1014 1498 1073 its
1528 1023 1903 1084 murmurant,
1947 1024 2007 1072 ut
2033 1032 2141 1072 nec
2172 1013 2336 1072 uxori
2365 1032 2501 1073 cre·

456 1097 626 1171 dant,
667 1110 732 1158 ut
773 1109 1056 1159 secretum
1099 1118 1295 1159 eorum
1338 1117 1411 1158 ea
1439 1099 1692 1171 nesciet,
1737 1117 1883 1177 quae
1914 1099 2065 1158 scire
2097 1096 2325 1157 debeat.

455 1184 596 1245 Item
645 1186 815 1260 Quod
848 1185 1128 1263 proxima
1170 1185 1403 1244 nesctht
1441 1203 1631 1244 ποτε
1698 1183 1886 1255 Uxor,
1942 1184 2152 1263 inquit,
2208 1202 2355 1263 qnae
2401 1195 2503 1243 est

457 1267 752 1351 proxima,
800 1271 839 1329 i.
871 1289 930 1329 e.
964 1289 1207 1348 corpore
1238 1267 1520 1329 adiuncta.
1690 1271 1851 1329 Imus
1865 1312 1890 1340 ,
1937 1270 2084 1328 huus
2106 1270 2504 1348 praecipites.

459 1353 753 1430 Quomodo
781 1355 914 1426 ille,
956 1355 1050 1435 qui
1080 1355 1186 1413 sibi
1215 1355 1322 1414 soli
1350 1352 1487 1414 dicit
1515 1355 1650 1414 vitia
1679 1374 1814 1427 sua,
1855 1365 1917 1414 et
1945 1374 2017 1415 ne
2048 1354 2337 1433 culpetur,
2382 1373 2503 1413 non

455 1441 578 1502 vult
621 1459 694 1500 ea
736 1436 1018 1519 pandere,
1063 1440 1179 1512 ita,
1235 1450 1296 1500 ut
1339 1441 1504 1500 uxori
1544 1439 1657 1500 boc
1701 1451 1989 1500 secretum
2029 1438 2376 1511 abscondet,
2437 1449 2503 1499 et

453 1521 669 1586 tantum
699 1535 1046 1585 *tormentum
1094 1526 1263 1585 animi
1301 1545 1427 1585 cum
1483 1526 1710 1586 silentio
1757 1527 2021 1585 sustinet.
2213 1528 2399 1602 Quam
2441 1528 2508 1584 si

407 1672 410 1679 ,
455 1613 580 1673 sibe·
615 1612 813 1682 dicae,
884 1630 995 1669 non
1045 1611 1240 1671 furore
1284 1611 1645 1691 compulsus,
1704 1608 1808 1670 sed
1864 1611 2091 1671 interna
2146 1610 2503 1672 conscientia

459 1698 654 1758 furtim
689 1695 1087 1755 obmurmuret.

629 1802 736 1860 44.
784 1799 977 1877 Saepe
1006 1790 1204 1858 oculos
1234 1799 1483 1858 memini.
1532 1795 1749 1858 Sensus
1779 1808 1903 1859 est:
1949 1797 2035 1859 Tu
2067 1811 2287 1871 autem,
2334 1799 2500 1859 cuius

460 1880 732 1943 desidiam
778 1894 839 1943 et
879 1885 1137 1944 inertiam
1182 1884 1380 1963 culpo,
1435 1903 1548 1942 non
1590 1892 1758 1962 potes
1805 1894 1901 1945 tua
1946 1886 2177 1944 crimina
2218 1885 2501 1964 pueritiae

459 1970 626 2029 venia
657 1970 947 2047 refugere.
997 1969 1204 2029 Omnes
1235 1967 1457 2049 quidem
1489 1971 1801 2048 sapientiae
1836 1981 2072 2050 propter
2100 1971 2305 2030 aetatis
2337 1971 2507 2049 igno-

458 2055 697 2114 rantiam
728 2054 973 2134 pueriles
1005 2053 1166 2114 ludos
1197 2056 1626 2134 praeponimus:
1673 2067 1731 2114 tu
1772 2076 1909 2116 vero
1938 2057 2048 2115 lam
2078 2068 2244 2137 potes
2275 2065 2336 2116 ct
2364 2056 2507 2115 vitia

459 2159 675 2200 morum
722 2141 1048 2219 corripere,
1107 2150 1166 2200 et
1221 2142 1551 2219 sapientiam
1609 2161 1963 2219 cognoscere
1982 2186 1999 2214 ,
2061 2153 2121 2202 et
2161 2143 2310 2203 vitae
2353 2142 2506 2201 viam

460 2225 751 2287 meliorem
781 2223 1073 2304 indagare.
1140 2226 1216 2285 Et
1244 2237 1539 2286 enumerat
1578 2246 1722 2307 quae
1753 2246 1897 2307 puer
1926 2228 2095 2299 fecit,
2127 2247 2198 2287 ne
2230 2226 2302 2287 ad
2331 2227 2507 2287 scho-

458 2311 571 2373 lam
614 2312 750 2371 iret.
841 2317 869 2349 *
897 2312 1202 2386 Merito,
1257 2314 1527 2394 inquit,
1582 2313 1752 2372 mihi
1810 2311 2334 2394 lippitudinem
2389 2333 2506 2374 ac·-

433 2397 897 2470 *cei-sebam,
960 2419 1043 2458 ne
1088 2398 1402 2458 Catonis
1454 2396 2038 2460 deliberativam
2085 2401 2506 2460 orationem

460 2485 908 2556 recitarem,
969 2495 1207 2544 utrum
1268 2495 1733 2558 moreretur,
1791 2506 1878 2545 nn
1936 2506 2104 2544 ιιοιι·
2165 2497 2291 2545 aut
2351 2487 2507 2566 qni-

461 2568 593 2628 bus
647 2569 904 2628 verbis
965 2571 1073 2628 uti
1130 2571 1411 2648 potuit,
1473 2589 1621 2636 cum
1672 2590 1750 2630 se
1796 2568 2232 2630 destinaret
2272 2573 2507 2631 inter-

462 2654 744 2714 ficere.
768 2652 797 2681 *
883 2655 1043 2715 Oculi
1087 2666 1273 2714 autem
1327 2656 1458 2715 oleo
1498 2656 1635 2715 tacti
1680 2657 2083 2735 perturbantur
2125 2633 2237 2716 ad
2258 2668 2507 2736 tempus,

461 2750 525 2801 et
566 2749 754 2798 tamen
799 2749 1134 2799 tormentum
1178 2740 1286 2800 hoc
1331 2760 1457 2800 cum
1502 2742 1724 2801 silentio
1769 2742 2117 2815 sustinebat,
2161 2752 2224 2800 ut
2262 2744 2505 2802 turbatis

461 2824 643 2884 oculis
690 2821 763 2883 ad
807 2826 1059 2884 scholam
1104 2846 1212 2884 non
1245 2827 1376 2886 iret.
1441 2826 1618 2897 Quasi
1647 2825 1859 2887 divisus
1892 2847 2096 2887 sensus
2127 2846 2161 2886 a
2194 2830 2508 2907 superiori-

460 2909 567 2969 bus
599 2920 708 2970 est.
774 2908 889 2969 Sed
922 2931 993 2970 eo
1024 2909 1333 2990 respondet
1362 2931 1397 2970 a
1425 2913 1671 2990 pueritia
1701 2932 1804 2972 eos
1836 2932 2097 2971 aversum
2129 2912 2199 2971 ab
2231 2912 2507 2973 eruditio-

460 3015 536 3055 ne
581 2995 795 3054 habere
841 2997 1103 3056 animum.
1177 2996 1409 3055 Poetico
1451 3009 1637 3057 autem
1687 3017 1843 3058 more
1874 2998 2033 3058 finxit
2070 2997 2217 3057 hunc
2250 3019 2505 3061 sensnm.

461 3078 670 3139 Merito
701 3081 831 3139 mihi
863 3081 1231 3142 accersebam
1263 3081 1679 3162 lippitudinem:
1723 3082 1781 3142 id
1811 3085 1958 3143 enim
1989 3084 2118 3142 mibi
2149 3085 2508 3163 potissimum

463 3176 625 3239 erat,
685 3166 814 3225 talis
861 3164 1056 3227 ludere
1106 3178 1167 3226 et
1222 3169 1329 3225 vim
1374 3168 1812 3249 uniuscuiusque
1860 3189 2027 3228 casus
2072 3189 2279 3240 nosse,
2346 3181 2405 3230 et
2447 3171 2508 3228 in

465 3251 667 3311 collum
712 3271 883 3311 orcae
929 3271 1105 3311 nuces
1150 3254 1403 3324 iactare,
1458 3264 1518 3313 ct
1560 3254 1813 3314 turbines
1859 3254 2172 3334 flagellare.
2244 3255 2321 3313 Et
2373 3256 2506 3316 binc

464 3334 632 3410 dicit,
675 3337 873 3417 quibus
905 3335 1082 3397 modis
1111 3337 1356 3416 pueritia
1388 3338 1639 3398 evitabat
1669 3338 1871 3399 studia.

634 3460 739 3519 46.
770 3459 988 3516 Insano
1016 3459 1342 3535 magistro,
1375 3455 1433 3516 id
1464 3469 1555 3517 est
1585 3459 1746 3518 nimis
1777 3476 1916 3516 sano
1936 3501 1954 3530 ,
1998 3470 2059 3517 ut
2089 3469 2177 3517 est
2205 3456 2339 3517 illud
2367 3458 2506 3535 Vir-

464 3541 585 3622 gilii
608 3548 660 3600 1,
721 3544 989 3606 theanum
1020 3551 1209 3601 vatem
1241 3544 1493 3623 aspicies
1512 3588 1530 3615 ,
1578 3563 1682 3623 pro
1728 3541 1890 3604 valde
1921 3564 2137 3602 sanam.
2193 3542 2311 3603 Aut
2342 3556 2507 3605 certe

467 3629 675 3687 insano
692 3670 714 3699 ‚
760 3628 854 3707 qui
883 3625 1284 3706 discipulorum
1327 3648 1554 3688 suorum
1585 3630 1837 3689 carmina
1865 3627 2161 3702 laudabat,
2204 3648 2330 3689 cum
2361 3630 2509 3690 alio-

465 3731 590 3774 rum
620 3709 945 3773 debuerant
974 3711 1184 3772 iudicio
1223 3713 1600 3793 comprobari.

507 3918 580 3976 u
621 3835 736 3977 37.
784 3833 949 3908 Quae
984 3842 1168 3912 patet·
1205 3835 1468 3906 sudam,
1513 3831 1572 3893 id
1616 3844 1710 3896 est
1748 3834 2024 3896 sollicitus
2052 3830 2123 3893 de
2151 3851 2255 3925 spe
2284 3833 2383 3894 filii
2412 3853 2510 3896 re-

469 3936 524 3977 ci
583 3936 618 3975 n
666 3936 694 3975 s

474 4102 501 4155 1
539 4101 687 4170 Virss.
726 4102 855 4156 Aen.
895 4100 983 4170 111,
1019 4102 1140 4157 443.

195 4401 668 4640 Ἄ
