2764 4738
668 434 933 497 sefloL.
964 433 1070 499 AD
1119 435 1291 499 SAT.
1327 439 1372 513 1,
1408 441 1792 503 115—120.
2123 436 2252 504 275

202 601 330 664 dem
361 607 585 665 numeri
616 608 861 667 molares
893 605 1072 668 ultimi
1117 609 1175 666 in
1205 610 1462 690 utrisque
1492 610 1769 681 maxillis,
1815 610 1908 690 qui
1936 622 2068 689 post
2096 613 2253 672 vice-

203 692 403 750 simum
436 711 639 751 aunum
671 704 1010 752 accrescunt
1053 703 1114 751 et
1162 705 1367 773 sponte
1399 706 1728 755 nascuntur.
1802 695 2012 755 Urbem
2062 708 2248 757 autent

200 774 333 835 ideo
364 775 506 836 dixit
533 780 757 849 seeuzsst
804 780 934 858 quia
980 778 1158 838 tribus
1190 800 1388 841 omnes
1418 783 1650 860 triginta
1681 782 1924 860 quinque
1957 781 2251 855 laceravit,

201 879 279 921 ex
307 861 511 942 quibus
543 863 676 922 urbs
717 873 837 922 tota
880 874 1122 923 constat.

382 950 525 1010 116
578 951 756 1007 Omne
798 948 972 1027 vafer
1014 951 1241 1008 v1‘'.ttam
1299 946 1566 1008 Horatius
1597 948 1835 1009 Flaccus
1867 969 1977 1008 non
2009 970 2132 1009 cum
2164 951 2251 1009 in-

195 1033 500 1104 vectione,
545 1043 607 1092 ut
633 1032 920 1105 Lucilius,
954 1033 1232 1093 bominum
1262 1034 1400 1093 vitia
1426 1036 1762 1112 castigavit,
1806 1034 1908 1094 sed
1942 1046 2003 1094 ut
2032 1033 2249 1095 rideret

198 1126 262 1176 et
301 1119 387 1188 is,
435 1120 528 1195 qui
574 1117 1011 1192 emendabatur,
1057 1121 1306 1199 quamvis
1348 1120 1502 1179 circa
1547 1122 1768 1179 viscera
1815 1120 1938 1180 eius
1986 1118 2248 1180 medendi

198 1213 508 1280 praecepta
549 1216 884 1276 versentur,
930 1206 1010 1263 ita
1053 1215 1115 1264 ut
1157 1205 1355 1274 amici,
1402 1205 1494 1283 qui
1541 1224 1666 1265 eum
1713 1204 1969 1264 audirent
1998 1208 2247 1265 recitau-

196 1297 351 1358 tem,
398 1299 664 1366 putarent
705 1309 815 1348 uon
856 1291 1011 1368 tangi
1055 1291 1191 1349 vitia
1233 1308 1451 1350 eorum.
1517 1288 1736 1350 Deinde
1781 1311 1905 1350 cum
1937 1290 2088 1351 dicta
2118 1291 2246 1352 dili·

197 1374 427 1450 gentius
488 1373 633 1453 apud
686 1393 751 1434 se
803 1385 1256 1453 pertractarent,
1319 1371 1580 1434 viderunt
1622 1376 1758 1436 vitia
1799 1395 1901 1435 sua
1945 1396 2049 1455 per
2091 1378 2244 1437 illum

193 1456 513 1538 descripta.
587 1459 804 1519 Tamen
849 1458 1071 1520 laudent
1116 1463 1241 1521 eins
1285 1458 1592 1520 lacerando
1632 1463 1887 1522 minuere
1930 1464 2087 1542 passi
2129 1483 2241 1523 non

196 1554 350 1603 sunt.

374 1633 516 1691 118.
569 1630 836 1689 Callidus
877 1649 1124 1690 excusso
1162 1630 1487 1710 populum,
1533 1631 1719 1690 sciens
1749 1631 2009 1710 populum
2041 1652 2243 1692 secuu-

194 1710 324 1772 dum
372 1715 662 1774 arbitrium
707 1735 866 1775 suum
899 1726 1172 1777 tractare.
1237 1718 1507 1775 Excusso
1536 1734 1717 1785 nasu,
1763 1728 2058 1789 emuncto,
2093 1719 2240 1779 uude

194 1799 530 1877 intelligitur
581 1799 876 1879 prudenti,
929 1813 991 1860 ut
1039 1820 1073 1861 e
1119 1804 1408 1862 contrario
1455 1801 1550 1879 qui
1590 1801 1769 1860 stulti
1806 1814 1967 1873 suut,
2023 1806 2248 1873 mucosi

194 1881 492 1956 dicuntur,
547 1888 625 1945 ita
674 1888 1003 1965 prudentes
1064 1888 1334 1946 emuncti.
1425 1885 1692 1945 Horatius
1752 1886 1993 1947 Flaccus
2052 1889 2239 1949 subtili

193 1971 457 2030 oratione
489 1989 626 2042 cos,
659 1971 858 2051 quibus
890 1973 1185 2044 recitavit,
1228 1970 1541 2031 lacerabat.
1631 1994 1640 2005 ·

375 2059 514 2118 119.
559 2055 722 2116 Men'
764 2059 978 2117 mutire
1008 2057 1226 2137 nefas?
1283 2057 1404 2117 Hoc
1450 2054 1621 2116 dixit:
1667 2056 1918 2118 Lucilius
1961 2059 2107 2119 liber
2134 2079 2239 2119 re·

191 2138 497 2219 prehendit
525 2143 688 2214 alios,
720 2154 780 2202 et
811 2142 1112 2219 Horatius:
1165 2142 1294 2202 mibi
1325 2154 1514 2202 autem
1546 2142 1752 2222 aliquid
1784 2145 1982 2204 mutire
2014 2146 2234 2205 nimium

191 2229 327 2285 est?
374 2225 816 2289 Proverbialiter
844 2226 1115 2287 dicimus:
1160 2230 1422 2287 Muttum
1450 2229 1678 2287 nullum
1707 2231 2005 2302 emiseris,
2040 2228 2094 2289 id
2125 2242 2235 2304 est,

187 2312 448 2373 verbum.
666 2314 797 2373 Nec
842 2315 1030 2384 clam,
1074 2312 1131 2373 id
1160 2324 1284 2387 est,
1327 2333 1438 2372 uon
1470 2315 1714 2374 occulte.
1770 2315 1855 2375 Ita
1886 2314 2092 2376 dictum
2124 2326 2236 2390 est,

190 2408 253 2456 ut
284 2400 333 2457 si
363 2396 632 2459 dixisset:
678 2399 823 2458 men'
847 2403 1091 2460 muttire
1118 2399 1292 2479 nefas
1317 2419 1426 2459 nee
1458 2401 1647 2471 elam,
1694 2419 1806 2461 nee
1826 2421 1953 2460 eum
1983 2403 2189 2461 scrobe
2207 2407 2238 2462 ?

189 2484 321 2542 Nec
361 2503 491 2543 eunt
526 2485 750 2543 scrobe.
813 2484 1102 2546 *Mida-e
1133 2486 1547 2545 historiam
1584 2488 1858 2563 tangit,
1904 2507 2089 2566 quae
2136 2500 2235 2547 ta-

191 2568 290 2629 lis
321 2570 499 2629 ean*
555 2568 708 2629 Mida
750 2589 855 2629 rex
899 2570 1116 2650 Lydiae
1150 2572 1287 2638 fuit,
1334 2572 1595 2648 cognitor
1624 2568 1904 2630 adbibitus
1934 2592 1968 2630 a
2001 2571 2235 2653 Marsya

191 2665 254 2714 et
294 2654 558 2733 Apolline
604 2654 1029 2716 decertantibus
1073 2658 1225 2717 iuter
1268 2675 1367 2727 se,
1430 2674 1660 2735 quorum
1720 2654 1908 2716 audita
1950 2658 2234 2719 cantilena

188 2743 523 2819 praeposuit
563 2739 871 2821 Marsyam.
943 2740 1126 2801 Iratus
1174 2741 1382 2821 Apollo
1439 2741 1724 2799 damnavit
1776 2742 1900 2801 eius
1944 2742 2231 2802 stultitiam

188 2827 419 2885 auribus
480 2826 745 2897 asininis,
820 2844 959 2906 quas
1019 2826 1091 2886 ab
1150 2828 1391 2886 omnium
1439 2836 1674 2905 aspectu
1718 2846 1930 2885 corona
1972 2829 2232 2906 imposita

185 2910 544 2989 prohibebat.
591 2910 736 2971 Dum
769 2909 1103 2971 tonderetur
1130 2924 1314 2974 autem
1347 2932 1381 2971 a
1414 2932 1519 2971 suo
1552 2911 1754 2970 liberto
1797 2923 2065 2985 tonsore,
2112 2933 2232 2974 me·-

186 3006 355 3055 tuens
387 2996 496 3056 boc
527 2997 599 3056 ab
629 3017 701 3057 eo
731 2994 1042 3074 divulgari,
1074 2997 1127 3058 ei
1159 3017 1401 3077 poenam
1431 2997 1712 3077 imposuit.
1783 2997 1918 3056 Cum
1950 2999 2230 3059 silentium

187 3101 413 3161 quoque
459 3084 608 3141 intra
651 3100 716 3141 se
759 3084 1052 3142 continere
1100 3104 1209 3142 non
1256 3094 1492 3161 posset,
1537 3081 1799 3142 scrobem
1844 3082 2014 3156 fecit,
2062 3087 2232 3145 etita

186 3166 336 3246 qnod
378 3165 635 3239 viderat,
680 3167 826 3226 intus
856 3169 1122 3228 narravit.
1185 3169 1244 3229 Iu
1288 3187 1400 3249 qua
1445 3178 1577 3226 nata
1621 3178 1714 3228 est
1742 3187 2078 3240 canna,e1
2120 3189 2231 3251 qua

184 3262 453 3331 pastores
485 3254 750 3312 fecerunt
777 3253 1055 3325 fistulam,
1100 3265 1162 3312 et
1207 3274 1329 3313 eum
1362 3256 1469 3333 ipsi
1500 3250 1710 3333 aliquid
1740 3265 1971 3313 cantare
2000 3255 2229 3327 vellent,

184 3338 371 3396 fistula
414 3339 661 3397 tonsoris
706 3337 883 3398 verba
926 3339 1224 3410 narrabat,
1266 3339 1321 3398 id
1366 3351 1488 3399 est:
1554 3339 1725 3398 Mula
1768 3359 1882 3398 rex
1919 3342 2228 3401 auriculas

186 3423 350 3481 asim
384 3424 577 3483 habet.
641 3421 806 3495 Quod
850 3435 1033 3484 autem
1078 3436 1269 3484 terrae
1316 3423 1621 3484 seminibus
1653 3425 1987 3483 inculcatum
2019 3424 2226 3498 filet-at,

182 3508 295 3567 hoc
324 3508 503 3587 ipsum
535 3528 714 3568 canna
747 3509 1030 3568 cantabat.
1088 3510 1211 3569 Hoc
1241 3528 1384 3588 crgo
1412 3508 1644 3568 Persius
1684 3507 1852 3569 dicit:
1908 3509 2034 3570 Nec
2077 3511 2226 3571 illius

181 3611 344 3652 more
388 3595 638 3654 tonsoris
686 3593 829 3652 clam
873 3595 1069 3654 licebit
1106 3613 1284 3675 super
1327 3595 1589 3655 scrobem
1630 3595 1884 3673 garrire,
1933 3598 2060 3676 quia
2091 3596 2227 3656 mihi

181 3699 294 3739 non
327 3679 465 3738 licet
491 3689 691 3760 aperte
722 3699 826 3739 uec
856 3680 998 3738 clam
1029 3679 1529 3761 conquestionibus
1559 3681 1659 3739 uti.

361 3768 501 3828 120.
554 3767 668 3824 Hic
694 3776 886 3824 tamen
916 3764 1200 3844 infodiam
1221 3810 1238 3837 ,
1289 3778 1351 3826 ut
1378 3764 1525 3846 quod
1556 3766 1652 3825 ille
1684 3766 1871 3825 scrobi
1904 3766 2224 3826 insusurra-

181 3850 291 3920 vit,
340 3870 452 3928 ego
486 3850 617 3921 tibi,
663 3850 852 3909 libello
884 3870 1042 3923 meo,
1102 3850 1401 3923 infodiam,
1464 3851 1519 3910 id
1550 3861 1642 3910 est
1681 3853 2017 3911 committam
2050 3863 2109 3911 et
2137 3854 2224 3911 iu-

181 3935 463 4006 scribam,
513 3935 603 3995 vel
633 3936 892 4014 incipiam
923 3935 992 3994 ad
1025 3937 1222 3997 librum
1254 3956 1436 3996 meum
1468 3935 1695 3996 dicere:
1755 3938 1802 3995 0
1832 3939 2054 4009 libelle,
2104 3939 2232 3997 vide·

181 4022 443 4080 homines
469 4023 686 4080 stultos
728 4023 786 4080 2‘n
835 4022 947 4080 hac
986 4023 1243 4082 civitate.
1306 4022 1385 4082 Et
1413 4020 1616 4083 dicitur
1645 4020 1929 4082 Neronem
1963 4034 2024 4083 et
2054 4024 2222 4082 Clau-

179 4103 329 4167 dium
361 4107 624 4186 tetigisse
656 4107 759 4167 sub
790 4106 1065 4186 allegoria
1092 4106 1282 4170 Midae
1301 4151 1320 4183 ,
1369 4109 1464 4189 qui
1508 4110 1979 4255 auresitgtximas
2010 4108 2223 4168 babue-
