2764 4738
838 403 1570 469 PROLEGOMENA.
2064 428 2222 469 ιιιιι

174 588 238 642 ut
275 576 567 659 antiquos
611 585 844 640 tantum
883 576 1315 654 aestimarent,
1363 586 1427 639 et
1465 574 1653 661 prisci
1692 574 1980 659 temporis
2020 585 2225 641 veter·

175 701 311 744 uun
344 679 527 744 unice
557 689 856 743 amarent.
902 681 1109 761 Atque
1136 680 1199 742 iu
1230 679 1337 743 tali
1364 688 1680 763 poetarum
1711 688 2041 762 proventu,
2090 699 2222 742 cum

174 782 445 866 quotidie
493 802 657 846 nova
708 782 1165 865 proferrentur,
1225 801 1351 844 uon
1397 781 1591 865 potuit
1632 780 1942 863 quisquam
1985 780 2224 845 laudem

173 904 428 970 sperare
458 883 617 967 apud
648 902 791 962 eos,
837 882 940 966 qui
966 882 1208 948 luxurie
1239 882 1415 947 nimis
1444 884 1562 946 iam
1603 882 1807 947 satiati
1850 893 2063 959 erant,
2109 884 2226 948 nisi

173 986 449 1050 inaudita
490 995 882 1070 procrearet,
943 984 1155 1066 quibus
1211 994 1526 1068 torpentes
1582 985 1819 1048 animos
1873 985 2223 1049 suscitaret.

174 1087 425 1152 Etenim
456 1087 597 1169 quid
627 1107 837 1151 verum
869 1097 1034 1151 esset
1065 1098 1127 1151 et
1169 1087 1537 1171 ingenuum,
1585 1105 1764 1150 nemo
1810 1086 1929 1149 iam
1973 1106 2227 1169 quaere·

176 1190 301 1253 bat.
338 1187 504 1252 Nam
535 1198 602 1251 ut
630 1208 850 1273 corpus
882 1188 1063 1253 nimia
1095 1189 1343 1253 libidine
1378 1197 1441 1253 et
1470 1187 1716 1252 mollitie
1749 1188 1963 1253 diffluit
1990 1200 2056 1254 et
2083 1201 2227 1254 ante

178 1302 417 1376 tempus
456 1291 760 1368 senescit,
820 1290 907 1354 ita
949 1292 1134 1355 animi
1192 1311 1426 1374 qnoque
1485 1291 1661 1355 fracti
1715 1301 1893 1372 atque
1952 1292 2228 1357 enervati

177 1391 555 1478 spernebant
592 1391 791 1455 virilia
830 1403 895 1457 et
935 1392 1224 1471 robusta,
1270 1393 1347 1455 ad
1391 1392 1593 1457 mollia
1637 1402 1867 1456 tautum
1911 1404 1974 1456 et
2001 1394 2231 1458 effemi-

180 1506 327 1558 nata
358 1493 618 1577 tuipiter
647 1493 1054 1558 exsultantes.
1117 1491 1331 1577 Itaque
1375 1494 1515 1557 buic
1561 1503 1682 1557 tam
1715 1504 1999 1578 corrupto
2031 1494 2232 1579 popuii

177 1595 405 1659 iudicio
450 1595 666 1677 quovis
708 1594 886 1659 modo
930 1595 1428 1675 blandiebantur,
1474 1593 1574 1680 qui
1604 1594 1970 1660 carminibus
2015 1617 2232 1661 vanam

181 1697 442 1782 gloriam
486 1696 885 1773 affectabant,
917 1718 1171 1779 quorum
1202 1697 1366 1763 nullo
1415 1698 1530 1761 deo
1562 1695 1800 1761 calebat
1841 1709 2049 1782 pectus
2069 1744 2088 1775 ,
2121 1718 2233 1763 nec

182 1818 334 1863 vero
376 1800 604 1883 impetu
647 1797 1036 1882 agitabantur
1078 1809 1184 1865 aut
1237 1801 1464 1864 serium
1523 1800 1786 1865 studium
1844 1799 2228 1878 adhibebant,

181 1903 291 1968 sed
337 1920 577 1966 omnem
620 1920 825 1963 curam
870 1901 935 1964 iu
979 1922 1054 1966 ea
1095 1923 1166 1967 re
1212 1902 1558 1987 ponebant,
1608 1912 1674 1965 ut
1726 1902 2008 1967 versibus
2053 1904 2233 1968 luxu-

181 2007 381 2070 riante
427 2017 561 2071 arte
607 2002 954 2091 compositis
1000 2005 1203 2089 populi
1246 2004 1456 2068 laudes
1501 2015 2011 2088 assequerentur,
2060 2006 2234 2070 cuius

184 2127 363 2172 aures
395 2108 566 2173 vocis
596 2109 924 2174 artificiosa
955 2106 1273 2171 dulcedine
1306 2115 1368 2170 et
1410 2106 1816 2171 modulatione
1864 2108 2230 2185 delenirent,

185 2210 443 2294 denique
484 2212 694 2275 oculos
739 2228 972 2294 quoque
1015 2210 1294 2294 specioso
1337 2209 1616 2295 corporis
1660 2220 1881 2274 ornatu
1925 2219 2233 2294 caperent.

185 2310 344 2396 Quid
386 2314 549 2396 quod
593 2313 895 2400 corruptis
941 2312 1209 2379 moribus
1255 2311 1410 2396 turpi
1458 2323 1522 2376 et
1559 2312 1634 2377 ad
1689 2312 1998 2378 libidinem
2045 2331 2235 2397 nsque

185 2416 533 2480 effeminata
571 2416 823 2480 mollitie
853 2417 1158 2480 assentari
1188 2437 1313 2479 uon
1344 2415 1810 2495 erubescebant,
1854 2434 2050 2499 neque
2081 2415 2236 2479 adeo

186 2518 359 2583 donis
389 2518 665 2603 plausum
697 2518 811 2582 sibi
842 2537 1046 2583 emere
1080 2517 1589 2603 dedignabantur.
1650 2516 1864 2584 Talem
1896 2519 2236 2584 litterarum

188 2620 603 2685 conditionem
636 2621 884 2706 egregia
917 2620 1324 2704 descriptione
1357 2616 1608 2686 Persius
1639 2631 1779 2685 ante
1822 2620 2032 2685 oculos
2062 2620 2240 2684 uobis

185 2723 391 2809 ponit,
442 2733 510 2786 et
551 2733 673 2786 tam
718 2722 916 2807 populi
963 2732 1310 2807 corruptum
1357 2721 1678 2799 iudicium,
1726 2743 1842 2806 quo
1884 2723 2134 2806 indigna
2178 2732 2242 2785 et

186 2846 373 2910 prava
421 2824 583 2908 tuipi
631 2834 694 2889 et
737 2824 975 2888 abiecto
1018 2825 1228 2907 plausu
1269 2823 1653 2907 excipiebat,
1711 2845 1886 2908 quam
1928 2834 2239 2908 poetarum

188 2946 545 3012 perversum
563 2927 849 3005 studium,
878 2926 1406 3010 quiimperitorum
1437 2926 1671 2990 laudem
1703 2927 1904 3010 magni
1935 2925 2244 2990 faciebant

190 3040 255 3093 et
308 3028 576 3093 sollicite
624 3028 980 3112 captabant,
1043 3027 1264 3094 acerbe
1309 3029 1608 3113 castigat,
1684 3040 1749 3094 et
1805 3030 1966 3093 ridet
2025 3049 2242 3092 vanam

192 3130 540 3195 iactantiam
560 3177 579 3208 ,
629 3151 745 3213 qua
775 3131 1053 3213 quicquid
1081 3131 1500 3214 susciperent,
1537 3131 1788 3215 grandia
1812 3140 1831 3174 ¹
1863 3132 2244 3216 perfecturos

192 3253 261 3297 se
296 3232 616 3317 putabant,
667 3244 728 3296 et
755 3254 1043 3298 versuum
1073 3232 1335 3296 molliter
1374 3231 1926 3318 componendorum
1956 3232 2243 3297 facultate

197 3345 258 3399 et
286 3335 551 3400 artificio
585 3333 1035 3419 gloriabantur,
1088 3335 1258 3418 quasi
1293 3334 1409 3400 hoc
1439 3346 1679 3419 poetam
1724 3337 1983 3400 faceret.
2047 3332 2245 3417 Quam

198 3458 343 3502 vera
404 3436 558 3500 haec
620 3436 945 3522 descriptio
989 3438 1105 3515 sit,
1153 3458 1284 3501 cum
1332 3459 1436 3503 res
1480 3439 1612 3523 ipsa
1658 3439 1871 3513 docet,
1922 3448 2043 3501 tum
2091 3457 2244 3519 quae

196 3541 347 3624 apud
377 3540 535 3605 alios
565 3540 897 3624 scriptores
918 3586 936 3619 ,
970 3538 1272 3605 Senecam
1303 3541 1679 3626 potissimum
1711 3550 1775 3606 et
1805 3537 2246 3622 Quintilianum

205 3764 224 3815 Ι
264 3762 344 3814 Cf.
382 3779 437 3815 v,
482 3763 567 3815 ¹4.
610 3762 696 3815 68.
759 3760 1086 3830 Quantopere
1130 3763 1367 3828 grandia
1415 3771 1468 3813 tu
1476 3779 1537 3813 nc
1587 3763 1829 3830 temporis
1865 3762 2162 3814 affectaveri
2168 3772 2243 3827 nt,

260 3832 429 3900 lepida
494 3831 633 3899 apud
690 3829 790 3881 Se·
795 3846 932 3882 ecam
989 3834 1222 3883 narratio
1286 3835 1433 3883 docet
1482 3832 1578 3892 (Su
1547 3847 1671 3882 non
1675 3848 1718 3882 r.
1771 3835 1805 3885 2
1854 3833 2024 3900 p-19
2076 3832 2242 3898 Bip.):

259 3902 482 3953 Senecio
506 3901 674 3966 suit,
712 3903 867 3950 euius
888 3915 1079 3951 nomen
1104 3901 1177 3951 ad
1200 3917 1292 3952 vos
1312 3906 1466 3967 poem
1461 3905 1585 3966 'etp
1556 3916 1678 3950 em
1681 3904 1858 3962 nisse,
1895 3904 2184 3968 ingeniico

245 3971 372 4033 susi
399 3986 469 4022 ae
507 3969 841 4053 turbulenti,
879 3972 976 4032 qm·
1005 3971 1251 4036 cupiebat
1283 3969 1521 4036 grauida
1557 3969 1642 4019 dte
1614 3985 1765 4032 e,ere
1801 3939 1934 4021 aiieo
1973 3977 2036 4021 nt
2070 3972 2249 4021 nonis·-

260 4044 390 4092 eino
430 4042 602 4091 huius
640 4041 726 4088 rei
756 4004 944 4090 ndi-be
985 4043 1262 4091 teneretur
1293 4043 1348 4087 ee
1371 4037 1683 4100 rudentum·
1721 4052 1846 4088 ιιιιιιι
1872 4043 1931 4089 et
1952 4054 2133 4090 amos
2158 4054 2251 4091 no-

266 4111 415 4162 lebat
437 4109 641 4161 heom
668 4108 779 4158 nisi
794 4106 1031 4172 pondu
1048 4145 1066 4172 ,
1102 4113 1157 4160 et
1181 4111 1438 4174 argentea
1464 4122 1597 4159 uass
1620 4123 1726 4158 ιιοιι
1756 4109 1864 4158 am
1890 4108 2145 4173 grandia.
