2764 4738
663 424 832 485 SAT.
869 425 943 498 V,
969 422 1523 486 ARGUMENTUM.
1574 431 1759 489 1—4.
2109 421 2226 488 181

182 597 381 654 statim
409 597 597 673 iugum
626 598 839 676 repetit
869 605 946 670 (v.
971 599 1356 668 160-174).
1387 595 1561 677 Atqui
1590 596 1700 658 hac
1728 594 1803 656 de
1831 595 2231 676 cupiditatibus

179 682 423 740 victoria
455 682 687 742 libertas
716 683 1044 761 acquiritur,
1075 702 1184 740 nou
1212 680 1461 742 vindicta
1490 691 1566 756 (v.
1592 687 1713 745 174
1729 687 1868 762 sq.).
1914 682 2056 741 Nam
2088 683 2233 743 iiber

176 765 307 824 dici
348 787 455 825 uon
499 777 724 845 potest,
784 769 878 848 qni
923 768 1208 827 ambitioni
1240 766 1516 826 obnoxius
1559 768 1850 828 liberalem
1894 769 2015 845 agit
2054 766 2231 827 idem-

178 870 305 931 que
335 854 738 930 superstitione
769 864 829 913 et
861 872 1031 931 prave
1061 851 1293 912 deorum
1326 852 1624 914 formidine
1655 854 1876 912 laborat
1906 862 1985 928 (v.
2022 857 2230 915 176-

183 937 739 1018 188).'Quamqusm
772 939 905 997 talia
925 936 1225 998 docentem
1256 937 1404 998 ridet
1431 941 1748 1019 imperitum
1776 938 1977 1018 vulgus
2009 944 2229 1010 (22189

358 1108 518 1168 Haec
546 1109 725 1167 satira
753 1110 957 1169 merito
987 1110 1141 1169 iuter
1169 1111 1409 1189 optimas
1430 1121 1777 1170 numeratur.
1808 1108 2029 1169 Etenim
2060 1127 2230 1187 prae—

176 1203 445 1273 terquam
488 1192 637 1273 quod
682 1194 865 1254 Persii
909 1196 1150 1254 animum
1182 1197 1512 1273 egregium,
1556 1196 1764 1254 amoris
1795 1213 1936 1273 erga
1965 1195 2228 1273 optimum

176 1290 622 1359 praeceptorem
665 1291 728 1339 et
766 1280 1095 1358 magistrum
1135 1280 1358 1359 plenum
1403 1291 1465 1340 et
1493 1282 1616 1340 veri
1667 1281 1924 1360 rectique
1970 1280 2232 1358 praecia-

177 1361 969 1448 rnmiudicem‚1cla1·issima
1013 1365 1141 1427 luce
1171 1363 1453 1438 ostendit,
1504 1374 1892 1444 argumentum
1936 1384 2101 1424 suum
2148 1365 2229 1423 ita

176 1460 428 1523 tractat,
474 1462 538 1510 ut
565 1461 697 1530 apta
726 1451 1136 1530 compositione
1175 1462 1238 1510 et
1265 1452 1539 1511 orationis
1570 1451 1976 1530 perspicuitate
2006 1462 2068 1510 et
2096 1451 2230 1508 sim-

176 1535 441 1615 plicitate
472 1538 685 1597 ceteris
713 1537 884 1596 facile
916 1546 1191 1615 praestet.
1245 1535 1334 1595 De
1364 1534 1623 1595 doctrina
1654 1535 1970 1595 Stoicorum
1989 1578 2007 1606 ‚
2051 1535 2228 1594 solum

179 1623 502 1704 sapientem
535 1622 769 1681 liberum
800 1640 935 1681 esse
979 1621 1176 1700 (Diog.
1211 1621 1406 1681 Laert.
1443 1621 1565 1692 Vll,
1594 1627 1652 1691 1,
1683 1624 1787 1690 6⁴.
1818 1626 2001 1692 121),
2045 1619 2230 1679 disse·-

180 1718 383 1766 rentes
423 1706 631 1767 Cicero
676 1705 894 1785 (parad.
927 1707 1040 1776 V),
1097 1708 1377 1766 Arrianus
1423 1706 1587 1780 (diss.
1615 1706 1806 1784 Epiet.
1840 1705 1943 1778 lv,
1976 1712 2074 1778 1),
2123 1705 2230 1765 Dio

181 1791 632 1872 chrysostomus
675 1800 845 1865 (orat.
883 1791 1075 1863 XIV),
1118 1792 1389 1851 Horatius
1430 1790 1579 1865 (Sat.
1622 1791 1692 1863 Π,
1722 1796 1784 1863 7,
1808 1795 1891 1854 46
1921 1798 2071 1872 sqq.)
2102 1812 2226 1852 cum

183 1877 381 1937 fructu
409 1878 728 1955 comparari
759 1886 1016 1955 possunt.

312 2033 315 2036 ¹
360 1959 448 2023 De
481 1962 732 2021 Cornuto
763 1983 818 2020 v.
850 1962 1111 2042 prolegg.
1141 1981 1194 2021 c.
1227 1961 1297 2021 11.

357 2154 413 2191 v.
445 2137 629 2194 1—4.
695 2134 944 2192 Vatibus
985 2133 1088 2205 (cf.
1131 2130 1204 2192 ad
1248 2133 1394 2211 proi.
1425 2137 1489 2204 7)
1536 2131 1632 2190 laic
1670 2150 1790 2192 mos
1818 2142 1912 2190 est
1947 2134 2054 2204 (cf.
2093 2133 2230 2192 Hor.

183 2231 295 2279 sat.
326 2219 373 2289 Ι,
397 2223 460 2287 2,
490 2221 605 2280 86:
648 2217 897 2294 Regibus
940 2217 1031 2276 hic
1059 2237 1181 2276 mos
1211 2223 1326 2290 est)
1370 2228 1596 2277 centum
1638 2218 1763 2276 sibi
1775 2238 2021 2297 poscere
2061 2238 2230 2278 voces

181 2316 298 2365 etc.
346 2304 440 2362 cf.
466 2304 698 2363 Hostius
725 2300 870 2381 apud
902 2302 1160 2362 Macroh.
1189 2303 1289 2373 vl,
1322 2308 1396 2367 3:
1427 2303 1553 2363 Nou
1585 2303 1632 2360 si
1664 2303 1794 2361 mihi
1826 2305 2049 2383 linguae
2081 2303 2229 2363 Ceu-

179 2402 299 2450 tum
329 2401 502 2470 atque
535 2409 637 2448 ora
665 2391 814 2448 sient
842 2388 1073 2449 totidem
1104 2409 1391 2470 vocesque
1431 2390 1709 2469 liquatam
1755 2390 1920 2468 Virg.
1953 2389 2100 2450 Aen.
2131 2389 2230 2458 Vt,

182 2480 311 2541 625
344 2475 587 2554 (Georg.
618 2475 687 2545 11,
717 2479 867 2546 426)
891 2497 906 2534 =
937 2474 1066 2535 Non
1092 2477 1224 2535 mihi
1254 2477 1304 2535 si
1333 2487 1557 2536 centum
1591 2477 1816 2553 liuguae
1853 2488 1985 2535 sunt
2012 2494 2229 2555 oraque

182 2573 449 2632 centum3
493 2572 555 2620 et
593 2579 738 2639 quae
782 2560 1057 2640 permulta
1102 2562 1362 2641 exempla
1399 2562 1546 2621 hunc
1577 2562 1823 2620 cuiusvis
1857 2563 2061 2621 aetatis
2092 2579 2231 2639 poe-

183 2659 367 2707 tarum
414 2665 643 2706 morem»
668 2644 1086 2719 demonstrant,
1127 2667 1180 2707 e.
1212 2667 1272 2724 g.
1304 2646 1465 2707 Ovid.
1497 2646 1636 2707 Met.
1664 2645 1813 2717 vm,
1848 2650 1993 2708 532.
2025 2645 2125 2705 Sil.
2160 2647 2229 2705 lt.

183 2734 284 2806 IV,
317 2735 472 2794 526.
521 2729 719 2790 Claud.
760 2728 831 2791 de
877 2731 958 2791 vl
996 2751 1157 2791 cons.
1201 2732 1417 2792 Honor.
1464 2735 1611 2795 436.
1655 2733 1713 2790 ἰιι
1741 2731 1912 2790 Proh.
1946 2741 2007 2792 et
2031 2731 2228 2810 Olyhr.

183 2838 348 2878 eons-
395 2821 500 2879 55.
548 2816 774 2896 Coripp.
817 2817 940 2877 Ion.
973 2816 1019 2889 l,
1045 2821 1150 2880 23.
1197 2816 1377 2877 Prisc.
1406 2818 1442 2877 1.
1485 2817 1686 2877 Anast.
1711 2836 1803 2897 pr.
1840 2821 1938 2879 13.
1997 2818 2230 2877 Fabula

180 2924 290 2963 seu
314 2912 586 2982 ponatur
601 2902 754 2977 (adl,
772 2906 878 2971 70)
912 2904 1199 2980 tragoedo
1225 2914 1462 2975 moesto,
1496 2922 1532 2961 e
1560 2902 1896 2962 charactere
1927 2920 2232 2981 personae,

184 2989 434 3049 kt’anda.
492 2985 780 3065 Tragoedi
822 2988 968 3046 euim
1009 2989 1274 3067 personis
1317 2988 1652 3059 utebantur,
1696 3006 1841 3068 quae
1879 2999 1943 3047 ut
1969 3007 2083 3047 vox
2112 2986 2230 3045 cla·

183 3077 343 3134 riore
382 3073 571 3131 sonitu
606 3071 878 3132 ederetur
918 3092 1177 3151 msgnum
1220 3074 1339 3132 oris
1380 3074 1588 3132 hiatum
1630 3072 1916 3131 habehant
1949 3070 2227 3147 (cf.'GeH.

184 3160 261 3232 V,
290 3165 358 3221 7.
394 3159 607 3235 Bottig.
637 3177 769 3236 opp.
798 3177 856 3235 p.
889 3162 1017 3220 226
1044 3163 1158 3236 sq.)
1176 3202 1194 3229 ,
1237 3156 1386 3217 unde
1418 3159 1683 3237 frequens
1709 3158 1976 3217 hiantium
2000 3168 2233 3234 tragoe-

184 3243 387 3304 dorum
428 3243 671 3314 mentio‚
713 3262 768 3301 v.
812 3242 1049 3302 Lucian.
1087 3243 1312 3320 Nigrin.
1345 3248 1446 3304 11.
1487 3245 1616 3303 salt.
1648 3247 1754 3305 27.
1783 3242 2008 3303 Anach.
2040 3247 2145 3314 32,
2175 3240 2233 3300 id

183 3328 339 3410 quod
372 3331 430 3387 in
461 3329 646 3387 inuitis
674 3329 1047 3386 monumentis
1070 3329 1351 3408 hodieque
1380 3327 1577 3388 videre
1620 3328 1790 3399 licet,
1834 3350 1888 3388 v.
1926 3347 1980 3388 e.
2015 3348 2072 3407 g.
2113 3340 2232 3388 tru-

184 3417 355 3493 gicae
384 3433 594 3473 scenae
627 3414 1215 3492 repraesentationem
1244 3415 1299 3473 in
1331 3415 1551 3494 pictura
1576 3415 1835 3493 antiqua,
1880 3412 2028 3473 Mus.
2059 3413 2230 3472 Borb.

185 3501 233 3572 Ι,
265 3504 372 3561 21.
417 3497 553 3558 Inde
580 3500 926 3557 transfertur
957 3497 1030 3557 ad
1069 3497 1615 3579 grandiloqueutiam
1645 3500 1951 3558 carminum
1982 3498 2233 3576 tragico·

186 3605 311 3644 rum
340 3582 784 3662 significandam,
817 3605 875 3643 v.
895 3583 1088 3643 Iuveu.
1110 3584 1210 3657 vl,
1226 3588 1370 3647 636.
1421 3585 1492 3643 Ut
1516 3585 1607 3643 hic
1631 3583 1937 3662 tragoedus
1955 3584 2230 3663 fabulam

188 3671 362 3729 lu'are
415 3668 656 3741 dicitur,
711 3670 789 3728 ita
837 3667 1169 3746 Propertius
1215 3669 1337 3742 (ΙΙΙ,
1379 3673 1461 3732 29
1495 3669 1586 3747 [[1,
1620 3674 1760 3743 31],
1789 3674 1853 3743 6)
1893 3668 2067 3729 dixit:
2128 3669 2232 3729 nic

187 3753 453 3835 equidem
496 3756 653 3813 visus
694 3753 825 3812 mibi
870 3773 1107 3813 carmen
1150 3756 1338 3814 Ιιίανε.
1408 3754 1766 3814 Parthorum
1813 3775 1938 3814 cum
1965 3754 2231 3814 Romanis

185 3841 342 3903 betta
373 3842 505 3919 quin
532 3859 568 3899 a
596 3840 781 3917 poetis
820 3840 998 3918 epicis
1052 3859 1151 3899 res
1179 3838 1463 3899 Romanas
1496 3860 1572 3900 ex
1601 3842 2000 3919 imperatorum
2036 3840 2233 3900 volun·

189 3936 311 3985 tate
343 3926 717 3984 metantibus
748 3924 992 3998 (Merkel
1020 3922 1092 3982 ad
1120 3923 1281 4007 Ovid.
1315 3925 1397 3985 lh.
1428 3946 1484 4004 p.
1509 3929 1633 3988 379
1651 3931 1807 4005 sqq.)
1839 3928 2066 4007 saepius
2096 3944 2233 3984 cau·

190 4022 309 4071 tata
338 4013 488 4082 siut,
534 4011 681 4068 sicut
709 4010 996 4068 historicis
1027 4008 1241 4090 largam
1281 4012 1502 4089 copiam
1543 4009 1929 4089 praebuerunt
1969 4011 2230 4084 (Luciam

191 4098 321 4159 hist.
340 4115 569 4157 eonscr.
594 4100 860 4177 15sqq.),
889 4094 1112 4155 dubium
1139 4116 1251 4157 non
1271 4108 1377 4170 cst,
1409 4116 1737 4178 quamquam
1767 4106 1929 4158 certa
1951 4094 2234 4177 exempla,
