2764 4738
519 427 649 496 226
1324 430 1493 494 SAT.
1520 430 1639 508 VI,
1680 435 1783 497 61.

523 601 569 674 Ι,
601 604 704 675 30,
734 605 801 666 2.
850 599 1043 662 Schol.
1087 600 1268 663 Arist.
1318 601 1462 663 Rau.
1513 602 1694 683 131),
1739 623 1851 683 quo
1895 602 2172 685 pleraque
2202 604 2345 662 artis
2373 623 2563 663 moun·

522 698 713 748 menta
757 689 859 761 (cf.
888 688 1114 760 Muller,
1145 688 1302 749 arch.
1333 691 1365 765 §
1394 693 1542 761 423,
1573 693 1636 763 3)
1704 687 1967 748 videntur
2007 687 2352 760 referenda,
2411 709 2463 749 e.
2504 710 2561 768 g.

524 775 781 853 picturae
810 774 1167 833 vascolariae
1199 772 1345 852 apud
1375 773 1698 834 Tischbein.
1730 774 1800 845 11,
1830 779 1914 836 25
1946 775 2112 852 [11];
2161 775 2257 846 ΠΙ,
2288 779 2373 836 48
2405 775 2557 853 [45];

523 859 800 918 musivum
843 878 985 937 opus
1016 856 1160 937 apud
1194 857 1472 918 Gerhard.
1491 859 1625 918 Ant.
1633 858 1826 918 Bildw.
1858 870 1898 917 t.
1932 863 2034 931 63,
2071 865 2130 921 1.
2167 861 2564 939 anaglyphum,
2578 910 2586 916 .

526 941 599 1004 de
639 963 748 1023 quo
779 945 856 1002 cf.
890 944 952 1001 C.
972 942 1015 1002 l.
1031 964 1091 1002 ιι.
1112 948 1261 1005 287.
1309 944 1514 1004 Altero
1545 946 1869 1003 certaminis
1899 964 2117 1021 genere
2148 964 2222 1005 eo
2251 964 2353 1003 res
2386 944 2565 1016 rediit,

525 1040 590 1088 ut
616 1031 764 1088 alter
792 1029 958 1088 alteri
988 1029 1169 1088 facem
1188 1028 1479 1087 ardentem
1502 1027 1777 1099 traderet,
1809 1030 1885 1088 cf.
1905 1028 2046 1089 Plat.
2065 1049 2187 1108 rep.
2207 1030 2305 1108 lp.
2325 1029 2567 1092 328A.:

527 1110 836 1190 λαμπάδια
896 1107 1127 1192 ἔχοντες
1189 1110 1596 1173 διαδώσουσιν
1653 1104 1924 1187 ἀλλήλοις
1986 1111 2387 1191 ἆμιλλωμενοι
2451 1113 2573 1184 τοῖς

528 1201 767 1270 ἵπποις,
816 1218 926 1277 quo
956 1197 1264 1258 referenda
1293 1198 1518 1258 videtur
1560 1200 1778 1278 pictura
1806 1200 2126 1258 vascolaria
2160 1196 2310 1278 apud
2342 1201 2569 1260 Passer.

533 1295 573 1341 t.
597 1287 745 1353 230,
790 1284 863 1342 cl.
911 1281 1091 1342 Lanzi
1136 1282 1227 1343 de'
1271 1286 1394 1342 vasi
1424 1294 1542 1342 aut.
1578 1282 1709 1361 dep.
1739 1304 1795 1362 p.
1832 1288 1986 1355 138,
2017 1295 2078 1343 et
2109 1286 2364 1344 fortasse
2396 1287 2573 1345 altera

529 1366 677 1448 apud
722 1367 961 1427 Pauofk.
1008 1367 1145 1427 Cab.
1193 1369 1389 1428 Pourt.
1426 1380 1466 1427 t.
1502 1375 1558 1431 5.
1622 1367 1838 1442 Quodsi
1880 1369 2059 1427 schol.
2104 1370 2223 1428 Iuv.
2271 1370 2408 1442 XV,
2458 1376 2566 1432 141

529 1452 738 1524 tradit,
783 1455 839 1511 in
884 1455 1091 1532 templo
1124 1454 1352 1514 Cereris
1387 1455 1493 1513 sibi
1521 1456 1761 1514 invicem
1795 1456 1977 1514 facem
2010 1474 2279 1514 cursores
2312 1454 2576 1515 tradidis-

532 1558 631 1610 se,
661 1537 884 1598 videtur
913 1539 1053 1597 locis
1085 1537 1358 1618 deceptus
1390 1559 1553 1611 esse,
1586 1541 1766 1619 qualis
1799 1550 1890 1599 est
1921 1539 2064 1598 Stat.
2100 1538 2237 1598 Silv.
2262 1541 2445 1612 1v‚8‚
2466 1548 2575 1611 513

533 1624 626 1683 ubi
657 1635 843 1683 tamen
875 1644 986 1683 non
1016 1623 1088 1684 de
1118 1626 1425 1684 certamine
1456 1623 1766 1703 lampadum
1787 1668 1804 1695 ,
1858 1623 1961 1684 sed
1990 1623 2061 1683 de
2093 1645 2301 1703 pompa
2332 1647 2464 1686 cum
2494 1628 2577 1686 fa-

533 1710 691 1769 cibus
732 1720 861 1768 acta
904 1728 1092 1769 sermo
1139 1720 1254 1770 est.
1325 1707 1467 1768 Illud
1508 1730 1650 1769 vero
1695 1709 1767 1769 ad
1811 1712 1969 1769 varia
2001 1712 2388 1783 transfertur,
2438 1731 2578 1792 qnae

533 1797 800 1854 contiuua
844 1796 998 1855 serie
1044 1796 1114 1853 ab
1159 1796 1342 1855 altero
1391 1793 1462 1854 ad
1506 1797 1744 1855 alterum
1773 1798 2231 1868 transferuutur,
2278 1798 2362 1856 cs.
2397 1796 2579 1856 Arist.

531 1880 700 1959 phys.
732 1879 896 1954 V,4,
934 1884 1043 1941 10·
1089 1879 1222 1938 Καὶ
1266 1877 1398 1940 οἷον
1439 1877 1477 1953 ἡ
1514 1876 1751 1957 λαμπὰς
1794 1877 1860 1938 ἐκ
1910 1879 2199 1958 διαδοχῆς
2235 1878 2410 1963 φορὰ
2455 1880 2583 1961 ἐχο-

533 1962 677 2041 μένη
722 1960 969 2044 συνεχὴς
1018 1960 1079 2022 δ’
1129 1961 1240 2024 οὐκ
1281 1959 1427 2022 ἔστι.
1492 1966 1682 2025 Varro
1724 1965 1792 2024 R.
1839 1965 1909 2026 R.
1951 1965 2045 2036 ΙΙΙ,
2082 1969 2183 2037 16,
2226 1970 2298 2028 9:
2349 1966 2503 2037 Sed,
2545 1988 2580 2026 o

533 2050 789 2119 Merula,
821 2082 905 2095 —
935 2047 1082 2129 quod
1130 2048 1199 2108 de
1232 2051 1419 2108 fructu
1449 2050 1583 2109 nihil
1614 2049 1764 2121 dixi,
1811 2070 1957 2110 nunc
1989 2070 2162 2110 cursu
2192 2051 2455 2130 lampada
2485 2053 2584 2110 tibi

535 2132 719 2194 trado.
768 2134 967 2193 Them.
1000 2154 1089 2194 or.
1125 2135 1262 2214 Vp.
1285 2135 1579 2196 145Ροῑ.·
1623 2093 1764 2193 Καί
1785 2130 1908 2195 τότ’
1940 2130 2054 2212 ἐγώ
2084 2131 2271 2212 μόνον
2296 2133 2586 2219 ᾐσθόμην
2702 2128 2707 2129 ’

536 2220 744 2295 φωνῆς
796 2239 1061 2292 νικωσης
1098 2220 1183 2297 τῷ
1226 2239 1395 2298 ταχει
1437 2216 1546 2293 τὴν
1569 2220 1656 2297 τῷ
1678 2217 1993 2297 Ἡφαίστῳ
2034 2218 2393 2297 τελουμένην
2437 2226 2588 2298 λαμ-

533 2302 929 2406 παδηφορίαν
964 2325 1065 2362 και
1111 2301 1215 2362 διὰ
1258 2303 1581 2383 πομπίμων
1610 2303 1672 2376 ἐξ
1713 2300 1906 2363 ἄλλων
1942 2303 2027 2375 εἰς
2054 2300 2270 2376 ἄλλους
2301 2305 2589 2377 σταδίους

534 2385 750 2459 τόσους
791 2387 896 2447 και
932 2380 1151 2459 τόσους
1189 2385 1384 2470 ὥςπερ
1416 2388 1806 2471 φρυκτωρίας
1846 2388 2356 2467 διαπεμπομέμην
2404 2393 2587 2452 Prae-

536 2475 700 2553 cipue
731 2493 870 2534 vero
901 2474 1091 2534 haec
1077 2495 1260 2553 imago
1300 2473 1600 2534 adhibetur
1640 2473 1712 2534 ad
1742 2476 1891 2534 vitae
1924 2478 2196 2556 necisque
2230 2479 2587 2538 coniunctio-

537 2579 664 2619 nem
705 2557 1161 2637 significandam,
1193 2580 1300 2638 qua
1347 2562 1436 2631 is,
1478 2562 1571 2640 qui
1617 2561 1888 2633 moritur,
1935 2561 2101 2620 alteri
2151 2560 2374 2622 cuidam
2422 2567 2586 2643 quasi

537 2665 694 2703 suum
738 2647 887 2703 vitae
931 2645 1113 2704 locum
1155 2645 1420 2705 concedit
1448 2657 1544 2705 aut
1574 2644 1828 2725 lampada
1860 2644 2065 2720 tradit,
2109 2650 2164 2705 in
2198 2667 2310 2725 qno
2341 2650 2589 2727 praeivit

536 2729 698 2789 Plato
745 2728 920 2808 (legg.
970 2729 1048 2788 v1
1095 2750 1150 2809 p.
1198 2735 1320 2792 776
1357 2730 1482 2804 13.):
1542 2726 1868 2808 γεννῶντας
1915 2750 1978 2789 τε
2037 2731 2141 2789 καὶ
2184 2729 2591 2812 ἔκτρέᾳοιτας

535 2810 762 2884 παῖδας
805 2810 1090 2896 καθάπερ
1132 2811 1418 2893 λαμπάδα
1472 2810 1578 2875 τὸν
1615 2814 1752 2893 βίον
1788 2812 2240 2898 παραδιδόντας
2277 2815 2481 2887 ἄλλοις
2522 2815 2589 2889 ἐξ

538 2895 769 2971 αλλων,
829 2900 909 2959 cf.
957 2899 1185 2960 Lucret.
1235 2900 1303 2971 ll,
1350 2905 1581 2980 77⁸q.:
1628 2900 1843 2980 l„uque
1874 2901 2035 2960 brevi
2079 2901 2270 2980 spatio
2303 2914 2593 2962 mutantur

541 2985 700 3043 secla
744 2985 1111 3055 animantum,
1159 2984 1236 3043 Et
1276 2988 1435 3064 quasi
1478 3004 1745 3045 cursores
1792 2987 1928 3045 vitai
1973 2985 2233 3064 lampada
2292 2987 2590 3047 tradunt.“

539 3067 700 3130 Unde
730 3070 825 3128 illa
856 3071 1130 3128 seriorum
1163 3070 1535 3148 scriptorum,
1577 3091 1717 3168 quos
1748 3071 1935 3129 attulit
1964 3070 2245 3144 Casanb„
2277 3074 2593 3133 Clementis

538 3155 712 3214 Alex.
763 3163 981 3228 (strom.
1025 3155 1074 3213 ll
1105 3175 1159 3234 p.
1195 3160 1307 3217 181
1346 3154 1578 3235 Synnz)
1628 3150 2030 3215 Ὲπεσκεὺασε
2071 3151 2181 3229 τὴν
2235 3154 2594 3217 ἀθανασίαν

537 3240 648 3299 τοῦ
684 3235 891 3317 γένους
919 3237 1088 3316 ἡμῶν
1117 3238 1221 3298 καὶ
1252 3239 1436 3300 οἱονεὶ
1463 3236 1757 3316 διανομήν
1782 3261 1916 3299 τινα
1941 3240 2116 3299 παισὶ
2143 3240 2381 3301 παίδων
2408 3264 2594 3320 μετα-

539 3322 1101 3401 λαμπαδευομεᾞνην
1161 3336 1220 3385 et
1265 3324 1516 3384 Philonis
1557 3323 1609 3402 (l
1642 3345 1700 3403 p.
1736 3329 1883 3396 478,
1914 3329 2057 3398 23)·
2113 3321 2182 3385 ’τὸ
2224 3328 2332 3400 τῆς
2370 3325 2595 3411 ἀρετῆς

540 3405 762 3487 φέῃος
805 3404 1329 3486 λαμπαδευόμενον
1373 3407 1717 3482 ἐπαλλήλοις
1760 3408 2074 3489 διαδοχαῖς
2120 3406 2439 3493 ἰσόχρονου
2494 3433 2595 3490 γε-

537 3489 783 3566 mio-stae.
828 3490 1057 3572 κόσμῳ.
1125 3494 1266 3553 Hinc
1307 3493 1446 3552 dixit
1478 3494 1749 3554 Persius.
1806 3496 1934 3554 Cur
1960 3515 2048 3553 me
2072 3498 2270 3574 poscis
2307 3499 2593 3576 lampada

544 3579 725 3651 (Cort.
773 3577 845 3638 ad
887 3578 1105 3638 Lucan.
1150 3579 1249 3652 IV,
1295 3584 1443 3652 387)
1493 3581 1553 3638 in
1597 3582 1888 3651 decursu,
1945 3600 2068 3644 cum
2113 3580 2296 3640 adhuc
2342 3602 2593 3655 curram,

543 3673 840 3743 antequam
872 3683 943 3724 eo
974 3666 1243 3743 perveni,
1289 3665 1381 3724 ubi
1416 3666 1626 3743 lampas
1659 3664 1934 3724 tradenda
1964 3676 2089 3737 est,
2120 3666 2213 3724 nbi
2245 3665 2594 3727 decurrendi

540 3768 701 3819 voc„
749 3746 896 3828 quod
927 3747 996 3808 de
1029 3751 1241 3828 pompis
1272 3762 1333 3809 et
1361 3752 1654 3810 exercitiis
1695 3751 2026 3809 militaribus
2058 3752 2325 3811 usitatum
2359 3764 2450 3813 est
2482 3755 2590 3826 (cs.

544 3836 718 3913 intpp.
751 3833 822 3894 ad
852 3833 989 3893 Tac.
1021 3836 1250 3906 Ann.11,
1270 3841 1364 3909 7),
1397 3847 1530 3913 apte
1561 3834 1631 3894 ad
1664 3833 2192 3914 lampadadromiam
2223 3839 2593 3897 transfertur.

544 3917 707 3991 Quod
754 3917 935 3979 addit:
981 3922 1088 3996 qui
1110 3922 1286 3998 prior·
1327 3940 1428 3993 es,
1477 3921 1825 3998 intelligetur
1862 3919 2114 3980 adhibito
2161 3922 2289 3981 loco
2336 3923 2488 3983 rhet.
2521 3923 2594 3981 ad

545 4004 791 4064 Herenn.
824 4003 925 4074 lv,
954 4008 1058 4075 46,
1091 4010 1204 4068 59:
1262 4004 1557 4075 „Oruaudi
1599 4024 1772 4066 cansa
1819 4007 2057 4066 sumitur
2094 4026 2199 4086 per
2242 4013 2596 4068 contrarium

543 4092 665 4150 sie:
725 4090 855 4149 Non
901 4091 1079 4160 enim,
1127 4088 1587 4170 quemadmodum
1630 4093 1688 4150 iu
1729 4090 2049 4169 palaestra,
2093 4094 2188 4173 qui
2220 4091 2426 4154 taedas
2459 4115 2597 4156 cau-

285 4359 762 4614 Ἣ
