2764 4738
463 416 592 486 340
888 421 1156 484 scum..
1200 421 1307 484 An
1343 421 1515 485 SAT.
1544 424 1622 499 V,
1655 423 1995 498 187—V1,
2030 431 2090 488 1.

638 596 782 657 187.
825 595 1139 653 Ina-msere
1169 596 1305 654 deos
1336 593 1619 675 inflantes
1648 612 1938 674 corpora,
1972 594 2029 654 id
2058 605 2183 667 est,
2219 605 2515 658 terrentes

463 678 738 750 bomines,
771 689 831 738 et
859 679 1061 738 malum
1093 680 1337 739 futurum
1368 678 1805 751 denunciantes,
1838 683 1946 740 nisi
1979 681 2086 739 boc
2119 701 2283 741 mane
2312 694 2515 761 gusta-

464 776 524 823 to
554 765 688 823 allio
718 766 1066 843 expiassent.
1127 764 1272 824 Nam
1305 775 1365 824 et
1394 763 1502 822 boc
1535 760 1758 836 dicunt,
1804 766 1855 824 si
1895 767 2126 826 allium
2110 768 2282 827 ieiuni
2311 780 2515 846 gusta-

465 851 684 919 verint,
716 860 916 909 contra
946 860 1126 909 artem
1157 852 1432 929 magicam
1463 846 1767 909 remedium
1805 870 1961 911 esse.

643 939 784 998 189.
829 937 1075 995 Βίτενίε
1106 935 1253 994 haec
1280 938 1440 994 inter
1467 952 1785 995 vancosos.
1848 935 1907 994 Si
1954 936 2100 996 baec
2140 945 2273 996 ante
2304 937 2511 996 stultos

465 1019 675 1079 milites
707 1019 899 1092 dicas,
945 1021 1037 1100 qui
1068 1019 1254 1079 solent
1283 1023 1453 1080 etiam
1487 1018 1557 1078 de
1589 1021 1936 1098 sapientibus
1966 1020 2158 1081 ridere
2178 1063 2195 1090 ,
2248 1034 2510 1101 quantum

467 1105 752 1165 cachinnis
799 1103 1191 1182 indulgebant,
1240 1104 1532 1176 dicentes,
1577 1115 1799 1164 centum
1845 1106 2211 1186 philosophos
2257 1127 2510 1167 nummos

469 1200 695 1250 centum
743 1211 853 1250 non
895 1190 1110 1249 valere.
1287 1193 1535 1250 Varz‘ces
1581 1201 1712 1249 sunt
1755 1210 1938 1251 venae
1985 1194 2186 1253 mistae
2230 1195 2422 1252 nervis
2455 1196 2512 1252 in

469 1274 741 1354 pedibus,
773 1277 942 1334 nimio
983 1275 1180 1335 labore
1226 1286 1525 1336 tumentes.
1597 1273 1734 1335 lude
1789 1279 2093 1336 varicosos
2146 1279 2510 1338 centuriones

470 1360 607 1420 dicit
638 1361 899 1421 absolute
931 1362 1158 1420 milites.

649 1450 788 1509 190.
841 1449 1124 1505 Crassum
1152 1447 1328 1506 ridet.
1370 1444 1680 1505 Stultorum
1712 1446 1864 1507 risus
1894 1444 2178 1526 exprimit.

646 1535 789 1594 191.
860 1533 1186 1602 Contu-sse,
1233 1533 1461 1609 poetica
1505 1532 1733 1591 licentia
1778 1531 1987 1592 abusus
2034 1545 2145 1593 est.
2201 1530 2350 1592 Nam
2382 1552 2509 1592 cum

469 1617 548 1675 sit
584 1626 807 1676 centum
854 1636 1056 1676 nomen
1099 1626 1481 1696 monoptotum
1526 1614 1959 1689 indeclinabile,
2007 1628 2266 1698 tanquam
2311 1620 2359 1676 si
2404 1637 2513 1697 per

467 1721 637 1762 casus
684 1700 972 1761 declinare
1014 1712 1243 1780 posset,
1300 1711 1364 1765 et
1423 1702 1648 1761 faceret
1704 1704 2045 1762 nominativo
2093 1724 2229 1763 casu
2276 1714 2508 1774 centres,

467 1788 716 1866 genitivo
746 1789 1032 1847 centies-51⁸5
1059 1828 1077 1858 ,
1108 1789 1187 1847 ita
1219 1790 1379 1867 quasi
1410 1787 1710 1847 ablativum
1742 1808 1932 1848 casum
1965 1790 2185 1870 posuit,
2216 1788 2341 1848 dum
2374 1783 2511 1848 dicit

383 1863 392 1874 ⁸
469 1882 757 1934 ceum-sse.
823 1876 1106 1933 Contu-sse
1152 1892 1294 1951 ergo
1339 1884 1545 1944 curto,
1593 1884 1855 1952 tauquam
1899 1872 2154 1946 diceret,
2204 1876 2509 1953 nonaginta

467 1976 690 2018 novem.
774 1964 831 2042 ι
861 1959 1066 2018 Licere·
1089 1960 1237 2018 enim
1267 1968 1361 2019 est
1388 1958 1645 2032 licitare,
1675 1959 1784 2020 boc
1814 1969 1908 2020 est
1932 1962 2173 2040 pretinm
2200 1978 2439 2041 ponere.

999 2413 1972 2486 SATIRAVI.

640 2594 697 2650 1.
742 2591 1031 2650 Admovit
1083 2592 1199 2650 iam
1259 2593 1487 2653 bruma.
1562 2593 1803 2654 ¹*Hanc
1860 2594 2173 2653 satiram
2230 2590 2511 2652 scribit

466 2673 782 2734 Persius
856 2673 944 2735 ad
1019 2675 1359 2737 Caesium
1431 2678 1732 2739 Bassum
1804 2689 2090 2758 poetam
2148 2678 2509 2757 lyricum,

469 2779 671 2840 quem
717 2760 907 2820 fama
951 2772 1071 2820 est
1116 2763 1182 2821 in
1214 2763 1565 2842 praediis
1611 2767 1769 2825 suis
1820 2765 2138 2843 positum
2191 2760 2507 2822 ardente

466 2845 800 2905 Vesuvio
851 2858 1088 2906 monte
1135 2845 1619 2928 Campaniae,
1651 2862 1727 2909 et
1772 2851 1918 2909 late
1949 2848 2250 2926 ignibus
2282 2847 2509 2907 abun-

466 2928 726 3002 dante,
777 2952 923 2991 cum
966 2931 1152 2992 villa
1199 2953 1328 2993 sua
1373 2946 1602 2995 ustum
1663 2955 1861 2995 esse.
1939 2933 2070 2994 Hic
2118 2953 2301 3012 ergo
2346 2931 2505 2992 dum

466 3018 802 3088 viveret,
838 3014 859 3036 ‘¹
944 3015 1016 3076 de
1075 3016 1330 3078 *Roma
1419 3019 1503 3080 ad
1596 3019 1909 3080 Sabinos
1991 3021 2444 3079 necessario
2483 3025 2507 3058 ¹

469 3102 895 3173 transibat,
936 3102 1057 3162 ubi
1093 3103 1461 3164 ²brumali
1508 3116 1835 3185 tempore
1893 3106 1964 3164 in
2019 3102 2274 3164 calido
2335 3103 2506 3162 loco

469 3188 792 3246 carmina
852 3186 1311 3248 scribebam*
1399 3190 1540 3251 Huic
1572 3212 1713 3271 ergo
1745 3191 1974 3251 Persius
2007 3188 2171 3260 dicit,
2216 3188 2361 3269 quod
2393 3190 2505 3247 iam

464 3283 701 3352 propter
745 3273 981 3332 hiemem
1028 3275 1160 3347 foco
1205 3274 1456 3345 caleret,
1495 3288 1555 3336 et
1601 3289 1661 3336 ut
1690 3274 1854 3335 daret
1883 3295 2110 3355 operam
2143 3274 2508 3345 carminibus,

467 3378 612 3438 quae
645 3358 954 3430 scriberet,
1002 3357 1234 3418 laudans
1278 3362 1613 3438 gravitatem
1656 3362 1956 3432 librorum,
1999 3372 2060 3422 et
2086 3372 2339 3419 tenorem
2371 3379 2508 3418 ver-

467 3462 627 3502 suum
671 3444 831 3514 eius;
889 3463 953 3502 se
1000 3454 1186 3503 autem
1233 3443 1370 3505 dicit
1418 3446 1648 3506 Persius
1696 3445 1840 3526 apud
1886 3405 2177 3525 Liguriam
2223 3446 2401 3505 fuisse
2447 3446 2508 3503 in

441 3528 627 3649 floco,
671 3526 763 3587 ubi
809 3540 1005 3607 portus
1048 3531 1286 3589 naturali
1327 3532 1478 3590 nexu
1527 3544 1823 3603 curvatus,
1868 3533 2116 3592 fluctus'
2099 3552 2154 3590 ιιι
2187 3549 2251 3589 se
2280 3533 2508 3609 recipit,

359 3602 452 3697 ,lis
435 3615 559 3693 qui
602 3624 837 3714 propter
882 3616 1266 3675 curvationem
1305 3628 1517 3695 portus
1558 3620 1765 3677 Lunae
1805 3629 2064 3677 vocatur.
2128 3615 2300 3675 Cuius
2332 3618 2506 3675 etiam

347 3706 384 3779 J„
407 3698 727 3758 ΙἘιιιιίιιιι
712 3720 766 3757 ιιι
797 3701 1070 3779 principio
1102 3702 1379 3761 annalium
1412 3722 1635 3762 suorum
1668 3705 1916 3762 meminit
1945 3704 2051 3761 hoc
2081 3721 2253 3760 versu
2274 3705 2301 3741 ³
2301 3722 2506 3782 ,quem

377 3776 382 3799 ¹
465 3785 635 3843 etiam
682 3783 914 3844 Persius
959 3787 1296 3846 carminibus
1329 3789 1445 3847 suis
1474 3790 1685 3860 iunxit,
1730 3799 1790 3848 et
1820 3790 2004 3849 refert
2032 3787 2102 3846 ab
2134 3787 2316 3845 Ennio
2348 3787 2505 3846 abla-

465 3879 600 3928 tum.
662 3867 871 3930 Scribit
913 3890 1051 3929 vero
1097 3871 1327 3932 Persius
1359 3874 1417 3932 in
1445 3873 1556 3935 hac
1587 3876 1766 3935 satira
1794 3872 1867 3933 de
1897 3874 1999 3947 iis,
2057 3873 2151 3953 qui
2196 3870 2505 3933 heredibus

468 4039 490 4090 1
533 4042 861 4091 necessarios
879 4042 904 4089 ‚⁹
1567 4044 1604 4100 2
1636 4057 1802 4111 aeger
1821 4043 1943 4096 add.
1973 4043 2059 4095 ed.
2087 4058 2166 4111 pr.

464 4107 497 4159 3
534 4108 637 4159 Hoc
674 4109 839 4160 schol.
876 4107 1193 4176 adscriptum
1228 4109 1329 4164 ruit
1360 4124 1443 4163 vs.
1483 4111 1538 4167 9.
