2764 4738
599 440 849 483 xxxvm
1249 418 1976 482 PRoLEGoMENA.

597 589 717 653 iam
749 588 957 653 senior
999 609 1037 652 a
1078 590 1214 652 foro
1245 589 1631 669 recessisset,
1673 610 1779 654 res
1820 587 2132 654 Romanas
2162 586 2415 653 tradidit
2440 583 2617 666 (Tac.

597 693 766 754 Ann.
822 687 1002 768 XIV,
1061 688 1208 776 19),
1284 691 1348 755 in
1422 691 1677 757 historia
1744 712 1977 776 quoque
2050 713 2325 775 maguam
2401 687 2622 753 laudem

596 794 888 878 adeptus,
950 814 1301 877 quamquam
1347 792 1757 875 Quintilianus
1789 795 1861 873 (1.
1896 793 1973 877 1.)
2000 839 2019 868 ,
2077 794 2171 857 cui
2217 793 2360 857 elati
2405 793 2501 855 vir
2542 789 2624 851 in-

592 895 755 981 genii
790 907 852 960 ct
882 896 1205 961 sententiis
1236 895 1451 959 creber
1480 898 1684 976 audit,
1728 918 1864 961 eum
1898 897 2093 960 miuus
2124 915 2398 979 pressum
2429 900 2622 968 vocat,

594 1020 769 1081 quam
815 998 1105 1063 historiae
1152 999 1482 1063 auctoritas
1527 999 1790 1083 postulet
1828 1007 1872 1062 ¹.
1918 995 2178 1063 Praeter
2213 999 2363 1063 haec
2408 995 2626 1061 studio-

593 1123 725 1166 rum
784 1101 1001 1166 merita
1061 1100 1366 1184 elegantia
1424 1101 1589 1166 vitae
1647 1122 1779 1164 eum
1841 1098 2140 1165 celebrem
2191 1100 2336 1164 dicit
2382 1098 2626 1163 Tacitus

593 1204 793 1288 (Ann.
829 1202 1009 1282 XIV,
1046 1202 1198 1288 19),
1245 1223 1421 1285 quam
1469 1202 1690 1266 claram
1737 1202 2067 1267 reddiderit
2110 1223 2340 1266 morum
2385 1199 2625 1283 integri·

593 1314 720 1371 tate
758 1314 805 1368 ².
880 1302 952 1368 In
1013 1305 1187 1369 huius
1244 1305 1748 1389 praestantissimi
1805 1305 1963 1383 viri,
2024 1326 2199 1387 quem
2250 1304 2624 1369 sanctissimo

593 1429 800 1472 amore
858 1408 935 1471 ad
989 1408 1229 1472 cineres
1286 1427 1475 1490 usqne
1530 1407 1808 1486 colebat,
1878 1408 2057 1471 domo
2118 1408 2414 1490 cognovit
2456 1404 2625 1478 etiam

591 1506 932 1573 Plotium
989 1507 1431 1575 Macrinum
1477 1508 1706 1589 (schol.
1752 1507 1839 1589 11,
1889 1507 1996 1594 1),
2045 1510 2123 1573 ad
2166 1530 2341 1592 quem
2387 1509 2625 1573 satiram

592 1611 921 1676 secundam
951 1612 1232 1696 scripsit,
1281 1632 1397 1695 qua
1433 1611 1847 1694 integritatem
1878 1614 2009 1677 eius
2055 1632 2127 1676 ac
2172 1608 2623 1677 sanctimoniam

592 1713 742 1777 satis
788 1724 1045 1779 testatus
1090 1725 1185 1779 est
1219 1721 1266 1777 ³.

762 1812 1078 1901 Cognatus
1110 1829 1244 1883 erat
1271 1815 1525 1882 Persius
1560 1837 1693 1882 cum
1738 1815 1978 1883 Arria
2022 1818 2295 1896 minore,
2341 1814 2621 1881 Arriae

590 1918 786 1996 illius,
859 1920 1030 1985 cuius
1085 1917 1282 1985 NON
1339 1917 1638 1984 DOLET
1695 1921 1757 1984 in
1804 1922 2065 1985 omnium
2111 1942 2220 1985 ore
2261 1932 2548 1986 versatur
2576 1923 2620 1991 ⁴,

588 2021 708 2086 filia
753 2033 814 2085 et
858 2020 1089 2088 Paeti
1134 2022 1546 2089 Thraseae
1591 2044 1787 2088 uxore
1828 2021 2019 2103 (Plin.
2057 2043 2191 2108 epp.
2228 2020 2343 2101 111,
2383 2020 2490 2099 16,
2527 2016 2620 2082 10.

591 2122 748 2187 Tac.
785 2125 954 2189 Ann.
986 2122 1171 2200 XVI,
1206 2125 1343 2205 34).
1403 2126 1600 2191 Huius
1629 2127 1749 2191 viri
1777 2128 1983 2212 magni
2013 2138 2190 2209 atque
2224 2128 2456 2211 egregii
2487 2124 2625 2188 ima-

587 2227 785 2309 ginem
830 2248 912 2291 ex
962 2229 1037 2293 iis
1093 2230 1465 2313 potissimum
1524 2229 1702 2294 nobis
1760 2240 2226 2314 repraesentare
2285 2245 2620 2314 possumus,

587 2349 738 2412 quae
773 2327 1028 2396 Tacitus
1060 2332 1132 2398 de
1167 2353 1241 2396 eo
1274 2334 1520 2413 retulit,
1569 2333 1666 2417 qui
1699 2353 2000 2417 nunquam
2038 2332 2427 2397 occasionem
2459 2348 2624 2416 prae-

586 2431 881 2510 termisit,
968 2435 1279 2498 foedorum
1338 2447 1517 2518 atque
1588 2436 1851 2499 dirorum
1914 2448 2243 2521 temporum
2314 2432 2620 2499 historiam

587 2533 829 2596 eximiis
861 2535 991 2598 eius
1023 2535 1200 2602 dictis
1233 2539 1522 2620 fastisque
1555 2539 1988 2620 distinguendi.
2054 2536 2445 2621 Sequebatur
2486 2534 2623 2600 stoi-

586 2655 794 2698 corum
827 2636 1258 2723 philosophiam
1299 2638 1486 2725 (Tac.
1522 2640 1688 2704 Ann.
1718 2637 1896 2716 XVI,
1928 2639 2036 2702 22.
2072 2641 2148 2703 cl.
2188 2640 2443 2705 Arrian.
2478 2636 2615 2701 diss.

583 2734 636 2814 I,
668 2736 729 2814 1,
751 2737 888 2818 28),
922 2741 1216 2825 adquam,
1253 2743 1445 2806 utiam
1466 2743 1851 2808 observatum
1880 2753 1999 2818 est,
2034 2745 2440 2824 confugerunt
2472 2743 2619 2812 sere,

583 2839 683 2925 qui
728 2838 1066 2907 Romanum
1109 2844 1370 2912 animum
1418 2854 1786 2921 servarunt,
1836 2863 2021 2926 qnare
2067 2844 2222 2908 male
2268 2844 2623 2909 audiverunt

581 2943 736 3028 apud
781 2943 1084 3030 principes
1135 2947 1327 3029 iisque
1362 2948 1595 3012 deditos
1627 2946 1799 3029 quasi
1840 2965 2134 3008 novarum
2165 2968 2367 3010 rerum
2402 2941 2619 3028 cupidi,

582 3046 679 3128 qui
712 3046 765 3109 ei
797 3067 1041 3130 operam
1076 3049 1377 3113 dederunt
1409 3051 1519 3130 (cf.
1554 3047 1710 3113 Tac.
1746 3050 1916 3111 Aun.
1949 3043 2131 3123 xlv,
2169 3046 2272 3111 57.
2310 3047 2472 3113 Hist.
2506 3041 2613 3118 lv,

583 3146 646 3209 5.
680 3146 799 3212 Dio
832 3146 907 3213 C.
944 3147 1187 3226 LXVI,
1226 3148 1326 3213 12.
1363 3152 1440 3214 cl.
1475 3148 1837 3236 Bernhardy
1870 3149 2009 3214 hist.
2045 3148 2162 3214 litt.
2196 3147 2377 3213 Rom.
2413 3171 2473 3235 p.
2503 3145 2617 3214 114

584 3354 606 3405 1
651 3352 857 3406 Passov.
889 3353 1034 3419 frgm.
1065 3357 1197 3423 apud
1222 3355 1429 3408 Charis.
1466 3355 1486 3408 I
1515 3373 1561 3424 p.
1600 3357 1729 3410 1¹8:
1772 3356 2192 3420 „Servilins,
2232 3363 2291 3408 ut
2316 3357 2474 3408 etiam
2505 3352 2616 3406 Fla·

647 3422 764 3472 vius
793 3423 1162 3492 Pomponianus
1196 3433 1373 3477 notat:
1416 3441 1637 3476 aureum
1665 3431 1810 3477 tores
1836 3443 1926 3494 pro
1966 3428 2222 3492 torque,“
2262 3425 2325 3477 ad
2370 3426 2505 3477 hunc
2544 3437 2617 3474 re·

647 3489 776 3554 fert,
831 3491 1165 3546 Lindemann.
1216 3495 1279 3545 ad
1319 3494 1382 3561 Q.
1424 3493 1805 3547 Servilium
1844 3496 2280 3563 Caepionem,
2336 3494 2398 3546 de
2435 3510 2533 3562 quo
2565 3505 2613 3541 v·

645 3557 852 3625 Meyer,
890 3570 1049 3613 oratt.
1079 3563 1223 3616 Rom.
1253 3580 1302 3630 p.
1334 3565 1434 3616 320
1463 3579 1572 3630 sqq.
1600 3567 1682 3614 ed.
1714 3578 1818 3616 sec.

576 3627 609 3680 2
646 3625 783 3677 Dicit
817 3630 950 3681 enim
988 3647 1102 3683 eum
1138 3634 1365 3684 moribus
1397 3636 1657 3685 diversum
1685 3648 1716 3684 a
1739 3632 1960 3685 Domitio
1986 3634 2143 3698 Afro,
2182 3634 2268 3700 qui
2303 3632 2616 3700 prosperiore

645 3694 939 3761 eloquentia
988 3716 1137 3765 quam
1184 3717 1378 3753 morum
1434 3705 1562 3754 samu
1611 3701 1742 3767 ruit,
1797 3711 1852 3754 et
1887 3719 2086 3770 quoquo
2123 3703 2353 3754 facinore
2378 3711 2615 3770 properus

643 3763 930 3816 clarescere
967 3768 1115 3832 (Tac.
1147 3772 1282 3821 Anu.
1316 3770 1403 3835 1V,
1431 3772 1540 3837 52).

575 3833 606 3884 3
642 3831 912 3884 Fulsterns
938 3835 1167 3898 (memor.
1188 3838 1327 3889 obsc.
1359 3856 1407 3904 p.
1433 3840 1529 3891 154
1551 3843 1650 3906 sq.)
1705 3841 1875 3891 utavit
1901 3842 2032 3891 hunc
2063 3856 2177 3892 esse
2203 3840 2506 3902 Macrinum,
2532 3834 2609 3902 qui

642 3908 778 3952 teste
806 3902 1110 3956 cassiodoro
1135 3920 1247 3956 cum
1274 3905 1422 3958 Gallo
1448 3907 1629 3958 consul
1691 3911 1826 3961 uerit
1849 3910 1945 3960 sub
1971 3909 2172 3962 Nerone
2189 3948 2204 3970 ,
2245 3910 2374 3961 falsa
2400 3910 2612 3960 lectione

644 3971 916 4037 deceptus,
954 3988 1069 4024 nam
1105 3975 1179 4025 ibi
1215 3973 1411 4027 Marius
1444 3976 1712 4042 legendum
1736 3987 1847 4044 est,
1888 3996 1985 4046 quo
2015 3986 2067 4030 et
2097 3979 2277 4030 Asinio
2307 3978 2458 4031 Gallo
2481 3989 2608 4029 coss·

643 4037 849 4091 Persius
881 4056 911 4092 e
947 4043 1059 4094 vita
1094 4043 1333 4096 decessit.

574 4110 604 4159 ⁴
641 4107 774 4161 Plin.
811 4125 924 4180 epp.
962 4109 1051 4177 111,
1081 4113 1163 4166 16.
1202 4111 1357 4167 Mart.
1393 4113 1435 4178 1,
1470 4114 1552 4167 13.
1593 4113 1689 4167 Dio
1716 4115 1775 4168 C.
1803 4113 1917 4183 LX,
1955 4116 2038 4170 16.
2075 4115 2202 4168 Zon.
2227 4113 2322 4181 xl,
2352 4115 2406 4168 9.

578 4431 767 4564 ἣ
