2764 4738
917 400 1084 461 SAT.
1118 402 1161 474 1,
1224 407 1262 463 5
1299 435 1374 446 --
1410 407 1469 463 7.
2134 398 2221 464 79

210 573 324 630 finn.
354 571 419 642 V,
449 576 509 644 3,
539 575 600 632 8.
665 606 754 617 --
811 573 968 632 Duos
1011 592 1211 632 versus
1256 572 1589 631 Homericos
1640 571 1726 645 (ΙΙ.
1757 571 1834 643 Χ,
1888 575 2027 635 100.
2073 578 2216 645 105)

210 657 289 716 bic
313 658 553 736 respexit
582 668 770 736 poeta,
802 659 1012 738 quibus>
1046 669 1278 737 praeter
1303 656 1708 727 Aristotelem,
1752 659 1913 716 cuius
1944 659 2100 717 locos
2131 660 2218 718 in-

210 740 393 800 dicavit
423 743 599 819 Heyna
631 741 704 801 ad
737 744 900 804 Hom.
935 744 975 802 1.
999 745 1058 813 Ι.,
1089 745 1256 803 etiam
1290 744 1496 802 Cicero
1526 763 1659 801 usus
1687 754 1796 813 est,
1822 763 1952 821 epp.
1986 741 2057 802 ad
2087 743 2212 804 Au.

212 827 270 898 ll,
296 833 347 896 5,
373 833 438 889 1:
493 830 618 886 Sed
662 830 770 887 hoc
799 839 1058 906 tempore
1083 840 1141 888 et
1169 830 1261 887 lu's
1289 830 1649 888 mittenttbus
1692 825 1972 904 αἰδέομαι
2002 830 2222 910 Τρῶας

212 933 296 970 και
331 909 620 992 Τρωάδας
647 913 1123 983 ιλκεσιπέπλους.
1184 916 1341 990 Quid
1380 919 1531 972 enim
1576 915 1773 972 nostri
1808 916 2135 1012 optimates,
2167 934 2220 973 σε

210 1017 294 1074 qut
321 999 701 1075 reliquzsunt,
733 1000 1093 1077 loquentur?
1131 1017 1207 1057 an
1236 1018 1324 1056 me
1371 1001 1569 1077 aliquo
1592 1000 1858 1076 praemio
1890 1002 1960 1057 de
1991 1009 2221 1058 senten·

210 1084 280 1140 tia
317 1102 431 1140 esse
469 1085 824 1142 deductum?
862 1079 1276 1161 Πουλυδάμας
1313 1105 1421 1160 μοι
1463 1084 1702 1164 πρῶτον
1743 1081 2032 1162 ἐλεγχείην
2076 1079 2221 1142 ἀνα-

207 1163 387 1238 θήσει,
421 1170 564 1226 Cato
595 1170 929 1228 ιίΙεηοειεν.
973 1169 1049 1227 Et
1079 1189 1206 1247 epp.
1240 1167 1311 1227 ad
1340 1168 1461 1228 Att.
1505 1169 1631 1238 VII,
1668 1174 1723 1239 1,
1755 1174 1826 1230 4·
1912 1166 2223 1244 Αἰδεόμαι

207 1270 304 1309 non
327 1255 647 1331 Pompemm
694 1257 858 1314 modo
900 1257 1009 1313 sed
1048 1255 1267 1352 Τρῶας
1292 1253 1397 1312 και
1440 1249 1763 1334 Τρώαδας,
1808 1249 2224 1329 Πουλυδάμας

209 1357 297 1409 μοι
315 1339 543 1416 πρῶτον
573 1335 867 1418 ἐλεγχείην
896 1335 1217 1413 ἀναθήσει.
1273 1341 1445 1415 Quis.
1435 1345 1461 1380 ’θ
1487 1348 1551 1397 tu
1583 1340 1705 1416 ipse
1737 1340 1979 1399 sczlz'cet.
2026 1338 2115 1396 Cf.
2147 1338 2221 1398 ad

206 1422 310 1479 Att.
337 1421 480 1495 vul,
515 1427 617 1494 16,
649 1429 722 1486 2:
769 1426 894 1484 Sed
905 1435 1120 1494 tamen
1141 1426 1646 1502 aui,cunquesunt
1681 1421 2218 1504 αἰδεόμαιΤρῶας

206 1505 406 1566 Acerbe
451 1519 639 1567 antem
692 1511 973 1569 Trotades
1004 1512 1194 1589 ponit,
1225 1522 1286 1568 ut
1312 1512 1600 1568 mollitiem
1633 1509 1792 1568 simul
1825 1519 2043 1587 carpat,
2075 1510 2223 1568 sicut

207 1594 253 1648 in
279 1595 556 1652 notissimo
589 1596 684 1653 illo
716 1591 1042 1673 Ἀχαιΐδες,
1077 1590 1262 1653 οὐκέτ’
1301 1591 1543 1673 Ἀχαιοί
1568 1595 1752 1667 (Ηοιιι.
1788 1594 1848 1652 ΙΙ.
1880 1598 1943 1671 β,
1977 1598 2121 1655 235.
2153 1617 2218 1666 η,

209 1679 316 1746 96),
343 1690 435 1736 aut
475 1679 794 1757 Virgiliano
847 1681 1016 1752 (Aen.
1063 1680 1164 1749 IX,
1212 1684 1398 1752 617):
1467 1682 1513 1738 0
1539 1700 1675 1738 vere
1703 1680 2005 1757 Phrygiae
2034 1698 2221 1757 neque

209 1765 333 1821 enim
360 1765 642 1842 Phryges.
679 1765 877 1825 Potest
906 1769 1072 1825 etiam
1095 1766 1240 1832 fieri,
1269 1777 1328 1823 nt
1347 1764 1579 1824 Persius
1612 1766 1718 1824 hoc
1749 1764 1924 1823 verbo
1956 1764 2222 1823 nobilium

213 1844 552 1909 Romanorum
600 1852 805 1910 fastum
852 1850 1093 1910 irridere
1139 1851 1412 1921 volucrit,
1454 1852 1547 1930 qni
1594 1852 1868 1929 originem
1913 1870 1947 1908 a
1993 1850 2218 1908 Troicis

212 1932 406 1992 familiis
451 1933 545 2007 (de
576 1937 778 2015 quibus
809 1937 997 1995 Varro
1028 1937 1256 2014 scripsit
1288 1935 1453 1994 Serv.
1486 1934 1556 1993 ad
1587 1935 1750 2013 Virg.
1781 1933 1929 1994 Aen.
1961 1934 2034 2006 V,
2067 1940 2218 2007 704)

209 2020 531 2094 repetebant,
566 2019 712 2080 unde
752 2023 1117 2098 Troiugenas
1147 2032 1237 2080 ter
1281 2031 1450 2079 vocat
1480 2021 1756 2079 Iuvenalis
1790 2021 1856 2092 (Ι,
1893 2024 2034 2083 100.
2067 2020 2220 2091 VIII,

212 2106 331 2164 181.
357 2105 453 2177 ΧΙ,
497 2111 629 2178 95).
675 2106 763 2166 De
804 2110 975 2167 Attio
1013 2107 1282 2165 Labeone
1331 2107 1463 2164 nihil
1505 2118 1694 2168 notum
1749 2116 1873 2175 est,
1918 2108 2025 2174 nisi
2071 2103 2218 2185 quod

211 2188 361 2248 schol.
390 2191 589 2261 affert,
636 2212 763 2251 eum
795 2192 1019 2251 Homeri
1050 2189 1279 2251 Iliadem
1311 2202 1371 2250 et
1403 2189 1717 2270 Odysseam
1749 2191 1938 2270 inepte
1971 2200 2219 2250 transtu-

211 2270 822 2346 lisse,cl'.v.50,122
854 2298 937 2357 sq.

354 2383 402 2419 v.
436 2365 492 2424 6.
526 2369 769 2441 nugae!
844 2363 930 2422 Ita
955 2369 1190 2439 nugas!
1243 2362 1389 2439 apud
1426 2364 1673 2423 Plautum
1704 2362 1871 2422 Most.
1905 2361 1978 2433 V,
2028 2368 2080 2432 1,
2114 2365 2216 2424 31.

214 2441 348 2504 Pers.
379 2448 473 2517 tv,
505 2454 565 2516 7,
598 2453 658 2510 8.
712 2483 801 2494 -
857 2449 1032 2508 Roma
1066 2451 1340 2519 turbula,
1390 2470 1534 2531 quae
1567 2449 1639 2507 ob
1672 2460 2001 2526 perpetuam
2034 2449 2217 2525 agita-

214 2529 389 2591 tionem
432 2537 694 2593 trutinam
728 2536 873 2594 inste
920 2537 1161 2612 exigere
1194 2541 1409 2613 nequit,
1442 2537 1489 2593 si
1522 2534 1649 2613 quid
1681 2535 1935 2592 elevati.
1969 2553 2022 2592 e.
2056 2532 2218 2591 ‹lam-

213 2623 472 2696 nat(qnae
503 2621 841 2695 significatio
882 2621 1218 2697 utvulgaris
1265 2630 1376 2691 est,
1420 2642 1475 2679 v.
1511 2620 1679 2697 Prop.
1726 2617 1819 2689 ΙΙΙ,
1852 2623 1926 2679 31
1966 2617 2052 2695 [ΙΙ,
2086 2618 2217 2695 33],

213 2702 306 2759 44·
294 2744 307 2771 ,
323 2706 396 2764 32
418 2706 559 2783 [34],
579 2709 684 2766 58.
704 2704 895 2764 Βιιι·ιιι.
917 2706 986 2763 ad
1006 2705 1247 2764 phaedr.
1260 2705 1353 2776 111,
1377 2711 1475 2776 10,
1494 2711 1552 2767 7.
1570 2705 1861 2763 Drakenb.
1883 2702 1951 2761 ad
1964 2703 2098 2765 Liv.
2118 2702 2220 2775 lx,

214 2786 298 2856 37,
325 2791 378 2857 6,
406 2793 481 2847 ita
512 2792 640 2849 huic
672 2790 798 2849 loco
829 2794 1073 2850 trutinae
1115 2811 1288 2850 causa
1320 2794 1630 2863 convenit),
1661 2810 1771 2848 non
1804 2787 2083 2858 accedas,
2115 2807 2218 2847 ne-

215 2888 302 2946 que
328 2877 538 2933 omnino
584 2886 909 2954 corruptum
954 2877 1188 2934 aliorum
1233 2875 1490 2935 indicium
1525 2876 1798 2952 castigat,
1844 2872 1947 2949 sed
1979 2874 2124 2931 tibi
2109 2874 2216 2952 ipsi

215 2954 345 3016 lidan.
387 2959 578 3038 Populi
623 2960 881 3020 iudicium
928 2964 1191 3020 trutinae
1235 2973 1561 3038 comparat,
1603 2963 1761 3019 cuius
1807 2960 2119 3017 exameni.
2153 2978 2210 3018 e.

215 3037 356 3117 ligula
410 3066 581 3125 snpra
652 3066 881 3124 scapum
956 3059 1150 3105 erecta
1212 3048 1533 3124 improbum
1606 3048 1644 3103 i.
1705 3064 1761 3103 e.
1828 3043 2218 3103 fraudulenter

214 3141 496 3208 corruptum
557 3143 669 3190 est.
750 3132 834 3191 Ita
894 3131 1013 3191 Cic.
1066 3133 1241 3191 Verr.
1306 3131 1375 3203 ΙΙ,
1441 3138 1497 3201 1,
1557 3136 1660 3203 42,
1726 3134 1845 3192 107
1905 3139 2214 3188 testamen-

213 3219 308 3269 tum
355 3218 670 3293 improbum
741 3228 938 3287 vocat,
1013 3217 1159 3297 quod
1218 3228 1417 3276 contra
1470 3218 1633 3294 leges
1705 3217 1914 3275 factum
1960 3225 2082 3284 est,
2156 3224 2216 3273 et

214 3293 408 3358 Plautus
440 3301 605 3373 (Ruti.
655 3303 722 3373 ΙΙ,
773 3307 832 3375 3,
883 3306 1023 3374 42).
1085 3300 1414 3362 fastidiosus
1458 3301 1657 3361 aedilis
1689 3311 1813 3371 est,
1848 3300 2077 3379 siquae
2110 3302 2213 3357 im-

207 3386 398 3455 probae
424 3407 646 3446 merces
671 3400 818 3458 sunt,
850 3389 1024 3446 iactat
1053 3407 1267 3446 omnes.
1292 3387 1411 3447 Hoc
1443 3389 1613 3467 igitur
1642 3387 1775 3445 nihil
1806 3388 2008 3444 attinet
2037 3386 2214 3444 casti·

209 3485 357 3541 gare,
395 3492 516 3531 nam
567 3475 818 3552 quamtis
851 3477 972 3552 ipse
1007 3475 1313 3551 percutias,
1360 3494 1472 3532 non
1508 3483 1696 3551 potest
1740 3492 1977 3550 unquam
2009 3473 2212 3529 iustam

214 3551 453 3616 exhibere
500 3577 838 3617 mensnram.
930 3557 1201 3617 Similiter
1244 3560 1485 3637 loquitur
1523 3557 1666 3618 Ans.
1718 3555 1874 3636 tdytt.
1934 3556 2091 3625 XVI,
2137 3559 2211 3617 9:

212 3636 329 3697 iusto
357 3645 594 3702 trutinae
627 3663 691 3702 se
724 3645 982 3703 examine
1015 3640 1226 3722 pendit,
1260 3654 1318 3702 ct
1334 3645 1638 3702 Cassianus
1668 3642 1970 3701 collatione
2002 3640 2213 3710 xxm,

214 3724 393 3802 5apnd
425 3728 704 3787 Casanb.·
753 3729 887 3787 Cum
930 3749 962 3788 e
1003 3730 1290 3788 contrario
1335 3729 1591 3788 theoriae
1635 3728 1837 3787 bonum
1869 3724 2042 3785 corde
2076 3745 2215 3805 pen-

214 3820 359 3881 taret,
388 3832 453 3871 ac
497 3814 654 3873 velut
696 3815 750 3871 in
799 3834 904 3872 nna
953 3815 1112 3873 lance
1160 3824 1440 3873 tantorum
1486 3815 1736 3873 laborum
1779 3813 2173 3891 profectum,
2159 3831 2215 3869 ιιι

214 3891 362 3953 δΙῑοτιι
403 3896 836 3959 delectationem
883 3898 1104 3960 divinae
1161 3899 1650 3978 contemplationis
1710 3895 2073 3977 appenderit,
2120 3893 2213 3954 din

214 3983 445 4041 exanime
480 3986 729 4062 pectoris
761 3986 844 4043 sni
875 3983 1281 4065 quodammodo
1306 3987 1600 4063 castigato
1627 3982 1850 4044 tandem
1882 3981 2211 4062 proclamat.

357 4088 404 4126 v.
436 4075 494 4131 7.
526 4090 600 4129 ne
630 4081 687 4130 te
718 4090 919 4149 quaes.
952 4081 1152 4131 extra.
1200 4070 1260 4129 In
1309 4090 1467 4130 sunm
1513 4091 1673 4132 nsum
1716 4070 1890 4130 vertit
1942 4068 2050 4127 hoc
2092 4066 2214 4127 Ma·
