2764 4738
682 441 944 548 Senot..
987 443 1095 506 AD
1144 438 1314 505 SAT.
1356 443 1453 519 111,
1499 447 1801 509 73-79,
2133 437 2261 506 305

214 611 443 694 dapium
476 612 847 686 abundantia,
888 626 950 674 ut
978 617 1147 676 etiam
1178 625 1508 694 putrescant
1547 615 1785 694 epulae,
1833 632 1980 694 quae
2009 616 2263 675 consumi

211 718 356 779 prae
387 697 736 759 multitudine
768 721 880 760 non
910 711 1185 780 possunt3
1222 721 1367 780 quae
1386 701 1618 761 cellaria
1634 701 1956 761 muneribus
1976 701 2260 779 pinguium

214 785 552 845 Umbrorum
595 785 686 845 vel
729 785 993 846 clientum
1036 788 1257 847 referta
1300 796 1465 860 sunt,
1508 786 1709 867 quibus
1739 784 2130 847 defensionem
2158 804 2261 865 pa-

210 868 550 930 trocinando
581 870 837 950 praebet.

388 977 493 1035 74.
548 974 806 1052 Pingues
870 985 1056 1034 autem
1151 973 1392 1033 Umbros
1471 969 1612 1031 dixit
1681 971 1935 1045 nobiles,
2018 971 2259 1052 populos

214 1057 502 1127 Tusciae,
535 1056 763 1117 Umbria
793 1061 938 1118 enim
970 1060 1178 1119 Tuscia
1212 1069 1330 1129 est,
1364 1068 1429 1117 ut
1458 1057 1729 1135 Virgilius
1765 1065 1822 1118 ¹:

483 1144 743 1223 Totaque
772 1143 1045 1224 causer-225·
1073 1145 1374 1203 Panchaia
1401 1144 1643 1221 pinguis
1677 1144 1898 1203 arentis.

212 1227 292 1287 Et
320 1228 469 1288 bene
491 1247 654 1306 penu
685 1227 826 1288 dixit
847 1272 865 1300 ,
897 1250 1007 1288 non
1031 1248 1295 1309 penore,
1329 1238 1393 1286 ut
1420 1228 1692 1305 Virgilius
1723 1233 1783 1287 ²:

483 1315 926 1392 Quinquaginta
956 1316 1111 1374 intus
1125 1312 1405 1393 famulae
1420 1356 1439 1386 ‚
1474 1313 1685 1393 quibas
1708 1315 1912 1373 ordine
1945 1314 2118 1392 longo

486 1400 651 1458 Cura
675 1420 891 1479 penam
920 1411 1190 1460 seruere:

213 1484 351 1565 quia
396 1482 468 1542 ab
523 1502 632 1556 eo,
691 1483 837 1564 quod
895 1497 986 1545 est
1031 1503 1224 1564 penus
1241 1528 1260 1557 ‚
1318 1484 1457 1544 facit
1500 1483 1664 1543 huius
1697 1486 1978 1564 penoris,
2033 1482 2105 1544 ab
2149 1482 2259 1544 linc

204 1588 475 1648 penore.-
522 1568 594 1627 ab
625 1589 730 1642 eo,
779 1569 925 1651 quod
958 1580 1048 1630 est
1081 1589 1333 1649 penum,
1377 1569 1542 1628 huius
1565 1572 1745 1650 peni,
1792 1570 1863 1630 ab
1894 1571 2003 1629 hoc
2025 1590 2181 1649 peno
2213 1573 2257 1628 ⁸.

212 1655 376 1733 Ergo
406 1674 545 1733 quas
577 1655 674 1714 tibi
705 1667 901 1735 partes
932 1656 1236 1715 iniunxerit
1264 1653 1406 1715 deus
1438 1656 1493 1714 in
1527 1657 1818 1727 convictu,
1867 1656 1961 1734 qui
2004 1674 2128 1715 cum
2159 1654 2262 1714 ho-

209 1739 457 1801 minibus
489 1750 613 1810 est,
660 1760 873 1800 summa
917 1741 1134 1801 illarum
1179 1742 1418 1820 partium
1450 1741 1691 1799 omnium
1723 1749 1813 1799 est
1843 1739 2259 1819 philosophari:

213 1844 328 1885 nec
359 1835 417 1883 te
450 1824 742 1885 abstrahat
771 1825 1066 1886 admiratio
1098 1824 1474 1885 abundantiae
1507 1835 1568 1884 et
1609 1825 1897 1906 potentiae
1942 1823 2261 1885 causidico-

211 1929 339 1971 rum
372 1930 406 1968 a
437 1912 747 1990 sapientia,
793 1910 939 1992 quod
967 1912 1254 1991 plerisque
1286 1910 1579 1971 iuvenibus
1619 1909 1843 1971 accidit.

393 2016 495 2075 75.
541 2014 626 2073 Et
640 2015 820 2091 piper
849 2023 912 2072 et
926 2033 1156 2093 pernae
1173 2057 1194 2085 ,
1247 2011 1482 2072 subaudi
1513 2024 1728 2093 putent.
1885 2014 2261 2073 Monumenta

212 2107 349 2156 sunt
393 2118 658 2170 munera,
704 2118 849 2178 quae
896 2101 1216 2159 memoriam
1264 2100 1551 2172 efficiunt,
1607 2120 1710 2171 eo,
1768 2097 1913 2178 quod
1957 2098 2263 2158 memoriae

213 2182 530 2255 haereant,
563 2185 654 2263 qui
687 2204 757 2243 ea
788 2185 954 2256 dant,
1000 2194 1097 2244 aut
1125 2184 1254 2265 quia
1285 2196 1529 2245 mentem
1559 2196 1844 2244 moneant.

394 2290 497 2349 76.
539 2288 760 2345 Macna
801 2286 1128 2346 salsamenti
1172 2306 1353 2365 genus
1394 2298 1487 2347 est
1530 2307 1605 2347 ex
1633 2288 1791 2368 pisce
1823 2287 2069 2358 minuto,
2116 2306 2262 2367 quae

215 2369 488 2450 locupleti
534 2373 719 2431 oblata
778 2384 870 2433 est
912 2375 1068 2453 prius
1112 2393 1276 2453 quam
1320 2373 1509 2434 finiret
1549 2374 1677 2447 illa,
1735 2393 1881 2454 quae
1927 2374 1985 2433 in
2026 2374 2262 2434 cellario

218 2459 459 2536 primum
492 2457 789 2517 habuerat.

399 2547 501 2604 77.
546 2545 660 2602 Hic
690 2545 903 2621 aliquis
935 2543 1006 2602 de
1031 2554 1212 2621 gente
1258 2545 1519 2604 hircosa.
1583 2544 1836 2603 Hir-cosa
1873 2540 2013 2602 dixit
2054 2552 2152 2601 aut
2192 2542 2263 2602 ab

218 2625 402 2687 odore
435 2631 714 2707 corporis,
745 2630 874 2708 quia
904 2649 979 2689 ex
1007 2629 1179 2687 multo
1207 2629 1402 2688 labore
1435 2639 1496 2688 et
1523 2628 1648 2689 cibo
1681 2640 1740 2688 et
1769 2647 1963 2687 somno
1994 2625 2265 2687 foetidum

219 2711 467 2784 sudant,
513 2724 611 2772 aut
651 2711 722 2771 ad
764 2734 953 2773 mores
997 2714 1271 2773 barbaros
1317 2714 1543 2785 retulit,
1589 2723 1651 2771 ut
1680 2710 1898 2792 quidam
1931 2733 2125 2772 eorum
2155 2711 2267 2772 dici

218 2797 403 2878 putidi
449 2798 653 2858 solent.
719 2799 789 2857 Et
836 2799 945 2859 hoc
978 2810 1146 2878 poeta
1177 2797 1343 2858 dicit:
1402 2797 1600 2864 Mede
1632 2797 1985 2878 philosophia
2016 2810 2267 2858 tractan-

218 2895 341 2942 tem
373 2885 424 2942 si
454 2881 675 2963 quidam
707 2885 932 2944 militum
966 2882 1186 2957 audiat,
1218 2884 1324 2944 hoc
1356 2882 1529 2943 dicat.

399 2990 501 3047 78.
554 2987 725 3061 Quod
765 2990 917 3047 satis
951 2998 1072 3060 est,
1114 2990 1284 3066 sapio
1326 2988 1506 3057 mihi,
1553 2985 1662 3045 hoc
1704 2995 1832 3056 est,
1882 2985 2092 3044 sufficit
2135 2985 2267 3043 mihi

223 3071 502 3131 naturalis
534 3092 737 3130 sensus
768 3073 1030 3152 nullaque
1062 3093 1138 3132 ex
1165 3071 1519 3153 philosophia
1552 3069 1867 3131 eruditione
1898 3068 2179 3131 delector.

399 3176 501 3235 79.
547 3175 681 3232 Non
724 3193 834 3252 ego
875 3195 1018 3234 curo
1063 3195 1190 3234 esse
1223 3177 1381 3254 quod
1414 3175 1744 3234 Arcesilas.
1800 3171 1926 3233 Non
1958 3192 2098 3232 curo
2129 3191 2264 3231 esse

221 3258 370 3329 hoe,
415 3258 564 3338 quod
592 3260 886 3319 Arcesilas
921 3259 1319 3339 philosophus,
1361 3271 1460 3318 aut
1501 3259 1710 3330 Solon,
1756 3260 1848 3338 qui
1894 3256 2038 3337 apud
2082 3257 2267 3317 Athe-

224 3346 456 3403 nienses
487 3344 853 3423 philosophus
886 3356 945 3405 et
976 3346 1269 3423 legislator
1298 3357 1459 3416 erat,
1504 3347 1594 3425 qui
1626 3343 1765 3404 duas
1796 3344 2017 3404 tabulas
2048 3343 2268 3422 legibus

224 3426 461 3489 addidit.
638 3431 884 3489 Solones
926 3442 1113 3491 autem
1159 3451 1297 3491 sane
1341 3450 1500 3489 more
1545 3429 1797 3489 Romano
1842 3428 2015 3500 dixit,
2066 3440 2129 3488 ut
2158 3429 2268 3486 Ca-

226 3525 394 3574 tones
413 3556 430 3583 ,
462 3514 763 3586 Camillos,
810 3516 1049 3575 Drusus.
1219 3518 1586 3576 Aerumnosi
1610 3526 1828 3587 autem,
1875 3517 2005 3595 quia
2035 3514 2268 3592 frugali-

227 3609 317 3658 tas
362 3600 815 3679 philosophorum
875 3602 1081 3660 misera
1138 3600 1361 3662 videtur
1411 3602 1713 3660 luxuriosis
1757 3612 1816 3660 et
1857 3598 2148 3679 prodigis,
2194 3618 2268 3658 eo

230 3683 378 3764 quod
409 3686 649 3744 animum
679 3686 937 3746 colentes
969 3689 1226 3766 corporis
1269 3686 1475 3745 cultum
1525 3687 1812 3745 abiiciaut.
1955 3685 2270 3744 Arcesilas

229 3769 430 3849 Scythi
478 3770 658 3843 filius,
704 3771 1043 3842 Pitanaeus,
1096 3772 1450 3852 Cyrenaicus
1492 3770 1851 3851 philosophus
1893 3772 2268 3850 peritissimus

228 3856 367 3927 ruit,
410 3857 504 3935 qui
532 3854 897 3917 Academiam
925 3859 1137 3937 primus
1169 3859 1401 3918 invenit.

231 4059 256 4110 1
296 4057 443 4123 Virg.
484 4057 672 4124 Georg.
714 4058 780 4123 11,
822 4059 939 4113 139.
1075 4055 1078 4058 ’
1359 4060 1395 4115 2
1429 4058 1579 4125 Virg.
1619 4060 1751 4112 Aen.
1789 4059 1833 4124 1,
1870 4060 1972 4113 7⁰3
1995 4075 2075 4126 sq.

228 4129 261 4182 3
299 4126 377 4178 Cf.
419 4127 569 4181 Serv.
611 4129 679 4182 ad
712 4128 863 4194 Virss.
902 4129 943 4181 l.
981 4128 1022 4180 l.
1058 4127 1252 4194 Reisig.
1291 4144 1372 4194 gr.
1410 4129 1506 4181 lat.
1546 4130 1574 4195 5
1609 4129 1698 4183 85.

314 4218 553 4259 ramus.
1766 4202 1850 4261 20
