2764 4738
920 434 1087 496 sA'r.
1120 436 1217 507 VI,
1239 439 1331 499 Ι75
1347 437 1435 485 -’-
1452 440 1553 499 79.
2099 432 2228 500 229

354 627 411 664 v.
443 611 717 671 75—80.
763 607 1001 667 'omisso
1042 604 1266 685 dialogo
1313 607 1599 667 sententia
1634 603 1704 667 de
1736 607 2060 687 inexplebili
2092 627 2228 668 nva-

187 693 314 751 titia
354 690 566 751 clandit
607 695 859 752 satiram.
909 696 1111 752 Vende
1153 695 1405 752 annnam
1434 695 1641 764 lucro,
1688 704 1749 751 nt
1778 693 1990 751 lucrum
2026 694 2228 766 facins,

187 779 364 856 ipsam
412 778 581 836 vitam
624 777 917 858 impende,
963 780 1040 838 cf.
1080 779 1323 856 Longin.
1366 776 1438 838 de
1476 778 1620 836 subl.
1666 783 1770 848 44,
1817 782 1893 840 9:
1959 773 2027 837 τὸ
2059 775 2120 836 δ’
2158 776 2226 837 ἐκ

187 862 294 922 τοῦ
332 858 553 933 παντὸς
593 861 930 945 κερδαίνειν
973 858 1299 940 ὠνούμεθα
1339 864 1446 936 τῆς
1482 863 1684 942 ψυχῆς
1713 860 1787 923 cI.
1817 862 1960 921 Plut.
1995 861 2064 923 dc
2096 864 2224 923 coh.

187 947 269 1006 ira
299 951 372 1010 9:
404 943 537 1006 ’Ότι
564 945 683 1029 γὰρ
727 944 803 1006 ἂν
829 946 981 1030 θεὶς]
1012 946 1081 1028 (ὃ
1121 944 1348 1028 θυμὸς)
1390 949 1588 1027 ψυχῆς
1631 943 1888 1008 ὠνεῖται.
1948 951 2226 1008 Mercare

188 1043 250 1090 et
305 1043 518 1092 excute
570 1035 784 1092 sollers
840 1054 1004 1093 omne
1063 1036 1220 1092 latus
1279 1036 1515 1103 memdi,
1577 1034 1659 1109 cf.
1724 1032 1953 1093 Petu-on.
2003 1054 2052 1094 c.
2108 1038 2226 1097 119

187 1138 240 1176 v.
275 1123 354 1180 14
385 1138 514 1197 sq.:
576 1118 811 1179 Ultimus
851 1118 1090 1178 Ammon
1133 1119 1402 1177 Afrorum
1449 1121 1763 1190 excutiunt-3
1810 1140 1883 1178 ne
1925 1121 2013 1177 sit
2046 1139 2226 1197 prac-

188 1201 446 1262 sttmtae‘or
473 1206 661 1275 alter,
708 1206 782 1264 cf.
815 1204 980 1282 Vin-g.
1006 1203 1155 1264 Aen.
1186 1204 1285 1274 VI,
1321 1208 1443 1265 164
1470 1224 1587 1283 sq.=
1635 1204 1757 1276 Quo
1788 1226 1896 1263 non
1929 1216 2226 1283 praestan-

187 1290 295 1346 tior
334 1289 485 1348 altcr
530 1289 686 1349 Aere
733 1290 890 1350 ciero
923 1291 1076 1348 viros
1119 1288 1472 1369 Martemque
1505 1288 1824 1349 accendere
1856 1301 2042 1349 cantu.
2112 1294 2225 1347 Fa-

188 1384 345 1433 tasta
381 1394 586 1452 pegma
616 1386 774 1447 erat,
807 1377 860 1434 in
889 1395 999 1454 quo
1032 1377 1183 1433 servi
1215 1377 1447 1434 venales
1479 1374 1934 1453 proponebantur
1965 1377 2063 1448 (cf.
2097 1375 2223 1433 Tib.

186 1458 251 1529 II,
284 1462 345 1530 3.
381 1464 463 1521 60
504 1460 581 1518 ib.
627 1460 860 1519 Dissen.
911 1460 1080 1519 Mart.
1126 1460 1225 1529 vl,
1268 1464 1373 1530 29,
1427 1465 1481 1521 1.
1546 1460 1646 1531 IX,
1691 1466 1793 1531 29,
1828 1466 1885 1523 5.
1920 1461 1992 1533 X,
2025 1466 2128 1532 76,
2160 1465 2223 1523 3.

188 1543 349 1604 Suet.
386 1543 457 1604 de
490 1546 566 1603 ill.
599 1566 691 1623 gr.
734 1550 829 1607 13.
863 1545 1003 1604 ΡΙίο.
1034 1544 1279 1615 XXXV,
1317 1550 1413 1617 18,
1450 1549 1552 1615 58)
1604 1544 1771 1617 nudi,
1817 1557 1878 1604 ut
1907 1547 1977 1604 ab
2009 1558 2226 1625 empto-

184 1632 338 1688 ribus
385 1633 639 1709 conspici
685 1643 745 1690 et
785 1632 938 1708 tangi
986 1642 1222 1709 possent
1270 1631 1427 1703 (Seu.
1473 1641 1654 1689 contr.
1703 1631 1743 1701 1.
1790 1635 1829 1693 2
1876 1653 1928 1710 p.
1973 1637 2055 1693 82
2103 1633 2223 1710 Bip.

185 1716 351 1774 Mart.
385 1715 488 1785 IX,
521 1721 622 1788 59,
654 1721 691 1779 3
726 1737 848 1796 sqq.
894 1714 1090 1774 Claud.
1124 1719 1177 1774 in
1208 1717 1445 1794 Eun-op.
1479 1717 1521 1785 I,
1553 1721 1635 1778 35
1668 1723 1802 1795 sq.).
1870 1719 2086 1793 Rigida
2108 1762 2124 1785 ,
2169 1719 2222 1775 in

185 1802 353 1860 altum
416 1814 647 1873 erecta,
707 1813 765 1860 ut
825 1804 1062 1879 rigidae
1117 1803 1453 1877 columnae,
1514 1799 1672 1861 ovid.
1737 1802 1867 1860 fast.
1928 1802 2023 1873 III,
2070 1807 2219 1865 529.

194 1889 606 1965 Cappadocum
651 1906 941 1946 servorum
989 1907 1192 1965 magna
1224 1886 1436 1947 Romae
1469 1899 1597 1947 erat
1637 1889 1798 1965 copia
1832 1888 1977 1967 (Cic.
2013 1909 2064 1964 p.
2099 1888 2220 1947 red.

185 1974 237 2030 in
270 1972 408 2032 Sen.
445 1976 502 2039 6.
541 1978 639 2035 14.
676 1973 816 2032 Hor.
853 1991 979 2051 epp.
1014 1972 1056 2043 1,
1091 1977 1150 2044 6,
1182 1976 1282 2034 39.
1313 1972 1521 2031 Athen.
1555 1973 1577 2031 I
1610 1993 1662 2050 p.
1683 1978 1764 2033 20
1796 1974 1859 2031 C.
1893 1974 1969 2034 cf.
2005 1974 2226 2050 Heyne,

186 2079 313 2136 opp.
347 2069 388 2116 t.
421 2058 501 2116 IV
531 2079 584 2137 p.
623 2062 743 2120 136
770 2079 891 2137 sqq.
941 2058 1230 2136 Bottiger‚
1266 2058 1458 2117 Sabin.
1494 2058 1543 2116 11
1572 2080 1628 2137 p.
1658 2062 1783 2120 202
1802 2066 1971 2138 sqq.).
2044 2059 2226 2118 Erant

184 2142 332 2220 longi
366 2154 427 2202 et
458 2144 670 2202 robusti
706 2144 966 2215 (Petu-on.
999 2163 1050 2202 c.
1084 2148 1226 2215 63),
1271 2142 1402 2202 inde
1436 2144 1563 2203 boni
1596 2144 1868 2203 lecticarii
1903 2145 2092 2209 (Mart.
2124 2145 2226 2216 vl,

185 2234 286 2299 77,
317 2232 424 2307 4),
473 2242 533 2287 et
565 2227 869 2287 libidinosis
913 2249 1133 2308 quoque
1176 2231 1399 2307 accepti
1453 2227 1643 2306 (Apul.
1678 2229 1815 2289 Met.
1846 2229 1976 2288 VIII
2009 2251 2061 2308 p.
2097 2235 2215 2293 211

183 2313 326 2374 Elm.
361 2315 597 2374 Lucian.
630 2315 792 2374 Asin.
827 2317 964 2387 36),
1010 2334 1190 2394 quare
1224 2316 1311 2374 hic
1337 2316 1592 2393 pingues
1623 2328 1915 2376 vocantur.
1978 2316 2051 2374 Et
2092 2315 2221 2375 ideo

183 2400 320 2460 dicit
354 2403 626 2478 pavisse,
673 2399 818 2481 quod
866 2399 935 2459 de
984 2403 1166 2459 servis
1213 2403 1476 2459 usitatum
1522 2413 1643 2472 est,
1690 2402 1913 2460 cf.1uv.
1949 2401 2043 2472 111,
2081 2409 2222 2464 141.

183 2484 414 2546 Petu-on.
450 2492 554 2547 57.
592 2486 729 2545 Sen.
762 2507 887 2564 epp.
921 2486 1102 2557 XVII,
1136 2491 1195 2546 3.
1229 2485 1297 2545 dc
1330 2487 1489 2545 brev.
1522 2488 1620 2544 vit.
1643 2491 1740 2548 12.
1789 2491 1924 2546 Rem
1960 2489 2219 2565 duplic-a,

182 2573 257 2631 cf.
306 2573 423 2631 Iuv.
467 2572 625 2643 XIV,
669 2575 827 2633 229:
890 2573 1223 2649 patrimonia
1268 2570 1687 2649 conduplicare.
1746 2572 1885 2632 Hor.
1923 2592 2049 2650 epp.
2086 2572 2128 2644 l,
2163 2577 2221 2644 6,

184 2662 264 2719 34
294 2678 421 2737 sq.:
457 2657 612 2716 Mille
645 2659 856 2716 talento
889 2656 1289 2727 rotundentnr,
1323 2656 1554 2715 totidem
1587 2656 1789 2728 altera,
1822 2678 1992 2735 porro
2025 2660 2223 2717 Tei-tia

184 2741 517 2811 succedant,
550 2754 609 2802 et
639 2763 783 2822 quae
817 2763 948 2820 pars
981 2741 1220 2822 quadret
1250 2762 1535 2801 acervum.
1590 2740 1814 2801 Similes
1846 2743 2003 2802 locos
2036 2742 2223 2803 attulit

183 2829 435 2889 Casanb.
483 2829 675 2887 Basilii
722 2830 777 2886 in
826 2829 1016 2888 homil.
1067 2826 1137 2886 ad
1185 2826 1426 2887 divites.
1490 2828 1748 2885 Πολλων
1792 2825 1958 2904 ὑμεῖς
2005 2826 2225 2899 ἐνδεεῖς

181 2912 348 2974 ποιεῖ
384 2909 452 2972 τὸ
487 2914 593 2986 τῆς
636 2910 960 2990 ἐπιθιμιάς
997 2907 1355 3013 ἀκόρεστον·
1405 2909 1531 2981 τοῖς
1562 2909 1709 2970 δέκα
1736 2908 2043 2982 ταλάντοις
2075 2910 2224 2973 δέκα

183 3000 358 3096 ἕτερα
400 2995 800 3099 προστιθέναι
863 2989 1246 3069 σπουδάζεις·
1314 2993 1557 3056 ἐπειδὰν
1612 2992 1674 3054 δ’
1714 2995 1908 3057 εἴκοσι
1955 2995 2218 3076 γένηται,
2258 2988 2262 2994 ’

185 3079 332 3142 ἄλλα
372 3083 637 3142 τοσαῦτα
679 3079 994 3156 ἐπιζητεῖς·
1053 3103 1152 3140 και
1197 3078 1293 3141 ἀεί
1325 3103 1423 3141 σοι
1460 3077 1527 3141 τὸ
1570 3079 2046 3161 προστιθέμενον
2089 3079 2159 3142 οἰ
2162 3082 2223 3162 χι

183 3164 290 3241 τὴν
344 3162 540 3250 ὁρμὴν
591 3170 861 3240 ἵστησιν,
924 3163 1046 3226 ἀλλ’
1078 3163 1401 3244 ἀναφλέγει
1456 3163 1564 3240 τὴν
1621 3163 1755 3248 ὅρε
1734 3174 1839 3226 ιν.
1900 3166 2098 3226 Caleni
2147 3167 2219 3228 de

183 3274 305 3315 cnr.
351 3254 535 3312 mor-b.
584 3274 674 3311 an.
760 3247 890 3310 Ἀεῖ
934 3253 1205 3312 ποθοῦσι
1257 3253 1376 3310 τῶν
1419 3247 1767 3352 ἔμπροσθεν
1810 3252 1869 3311 οἱ
1908 3248 2220 3325 ἄπληστοι,
2302 3301 2319 3326 ,-

184 3335 334 3399 ὥστε
421 3333 534 3415 κᾷν
618 3333 932 3397 διπλάσιον
1017 3331 1210 3433 ἔχωσι
1278 3333 1629 3418 τριπλάσιον
1713 3332 2223 3437 προσκτησασθαι

185 3421 559 3482 σπεύδουσι·
632 3417 746 3498 κᾷν
785 3419 1137 3522 τριπλάσιον
1183 3416 1401 3501 ἐξίωσι,
1433 3421 1878 3502 τετοαπλασίων
1922 3418 2209 3498 ε’φιενται.

186 3508 455 3588 Simplicii
505 3511 558 3566 in
604 3508 886 3609 Epictet..
935 3502 1050 3565 Λν
1105 3504 1253 3565 δέκα
1310 3503 1711 3582 κτησόμεθα,
1768 3505 1961 3566 εἴκοσι
2011 3504 2223 3584 βουλό-

183 3600 380 3671 μεθα·
449 3589 564 3670 κᾷν
621 3592 848 3663 εἴκοσι,
904 3587 1340 3689 τετταράκοντα
1402 3613 1502 3650 και
1561 3589 1982 3688 e'q265219·uoe2
2033 3590 2222 3697 πεόας

184 3677 363 3741 οὐδὲν
414 3679 519 3750 τῆς
575 3677 659 3747 εἰς
713 3672 782 3736 τὸ
830 3673 1045 3757 ἀχανὲς
1095 3677 1200 3749 τῆς
1258 3671 1582 3749 ἀπληστίας
1637 3671 1960 3749 ὠθήσεωςῑ,
2024 3676 2129 3734 καὶ
2184 3703 2219 3751 η
2304 3711 2335 3747 ‚-

184 3762 329 3842 ὅρον
374 3762 605 3840 ἐκβᾶσα
653 3757 837 3839 φύσις
873 3762 957 3831 εἰς
992 3758 1304 3840 ἀοριστίαν
1345 3759 1631 3820 ἐκπίπτει.
1690 3763 1861 3819 Redzt
1890 3763 1948 3819 in
1978 3782 2216 3840 rugam,

182 3871 267 3911 sc.
314 3851 528 3918 vestis»,
575 3849 651 3908 cf.
686 3846 830 3906 Plin.
865 3847 1110 3917 XXXV,
1143 3851 1202 3916 8,
1235 3851 1336 3908 34.
1404 3847 1564 3905 Ten.
1599 3845 1667 3904 de
1698 3846 1827 3925 pall.
1861 3851 1920 3908 5.
1955 3846 2100 3926 quod
2130 3849 2223 3907 Iu-

182 3936 398 3995 venalis
445 3933 623 4008 (XIV,
671 3937 817 4003 328)
870 3931 1008 3991 dixit
1064 3934 1350 4006 gremium
1419 3933 1679 4009 implere.
1753 3934 2060 4010 Depingc,
2124 3935 2230 3992 ube·
2298 3959 2316 3970 “

181 4024 423 4091 sistam,
469 4030 655 4079 mente
687 4019 787 4076 tibi
817 4020 1058 4077 informa
1087 4027 1381 4095 punctum,
1428 4015 1520 4076 ubi
1554 4020 1783 4087 sistam3
1816 4019 1923 4076 nisi
1954 4021 2221 4096 depunge

183 4105 481 4186 legendum
515 4115 641 4177 est,
683 4115 945 4183 punctum
978 4113 1133 4164 nota.
1185 4102 1345 4177 Quod
1387 4123 1511 4163 cum
1553 4103 1648 4164 ille
1693 4101 1963 4176 dixisset,
2009 4105 2223 4163 iocula-
