2764 4738
874 439 1618 504 PROLEGOMENA.
2071 462 2262 503 cxcix

637 609 699 671 ΙΙ,
742 610 806 661 u
843 611 1052 661 ducitur
1084 638 1155 649 —
1191 612 1449 662 conditur.

634 694 698 758 ΙΙ,
739 696 804 747 ⁴2
841 695 1063 759 grandes
1097 722 1168 733 —
1204 698 1434 763 pingues.

638 780 701 843 ΙΙ,
740 780 806 833 69
841 788 1023 831 saneto
1058 808 1128 818 —
1163 797 1310 831 sacro
1344 810 1414 820 -—
1450 782 1657 848 templo.

636 865 721 928 ΙΙΙ,
760 868 795 918 2
831 866 1066 917 extendit
1100 892 1172 905 -
1205 868 1451 918 ostendit.

633 949 718 1014 ΙΙΙ,
758 950 790 1003 9
826 950 970 999 dieas
1006 976 1074 987 —
1109 951 1311 1002 eredas.

634 1035 720 1097 ΙΙΙ,
760 1035 824 1087 16
861 1033 1093 1086 columbo
1129 1065 1197 1073 —
1232 1037 1490 1103 palumbo.

634 1119 722 1186 ΙΙΙ,
763 1122 829 1172 46
868 1137 962 1171 non
1000 1136 1125 1171 sano
1160 1150 1229 1160 -
1264 1124 1463 1174 insano.

635 1206 723 1270 ΙΙΙ,
761 1207 828 1257 89
865 1213 1141 1273 exsuperat
1182 1235 1241 1243 —
1279 1208 1545 1258 exuberat.

636 1290 718 1353 ΙΙΙ,
762 1292 859 1344 100
897 1291 1108 1342 triental
1148 1318 1213 1329 —
1250 1291 1512 1343 trientem.

636 1374 722 1439 iV,
759 1377 827 1428 20
866 1385 1092 1427 veterem
1130 1403 1197 1414 —
1234 1378 1450 1428 veteris.

635 1461 724 1524 lv,
763 1463 831 1515 52
870 1463 1012 1512 noris
1048 1489 1115 1498 —
1149 1470 1208 1513 ut
1246 1463 1403 1513 noris.

635 1546 699 1611 V,
738 1547 804 1598 58
839 1547 1007 1613 putris
1042 1573 1111 1585 —
1147 1548 1313 1613 putris
1350 1555 1434 1599 est
1465 1576 1534 1586 -—-
1571 1551 1735 1615 putrit
1774 1575 1835 1586 -
1873 1555 2064 1615 patret.

632 1630 698 1689 V,
737 1631 805 1682 64
843 1632 1153 1698 iuvenesque
1189 1650 1443 1700 senesque
1477 1662 1547 1672 —
1582 1633 1829 1699 puerique
1865 1648 1971 1684 sen.

632 1715 701 1783 V,
739 1716 806 1769 73
842 1718 937 1767 bae
972 1725 1031 1768 ut
1064 1720 1279 1786 quisque
1314 1747 1385 1756 —
1421 1720 1516 1770 hae
1551 1733 1651 1785 qua
1689 1718 1856 1785 quisq.
1897 1722 2024 1768 cett.

632 1799 697 1863 V,
739 1800 839 1853 118
876 1801 1047 1865 relego
1081 1830 1153 1843 —-
1188 1812 1380 1870 repeto.

636 1885 701 1949 V,
744 1888 842 1939 124
878 1888 1042 1937 sentis
1079 1915 1140 1925 —
1180 1889 1360 1941 sunnis.

632 1969 722 2034 Vl,
762 1971 793 2023 9
829 1972 1121 2035 cognoscite
1154 1999 1225 2011 —
1259 1989 1588 2037 cognoscere.

633 2053 723 2118 vl,
760 2057 828 2109 24
864 2058 1136 2108 turdarum
1172 2084 1241 2096 —
1277 2059 1569 2110 turdorum.

200 2164 530 2249 Plerisque
581 2163 791 2227 horum
835 2164 1104 2228 locorum
1151 2167 1326 2250 origo
1367 2189 1469 2231 vv.
1514 2168 1580 2230 ll.
1624 2169 1723 2231 vel
1782 2167 1921 2230 inde
1976 2167 2260 2248 cognosci

201 2279 446 2351 potest,
495 2266 655 2349 quod
698 2266 762 2327 in
809 2266 1155 2349 quibusdam
1202 2268 1380 2330 codd.
1430 2268 1622 2332 altera
1652 2269 1826 2333 alteri
1858 2265 2264 2349 superscripta

204 2381 327 2434 est.
376 2368 857 2452 Antiquissimae
887 2381 1084 2433 antem
1120 2369 1232 2434 hae
1261 2371 1507 2455 glossae
1538 2383 1715 2448 suut,
1763 2393 1898 2434 nam
1933 2392 2054 2433 non
2084 2368 2263 2432 modo

203 2470 522 2534 flauthalii
552 2471 693 2533 eod.
735 2469 1117 2535 oxoniensis
1146 2494 1312 2536 saee-
1344 2469 1477 2549 IX,
1515 2494 1548 2536 e
1578 2494 1696 2556 quo
1728 2474 2049 2557 plerosque
2080 2471 2255 2536 eodd.

208 2575 425 2636 ductos
470 2583 641 2657 putat
682 2575 771 2656 (p.
805 2571 962 2654 423)
1010 2575 1164 2638 tales
1207 2573 1324 2638 iam
1371 2586 1671 2639 monstrat
1712 2573 1859 2660 (lv,
1891 2572 1975 2637 37
2019 2596 2078 2657 p.
2109 2571 2258 2637 324.

207 2670 294 2753 V,
345 2673 500 2753 58),
564 2675 671 2737 sed
717 2676 778 2738 in
820 2674 965 2761 Mp.
1008 2676 1192 2740 Rom.
1248 2696 1482 2759 quoque
1533 2678 1824 2741 lectiones
1885 2686 2260 2760 comparent,

208 2796 364 2860 quae
396 2787 607 2860 aperte
638 2799 675 2841 e
706 2778 910 2860 glossa
941 2789 1113 2842 ortae
1145 2788 1310 2840 sunt.
1376 2776 1489 2840 flio
1528 2791 1728 2844 autem
1777 2779 2039 2842 maxime
2085 2796 2263 2860 appa-

208 2889 344 2955 ret,
393 2878 551 2961 quod
598 2879 672 2941 de
716 2880 896 2942 codd.
941 2879 1144 2944 indole
1194 2900 1370 2964 supra
1425 2882 1666 2959 monui,
1715 2903 1851 2944 nam
1899 2881 2097 2943 nullus
2142 2889 2260 2955 est,

208 2980 311 3064 qui
354 2980 432 3044 ab
478 2981 590 3043 hae
635 2979 769 3044 labe
813 2981 1094 3044 immunis
1126 2982 1433 3060 evaserit,
1481 2983 1674 3046 etalii
1705 3002 1916 3046 omnes
1947 2982 2082 3046 aliis
2112 2983 2262 3046 loeis

206 3093 527 3165 eoi-ruptas
570 3082 864 3146 lectiones
910 3083 1235 3164 praebent,
1286 3084 1371 3148 ita
1418 3094 1483 3147 ut
1534 3084 1793 3147 diversis
1838 3084 1989 3148 loeis
2033 3085 2262 3167 antiqui

207 3195 271 3248 et
304 3183 448 3246 boui
479 3184 617 3246 libri
648 3206 781 3248 eum
829 3184 1264 3249 recentissimis
1310 3196 1372 3249 et
1413 3186 1688 3270 pessimis
1729 3185 2152 3262 consentiunt,
2201 3198 2262 3248 et

206 3287 363 3349 eerti
393 3286 569 3348 codd.
591 3332 610 3363 ‚
659 3307 807 3369 quos
838 3287 1151 3368 sequaris,
1199 3287 1340 3369 eligi
1375 3298 1701 3370 nequeant.
1776 3285 1869 3350 lta
1903 3306 2260 3369 unoquoque

208 3390 345 3451 loeo
391 3387 613 3451 indic-io
662 3399 724 3452 et
769 3388 1103 3452 rationibus
1150 3389 1594 3453 decernendum
1637 3400 1768 3467 est,
1815 3388 1954 3471 quid
2002 3408 2040 3451 a
2086 3399 2264 3471 poeta

208 3493 541 3573 profectum
587 3489 708 3567 sit,
755 3491 894 3574 quid
927 3511 961 3553 e
992 3491 1192 3573 glossa
1227 3502 1433 3555 natum
1454 3539 1472 3570 ,
1520 3512 1634 3575 qua
1675 3492 1738 3554 in
1769 3514 1837 3556 re
1868 3492 1999 3554 fieri
2032 3492 2259 3573 nequit,

206 3592 351 3674 quin
395 3591 656 3675 singulis
704 3593 834 3656 fere
876 3592 1026 3657 loeis
1069 3593 1345 3659 diversas
1387 3594 1724 3658 sententias
1756 3605 2086 3675 sequantur
2114 3588 2260 3656 VV.

205 3690 350 3756 DI).
377 3739 397 3769 ,
447 3714 559 3756 nee
591 3715 732 3757 raro
764 3694 977 3758 dubius
1009 3696 1092 3759 sis
1116 3742 1134 3773 ,
1182 3696 1319 3778 quid
1349 3718 1559 3760 verum
1592 3696 1840 3760 habeas.
1873 3732 1959 3743 —
1989 3697 2086 3759 Ad
2120 3697 2259 3759 eod.

205 3793 311 3858 131
347 3806 414 3859 nt
442 3807 765 3876 revertar,
814 3798 972 3861 addo
1020 3819 1155 3862 eum
1204 3799 1503 3861 interdum
1535 3797 1893 3882 antiquioris
1940 3797 2261 3882 orthogra-

204 3897 381 3982 phiae
414 3898 678 3982 vestigia
709 3920 1020 3977 servasse,
1056 3919 1114 3962 e.
1138 3921 1199 3982 g.
1236 3897 1289 3978 Ι,
1322 3898 1429 3963 20.
1464 3901 1762 3984 ingentis.
1789 3897 1902 3973 Vl,
1934 3895 2019 3962 34
2047 3901 2262 3984 negle-

199 4010 347 4080 get,
396 4001 482 4063 al.
560 3997 668 4063 Bis
702 3999 883 4064 habet
912 4021 1130 4066 versus
1162 4003 1314 4066 duos
1345 4002 1507 4066 notis
1537 4002 1883 4085 quibusdam
1917 4002 2256 4076 distinctos,

215 4103 327 4164 hoe
357 4103 541 4167 modo
563 4149 582 4180 ,
635 4099 717 4178 V,
749 4100 836 4166 60
864 4126 955 4188 sq.
981 4131 996 4166 ι
