2764 4738
714 400 980 465 scach.
1009 404 1116 468 An
1149 403 1319 467 SAT.
1349 402 1446 478 111,
1477 406 1554 468 31
1576 405 1780 469 —32
2138 399 2270 469 299

559 577 895 636 Dr‘sct’nctm
924 586 1038 636 aut
1053 576 1305 655 perdam
1331 595 1534 655 nepos.

222 661 336 724 vol
366 658 727 733 discinctum,
758 662 994 723 obesum
1024 672 1086 721 et
1112 663 1492 721 ventricosum
1521 661 1773 733 luxuria,
1814 661 1946 742 quia
1974 661 2126 739 cingi
2155 680 2269 721 uon

222 749 425 829 possit.
478 746 623 806 Nam
669 747 741 806 ob
786 744 1180 827 pinguedinem
1222 747 1548 807 incanuisse
1591 746 1739 806 bunc
1779 746 1985 808 Natam
2013 745 2268 808 induxitz

225 831 375 915 quod
403 841 596 914 potest
623 832 695 892 ab
778 835 964 894 oratio
985 839 1010 874 ¹
1035 830 1218 893 videri
1247 833 1617 905 translatum,
1649 834 1743 913 qui
1772 833 1890 893 ait·

1394 938 1593 996 ungor
1630 920 1788 978 olwo

411 1002 440 1069 s
449 1004 576 1079 Qu»
604 1024 643 1063 n
679 1024 720 1063 n
733 1000 1054 1082 fraudatis
1083 1004 1409 1063 ratmundus
1437 1005 1602 1064 Nata
1632 1004 1911 1063 lucernis.

223 1086 393 1171 Apud
446 1099 576 1148 utru
633 1108 742 1171 que
796 1099 984 1149 tamen
1037 1088 1192 1148 Nata
1231 1108 1437 1150 nomen
1481 1089 1669 1149 fletum
1715 1099 1826 1149 est.
1895 1085 2014 1147 Alii
2069 1093 2271 1166 putant

223 1174 429 1236 Natam
460 1174 641 1236 fnisse
672 1172 949 1255 quendam
979 1174 1324 1234 luxuriosum
1345 1217 1365 1247 ,
1395 1175 1491 1256 qui
1519 1175 1913 1253 patrimonium
1943 1193 2107 1233 suum
2134 1191 2271 1251 per-

224 1258 465 1330 diderit,
496 1271 557 1320 et
585 1260 931 1321 nobilitatem
960 1260 1107 1319 male
1137 1258 1378 1320 vivendo
1411 1261 1802 1339 extnrpaverit
1826 1265 1876 1320 2.

399 1350 502 1409 32.
547 1348 671 1406 Sed
693 1355 894 1427 stupet
921 1346 1020 1405 lu‘e
1048 1346 1207 1405 υἰείο.
1268 1344 1386 1406 Sed
1417 1344 1508 1405 bic
1538 1345 1793 1405 incalluit
1833 1354 1894 1405 et
1941 1354 2053 1404 tam
2083 1343 2269 1404 crassi

223 1429 418 1491 cordis
449 1443 573 1504 est,
602 1443 665 1491 ut
692 1450 941 1511 peccare
972 1450 1038 1491 se
1068 1450 1181 1491 non
1211 1433 1423 1507 sentiat
1463 1441 1526 1491 et
1567 1431 1748 1491 semel
1797 1448 2019 1490 mersus
2049 1430 2272 1490 nesciat

226 1536 561 1595 emergere,
608 1515 663 1577 id
695 1528 786 1578 est
812 1537 848 1577 a
877 1517 1041 1576 malis
1071 1517 1190 1575 suis
1221 1514 1292 1576 ad
1322 1516 1471 1576 bona
1501 1518 1648 1577 verti
1675 1536 1788 1575 nou
1832 1518 2052 1596 possit,
2095 1515 2272 1576 mise·

225 1604 421 1663 rabilis
450 1604 665 1681 magis,
710 1623 874 1684 quam
905 1599 1413 1682 reprehendendus
1429 1606 1473 1661 ⁸.

396 1692 481 1751 34
511 1707 598 1769 sq.
646 1691 731 1748 Et
766 1690 891 1747 alto
933 1689 1255 1748 demersus.
1328 1687 1451 1747 Hoc
1489 1685 1657 1747 dicitz
1703 1687 1853 1747 sicut
1879 1687 1952 1758 ii,
1992 1704 2139 1766 quos
2166 1703 2273 1745 vo·

226 1793 370 1852 rago
413 1792 666 1833 coenosa
708 1773 1016 1845 absorbet,
1070 1792 1180 1831 nou
1231 1774 1457 1832 remissi
1515 1772 1586 1833 ab
1628 1773 1743 1832 alta
1785 1770 2057 1831 undarum
2101 1771 2270 1830 fauce

227 1859 530 1932 ebulliunt,
578 1861 657 1919 ita
699 1860 804 1918 bos
844 1878 1105 1938 quoque,
1161 1877 1302 1938 quos
1348 1856 1672 1937 magnitudo
1716 1859 2005 1918 criminum
2050 1857 2271 1928 mersit,

224 1964 469 2006 necesse
501 1955 593 2005 est
620 1946 878 2003 vitiorum
909 1945 1058 2005 mole
1088 1954 1359 2021 gravatos
1391 1946 1620 2004 nescire
1682 1940 1962 2024 quomodo
2004 1943 2273 2003 virtutem

225 2041 572 2112 agnoscant,
616 2030 708 2090 vel
739 2051 847 2111 qua
877 2040 1001 2089 arte
1033 2029 1348 2089 sceleribus
1379 2039 1635 2090 careant.

397 2121 499 2179 35.
543 2118 768 2194 Magne
789 2126 973 2196 pater
1003 2116 1215 2175 divum.
1282 2115 1356 2176 Ut
1384 2113 1683 2186 ostendat,
1729 2113 1862 2195 quid
1890 2113 2021 2173 mali
2048 2112 2271 2193 patian-

225 2213 347 2273 tur,
380 2204 472 2281 qui
503 2223 627 2262 cum
659 2211 1007 2279 cognoscant
1035 2211 1097 2260 et
1124 2199 1355 2262 videant
1384 2201 1587 2262 bonam
1617 2202 1784 2261 vitam
1802 2243 1821 2274 ,
1852 2200 2052 2259 malam
2081 2211 2273 2259 tamen

224 2298 571 2369 sequuntur,
616 2289 705 2347 bic
738 2298 1005 2366 precatur
1032 2287 1258 2359 Iovem,
1304 2299 1366 2347 ut
1394 2298 1704 2367 tyrannos,
1753 2286 1949 2346 hostes
1991 2286 2272 2367 publicos,

223 2375 330 2435 bac
373 2395 559 2455 poena
600 2375 847 2446 afficiat,
892 2393 1017 2434 cum
1052 2372 1330 2446 vindicat,
1375 2384 1439 2432 ut
1483 2376 1660 2434 faciat
1704 2392 1808 2433 eos
1838 2371 2035 2434 videre
2066 2372 2271 2432 bonam

223 2463 395 2521 vitam
437 2471 498 2521 et
545 2461 762 2540 gloriae
811 2459 1184 2540 probitatem,
1230 2479 1338 2520 nec
1380 2471 1569 2520 tamen
1613 2470 1963 2540 sequantur,
2014 2458 2273 2538 possessi

225 2547 445 2607 actibus
478 2549 683 2626 pravis.
741 2545 901 2624 Ergo

395 2635 501 2695 36.
551 2633 713 2693 leand
740 2632 865 2691 alea
896 2632 1168 2701 ratione,
1209 2650 1322 2689 non
1369 2627 1625 2690 dissimili
1655 2648 1963 2709 poenarum
1994 2624 2272 2688 conditio-

223 2735 330 2789 ne,
373 2737 537 2797 quam
578 2728 639 2777 ut
666 2718 929 2777 virtutem
959 2725 1340 2794 cognoscant,
1384 2727 1445 2774 et
1487 2718 1769 2794 cognitam
1800 2713 2093 2775 deserant.

232 2805 377 2862 Cum
418 2803 555 2863 dira
599 2803 815 2874 li'‚b1do
862 2799 917 2861 id
960 2812 1085 2872 est,
1130 2820 1255 2860 cum
1301 2797 1621 2880 malignitas
1667 2820 1860 2860 eorum
1902 2811 1964 2860 et
1992 2796 2269 2879 cupiditas

221 2906 400 2970 prava
431 2889 780 2958 surrexerit,
811 2887 904 2948 vel
934 2906 1110 2966 prona
1139 2886 1402 2946 voluntas
1432 2888 1589 2946 circa
1619 2886 1927 2967 quamlibet
1957 2904 2097 2944 rem.

395 2978 498 3036 37.
542 2973 831 3032 Fervente
870 2975 1056 3032 u’neta
1102 2991 1342 3031 veneno.
1417 2971 1584 3031 Nunc
1628 2972 1797 3031 animi
1841 2989 2119 3030 venenum
2166 2969 2267 3040 ait,

219 3055 354 3119 ideo
384 3059 652 3119 ferventi.
698 3057 1184 3137 *Metapbora
1226 3076 1261 3116 a
1304 3053 1509 3130 lana,
1554 3075 1748 3137 quae
1791 3065 2148 3135 corrupta
2178 3051 2268 3113 ad

223 3145 628 3224 pristinum
673 3143 1003 3204 colorem
1047 3143 1348 3201 reverti
1392 3163 1526 3202 non
1573 3146 1896 3221 potest.*

395 3232 477 3292 39
510 3248 632 3308 sqq.
680 3232 858 3289 Anne
902 3229 1095 3305 magis
1141 3228 1352 3286 Siculi.
1428 3227 1520 3288 An
1553 3227 1774 3290 maiora
1804 3235 2088 3286 tormenta
2115 3227 2272 3306 passi

223 3324 355 3373 sunt
398 3316 470 3386 ii,
524 3334 665 3393 quos
708 3313 965 3373 Phalaris
1008 3311 1508 3391 Agrigentinorum
1555 3325 1831 3394 tyrannus
1879 3323 2045 3372 tauro
2087 3331 2273 3371 aeneo

221 3399 526 3479 torquebat
554 3399 833 3473 inclusos3
877 3418 951 3458 an
980 3400 1214 3478 gravior
1241 3398 1558 3459 sollicitudo
1588 3399 1991 3460 Democratem
2028 3400 2059 3435 ⁴
2087 3397 2271 3477 pbilo-

223 3620 252 3674 1
292 3618 418 3671 Hor.
457 3626 558 3670 sat.
601 3617 643 3682 1,
681 3618 732 3680 6,
774 3617 873 3672 ¹2³
898 3633 979 3685 sq.

221 3690 258 3744 2
293 3691 702 3755 exstit-paverat
739 3687 822 3738 ed.
855 3702 935 3753 pr.

224 3757 257 3810 3
293 3757 349 3808 In
374 3757 485 3808 eod.
514 3755 634 3808 Par.
662 3755 800 3810 8272
823 3755 916 3805 boe
933 3755 1095 3807 schol.
1115 3761 1316 3807 exstat:
1359 3753 1629 3820 „prugum
1651 3754 1948 3820 pinguntum
1973 3751 2133 3805 babet
2158 3769 2266 3816 eor,

289 3825 403 3877 ideo
440 3841 539 3876 non
575 3831 729 3876 curat
763 3825 967 3889 legere3
1053 3825 1281 3890 ing-aedo
1317 3825 1453 3876 enim
1501 3840 1600 3874 non
1636 3830 1719 3874 est
1752 3821 2016 3874 Latinum.
2073 3822 2268 3887 Pingue

292 3896 428 3946 euim
465 3911 555 3946 cor
590 3893 817 3945 homines
855 3892 979 3944 facit
1050 3893 1257 3959 ebetes,
1296 3894 1432 3960 quod
1466 3890 1739 3960 probamus
1773 3907 1838 3943 ex
1873 3907 2087 3957 onagro.
2136 3891 2267 3943 Nam

289 3980 485 4028 onager
530 3961 720 4013 ceteris
769 3961 1079 4014 animalibus
1126 3977 1217 4015 eor
1264 3962 1423 4015 babet
1468 3962 1740 4031 pinguius,
1803 3968 1858 4013 et
1901 3962 2018 4014 ideo
2053 3960 2268 4014 stultior

288 4033 527 4084 omnibus
561 4047 676 4083 esse
702 4031 981 4083 videtur.“

220 4102 255 4155 4
289 4103 665 4154 Democritum
699 4098 822 4154 Vin.
