2764 4738
995 414 1161 476 sA'r.
1192 416 1292 489 vl,
1326 422 1384 479 1.
1930 427 1940 440 ’
2080 411 2206 481 211

143 583 335 662 seco,
380 583 527 666 quod
567 607 625 646 v.
676 607 785 645 non
838 588 1051 660 solum,
1098 589 1227 667 quia
1257 586 1328 646 de
1360 586 1547 647 hieme
1578 606 1765 646 sermo
1796 592 1922 656 est,
1969 587 2210 664 positum

162 668 423 743 videtur,
467 671 571 731 sed
602 684 664 731 ut
695 671 1026 732 Sabinorum
1058 674 1285 753 antiqua
1317 692 1532 753 morum
1562 670 1889 751 simplicitas
1925 673 2210 749 significe-

164 767 293 827 tur,
325 776 471 836 quae
499 759 554 816 in
588 758 941 839 proverbium
975 758 1109 816 abiit
1144 759 1283 831 (luv.
1315 758 1411 828 111,
1447 762 1586 821 169.
1618 759 1694 831 X,
1728 760 1853 822 299
1884 757 1958 815 ib.
1987 759 2218 836 intpp),

164 860 293 899 nam
320 843 624 921 antiquitus
650 842 721 901 ad
757 844 941 903 focum
970 842 1210 903 sedebat
1239 843 1452 902 familia
1479 845 1798 912 coniuncta,
1831 843 1912 902 cf.
1933 842 2207 913 Klauseu,

160 924 317 986 Aen.
349 927 402 986 11
430 947 484 1005 p.
504 932 651 990 635.
700 928 905 988 Notum
933 940 1118 989 autem
1151 940 1262 1000 est,
1294 929 1577 988 Romanos
1607 930 1888 988 litteratos
1919 938 1980 986 ut
2010 926 2210 985 studiis

161 1023 440 1071 vacarent
471 1013 610 1072 urbe
637 1014 839 1074 relicta
868 1016 983 1073 otia
1016 1017 1164 1073 ruris
1194 1016 1453 1092 petiisse,
1499 1014 1576 1073 cf.
1612 1015 1676 1073 C.
1709 1013 1964 1085 Passow,
1994 1011 2065 1071 de
2091 1015 2210 1071 vita

161 1096 360 1156 Horat.
392 1118 449 1175 p.
478 1097 577 1156 XC
611 1118 734 1179 sqq.
779 1103 1002 1160 Bassus
1025 1143 1042 1170 ‚
1093 1120 1256 1179 quem
1293 1099 1520 1159 Persius
1561 1100 1898 1180 alloquitur,
1929 1110 2023 1158 est
2060 1100 2210 1157 Cae—

158 1184 287 1241 sius
336 1185 561 1242 Bassus
598 1195 803 1262 poeta,
849 1183 920 1244 de
967 1205 1076 1264 quo
1124 1186 1200 1244 cf.
1248 1183 1614 1245 Werusdorf.
1677 1185 1857 1244 Poett.
1903 1183 2032 1242 Lat.
2075 1185 2206 1242 min.

163 1267 295 1327 2111
326 1268 646 1347 p.xxxlu
673 1290 796 1350 sqq.
829 1270 1069 1341 Barker,
1102 1268 1379 1329 Classical
1406 1271 1630 1331 Iournal
1660 1269 1830 1329 XXX
1856 1291 1913 1348 p.
1938 1272 2064 1331 313
2083 1286 2206 1348 sqq.

162 1352 492 1412 weicheri.
536 1352 608 1413 de
632 1354 701 1413 L.
732 1355 913 1414 Vario
944 1376 997 1435 p.
1038 1360 1158 1418 145
1186 1375 1276 1436 sq.
1326 1355 1379 1414 Is
1409 1375 1442 1414 a
1470 1374 1678 1435 puero,
1710 1367 1772 1415 ut
1797 1358 1914 1414 vita
1941 1365 2210 1427 testatur,

161 1436 364 1497 Persio
392 1439 498 1497 fuit
524 1442 1044 1513 coniunctissimus,
1076 1452 1136 1501 et
1163 1451 1293 1520 post
1320 1442 1665 1500 immaturam
1696 1451 1933 1501 mortem
1960 1441 2083 1499 eius
2115 1458 2210 1497 sa-

160 1524 396 1582 tirarum
438 1524 637 1584 librum
680 1524 875 1586 edidit.
939 1526 1067 1606 lpse
1106 1538 1339 1605 postea,
1379 1536 1442 1585 ut
1479 1524 1550 1584 ad
1588 1525 1642 1585 h.
1683 1526 1724 1586 l.
1756 1535 1951 1586 narrat
1989 1524 2207 1596 schol.,

162 1610 333 1686 periit
376 1610 434 1667 in
469 1610 603 1669 villa
632 1612 939 1690 Campana,
986 1631 1110 1670 cum
1142 1611 1427 1672 Vesuvius
1463 1609 1699 1671 arderet
1732 1612 1864 1671 Tito
1891 1613 2205 1689 imperante

161 1704 220 1753 et
250 1693 666 1755 Herculaneum
713 1695 1122 1777 Pompeiosque
1169 1697 1464 1775 sepeliret.
1523 1695 1585 1756 Id
1618 1717 1691 1756 ex
1714 1708 1877 1776 parte
1911 1697 2210 1757 confirmat

161 1779 609 1852 Quintilianus,
641 1784 733 1861 qui
755 1783 850 1840 ubi
880 1781 950 1840 de
986 1801 1056 1842 eo
1088 1784 1366 1861 loquitur,
1399 1780 1584 1840 additt
1632 1802 1797 1860 quem
1835 1802 2027 1861 nuper
2057 1783 2207 1839 vidi-

160 1883 289 1923 ums
315 1864 418 1938 (X,
456 1872 512 1937 Ι,
541 1870 669 1940 96).
716 1867 910 1947 ltaque
947 1869 1254 1928 verisimile
1289 1878 1379 1926 est
1410 1866 1555 1946 apud
1593 1865 1824 1927 Plinium
1855 1870 1912 1926 iu
1943 1866 2208 1927 celeber-

161 1951 303 2009 rima
319 1952 587 2028 epistola,
619 1973 724 2031 qua
753 1953 1009 2012 avunculi
1046 1964 1279 2012 mortem
1308 1964 1523 2024 narrat,
1556 1953 1744 2012 Caesii
1775 1954 1942 2013 Bassi
1966 1954 2207 2012 mentio-

163 2055 291 2094 nem
346 2037 556 2095 factam
601 2039 812 2111 fuisse,
859 2039 985 2098 loco
1037 2039 1245 2097 misere
1288 2049 1556 2116 corrupto
1607 2036 1729 2113 (Vl,
1765 2042 1863 2110 16,
1896 2043 1993 2111 8),
2041 2057 2205 2118 quem

164 2119 457 2180 Gesnerus
483 2133 543 2181 et
561 2122 948 2201 Heusingerus
963 2126 1039 2182 ita
1059 2125 1184 2184 fere
1216 2121 1515 2201 legendum
1544 2135 1808 2183 censent:
1854 2123 2209 2202 Egredie-

161 2205 388 2265 batur
445 2205 689 2280 domo3
751 2211 1041 2287 accipit
1101 2207 1513 2268 codicillos
1568 2209 1938 2268 Rectinae
1983 2207 2208 2269 Bassi

164 2289 352 2362 (codd.
387 2302 447 2351 et
478 2291 605 2351 edd.
638 2305 776 2353 vett.
809 2297 1031 2366 irasci,
1069 2296 1257 2365 casei,
1291 2297 1497 2366 nasci,
1537 2296 1907 2367 Ithacesiae,-
1951 2295 2043 2353 alii
2074 2314 2206 2353 cor·

161 2389 385 2456 ruptam
430 2394 629 2438 vocem
678 2383 968 2453 omittunt,
1011 2381 1365 2440 recentiores
1409 2382 1651 2440 Retinae
1684 2382 2022 2453 classiarii,
2059 2379 2209 2460 quod

161 2466 396 2542 primum
429 2465 484 2521 in
516 2463 607 2523 ed.
639 2464 869 2525 Mediol.
898 2485 954 2526 a.
988 2470 1150 2527 1478
1186 2476 1512 2546 comparet,
1556 2487 1610 2525 v.
1660 2466 1833 2525 Orell.
1878 2464 1948 2524 ad
1980 2467 2034 2524 h.
2070 2467 2106 2524 l.
2148 2468 2206 2525 in

164 2548 305 2608 Plin.
340 2569 472 2628 epp.
517 2551 621 2609 sel.
655 2571 709 2629 p.
744 2555 873 2623 24).
918 2553 1155 2610 immin
1176 2554 1332 2611 enti
1381 2553 1640 2625 (Rectine
1671 2570 1812 2609 casu
1854 2553 2204 2610 imminenti·-

166 2654 276 2711 que
314 2634 443 2694 cod.
491 2634 685 2713 Prag.)
731 2636 1079 2715 periculo
1124 2638 1510 2696 exterrita
1571 2637 1879 2709 (exterriti
1926 2636 2061 2707 al.),
2117 2671 2204 2681 —-

163 2739 315 2778 uam
373 2720 561 2779 villa
620 2722 785 2780 eius
848 2721 942 2792 (al.
984 2741 1094 2793 ea,
1142 2725 1234 2794 ei)
1294 2721 1796 2791 subiacebat,
1857 2740 1993 2781 nee
2052 2722 2204 2780 ulla

165 2806 310 2863 nisi
355 2806 673 2864 navibus
721 2809 898 2884 fuga
945 2842 1025 2853 —
1083 2819 1153 2865 ut
1196 2826 1274 2865 se
1320 2818 1534 2865 tanto
1580 2804 2017 2865 discrimine
2063 2808 2206 2867 eri-

163 2909 340 2967 pere
361 2901 414 2961 t,
459 2892 743 2950 orabat.
803 2893 905 2952 Hic
936 2892 1009 2953 ad
1046 2894 1251 2951 Cassii
1270 2895 1454 2951 Bassi
1477 2912 1679 2951 nomeu
1711 2890 1874 2950 codd.
1908 2902 2205 2969 corrupte-

165 2975 251 3034 lae
294 2987 467 3055 atque
517 2976 683 3054 Prag.
731 2979 1087 3057 interpolatio
1129 2976 1368 3050 ducunt,
1427 2980 1621 3036 mirum
1667 2987 1852 3036 tamen
1914 2996 2018 3054 pro
2076 2976 2204 3056 ipso

165 3060 373 3120 Caesio
404 3060 623 3132 Basso,
688 3083 852 3143 quem
895 3084 1019 3123 cum
1049 3063 1180 3122 villa
1211 3064 1558 3122 combustum
1592 3081 1726 3121 esse
1759 3064 1998 3134 scimus,
2047 3062 2206 3121 codi-

163 3146 323 3205 cillos
381 3149 605 3205 mittere
668 3169 902 3208 uxorem
946 3148 1233 3208 Rectinam
1284 3147 1454 3228 (quod
1502 3168 1704 3207 nomeu
1751 3168 1784 3207 e
1830 3148 1989 3206 titulo
2043 3147 2202 3206 Grut.

165 3234 307 3303 818,
346 3236 425 3294 10
456 3235 842 3311 comprobavit
873 3234 1182 3295 Rezzonic.
1216 3232 1361 3313 disq.
1400 3231 1541 3295 Pliu.
1574 3232 1598 3292 1
1628 3254 1684 3313 p.
1721 3238 1901 3304 115),
1950 3244 2009 3292 et
2037 3232 2203 3291 huius

165 3327 374 3376 tantum
419 3327 621 3400 postea
665 3322 1003 3379 mentionem
1048 3321 1192 3378 lieri.
1253 3319 1443 3391 Quare
1486 3317 1820 3390 videndum,
1880 3339 2005 3377 num
2052 3329 2203 3376 totus

165 3402 320 3461 locus
350 3405 654 3462 itarectius
674 3403 783 3482 legi
813 3406 1026 3483 possit:
1060 3403 1620 3482 Egrediebatur
1648 3402 1878 3475 dom03
1924 3405 2206 3485 accipit

164 3486 586 3547 codicillos
646 3486 918 3550 Retina
979 3490 1229 3549 Caesii
1275 3489 1494 3548 Bassi
1538 3490 1963 3548 imminente
2009 3491 2204 3567 peri-

165 3573 327 3632 culo
387 3577 798 3646 exterriti,
865 3594 1019 3633 nam
1077 3575 1263 3633 villa
1321 3575 1659 3634 Vesuvio
1721 3574 2203 3645 subiacebat,

166 3678 294 3718 nec
356 3658 512 3717 ulla
564 3661 715 3719 nisi
775 3660 1083 3720 navibus
1140 3662 1349 3738 suga:
1412 3670 1489 3717 ut
1544 3680 1622 3717 se
1681 3670 1890 3718 tauto
1935 3658 2205 3719 discri-

167 3745 330 3802 mini
378 3746 725 3821 eriperet
767 3746 990 3805 oralia
1012 3756 1050 3804 t.
1098 3745 1335 3804 Caesius
1368 3745 1582 3804 Bassus
1613 3755 1780 3823 poeta
1813 3746 1917 3803 fuit
1947 3746 2200 3824 lyricusg

167 3826 232 3886 de
263 3849 375 3909 quo
407 3830 516 3888 hoc
547 3829 807 3889 iudicium
841 3832 957 3890 fert
988 3831 1361 3903 Quintilianus
1396 3831 1456 3904 (Ι.
1489 3830 1588 3902 l.):
1632 3829 1740 3901 „Si
1758 3851 1920 3911 quem
1952 3829 2201 3890 adiicere

168 3913 303 3972 velis
337 3915 656 3987 (Horatio),
690 3917 799 3975 erit
824 3916 1063 3975 Caesius
1097 3915 1343 3986 Bassus,
1376 3935 1540 3995 quem
1572 3934 1752 3994 nuper
1780 3914 2050 3975 vidimus:
2101 3914 2204 3974 sed

170 4017 288 4058 eum
321 4000 492 4077 longe
511 3999 1481 4079 praeceduntiugeniaviveutium.“
1530 4000 1666 4059 Eius
1700 4001 1843 4061 bunc
1874 4021 2098 4061 versum
2131 4020 2205 4059 ex

170 4086 568 4162 Illyricorum
598 4087 763 4146 all'ert
796 4085 1117 4147 Priscianus
1147 4086 1253 4167 (X,
1271 4092 1381 4166 ΒΡ.
1400 4089 1581 4160 897).
1635 4088 1902 4166 Calliope
1924 4088 2204 4166 princeps

1669 4175 1790 4232 14*
