2764 4738
461 1257 999 1334 CORNUTI
1090 1260 1848 1338 COMMENTUM
1896 1272 1948 1334 ί.

950 1530 1465 1595 PROLOGUS.

357 1701 486 1758 Nec
522 1699 702 1778 sonte
745 1701 917 1761 labra
956 1703 1171 1779 prolui
1215 1705 1532 1763 caballino.
1618 1698 2020 1786 Ἱπποκρῆνη,
2080 1703 2228 1784 quod

188 1794 250 1841 et
278 1782 557 1844 Hesiodus
590 1782 742 1843 dicit.
796 1784 1017 1845 Dicitur
1057 1789 1204 1846 enim
1235 1787 1494 1866 Pegasus
1524 1786 1765 1847 errando
1798 1787 1869 1847 ad
1900 1788 2229 1849 Heliconem

188 1879 430 1927 montem
471 1872 841 1949 pervenisse,
890 1870 1079 1950 ibique
1125 1874 1220 1932 siti
1265 1892 1572 1951 oppressus
1620 1873 1825 1950 ungula
1856 1872 2107 1934 fodisse:
2153 1894 2229 1933 ex

188 1973 298 2031 quo
328 1955 455 2013 loco
487 1956 613 2013 fons
646 1953 830 2014 editus
870 1955 1048 2014 Musis
1091 1959 1165 2017 sit
1208 1969 1599 2019 consecratus.
1661 1958 1812 2017 Dicit
1840 1968 2026 2019 autem
2059 1979 2124 2019 se
2155 1958 2228 2018 de

189 2040 296 2097 illis
327 2059 438 2098 non
469 2058 639 2111 esse,
680 2043 771 2121 qui
803 2052 933 2099 sunt
962 2044 1182 2120 egregii
1220 2043 1509 2101 Musarum
1556 2045 1740 2103 amici.
1920 2045 2228 2104 Caballino

189 2136 373 2183 autem
420 2123 590 2196 dicit,
654 2146 766 2185 non
811 2129 1062 2205 equino,
1119 2146 1189 2187 eo
1243 2127 1389 2208 quod
1436 2140 1669 2208 satyrae
1713 2129 2009 2189 humiliora
2047 2127 2227 2191 verba

192 2211 548 2269 conveniant.

355 2300 418 2356 2.
461 2295 589 2353 Nec
619 2297 680 2355 in
710 2297 948 2375 bicipiti
969 2299 1289 2357 somniasse
1319 2300 1637 2357 Parnasso.
1700 2298 2035 2358 Parnassum
2068 2319 2225 2358 mon-

189 2392 296 2440 tem
341 2381 686 2461 Delphorum
718 2381 883 2453 dicit,
929 2385 1020 2461 qui
1055 2384 1224 2442 habet
1252 2387 1543 2443 cacumina
1574 2384 1718 2457 duo,
1767 2384 1983 2465 Nysam
2014 2385 2224 2446 Libero

189 2486 409 2526 sacrum
429 2509 448 2539 ‚
481 2467 753 2546 Cyrrham
784 2466 1053 2546 Apollini.
1099 2467 1258 2528 Unde
1288 2469 1556 2528 Lucanus
1593 2475 1649 2528 ²:

445 2554 705 2611 Cardine
730 2555 1067 2613 Parnassus
1088 2556 1321 2632 gemino
1343 2557 1501 2633 petit
1521 2558 1764 2615 aethera
1790 2558 1962 2628 colle,

438 2639 613 2697 Mons
634 2639 864 2698 Phoebo
891 2641 1238 2717 Bromioque
1278 2659 1472 2699 sacer.

187 2721 395 2800 Tangit
422 2733 610 2781 autem
642 2723 878 2782 Ennium
899 2767 916 2793 ‚
969 2727 1063 2804 qui
1107 2723 1244 2783 dicit
1285 2744 1350 2785 se
1395 2723 1607 2784 vidisse
1639 2723 1966 2784 somniando
1996 2727 2053 2784 in
2083 2726 2224 2784 Par-

186 2827 358 2866 nasso
405 2807 702 2866 Homerum
748 2810 854 2869 sibi
899 2808 1214 2881 dicentem,
1265 2809 1412 2890 quod
1444 2812 1566 2869 eius
1611 2811 1798 2869 anima
1843 2810 1900 2869 iu
1931 2830 2035 2869 suo
2064 2823 2225 2871 esset

187 2911 453 2972 corpore.
625 2897 876 2973 Bicipiti
899 2906 1085 2954 autem
1115 2915 1219 2974 pro
1251 2897 1503 2973 duplicis
1534 2898 1873 2967 cacuminis.

355 2982 420 3039 4.
469 2980 876 3057 Pallidamque
915 2983 1208 3059 Pyrenen.
1297 2980 1525 3060 Pyrene
1572 2981 1700 3040 sous
1745 2993 1835 3041 est
1872 2981 2052 3040 Musis
2083 3001 2223 3040 con-

188 3074 449 3122 secratus
507 3065 562 3122 in
622 3064 911 3124 Helicone.
1084 3068 1376 3125 Pallidum
1438 3076 1624 3126 autem
1680 3064 1810 3126 ideo
1850 3065 2021 3139 dicit,
2076 3064 2224 3149 quod

185 3160 389 3228 poetae
419 3149 670 3228 palleant
699 3149 981 3210 scribendi
1014 3151 1366 3211 lassitudine.

190 3353 212 3406 1
256 3352 335 3404 lta
368 3352 593 3403 Vinctus
627 3369 656 3403 e
681 3353 828 3404 codd.
850 3391 865 3416 ‚
916 3360 969 3404 et
1004 3354 1094 3404 alii
1130 3354 1274 3406 codd.
1317 3355 1394 3405 sic
1424 3354 1744 3418 inscribunt,
1794 3369 1843 3405 e.
1869 3369 1919 3418 g.
1946 3353 2061 3404 cod.
2090 3352 2218 3405 bibl.

184 3469 193 3486 ,
252 3422 406 3472 Bern.
449 3436 500 3472 n.
538 3420 661 3483 223,
700 3423 786 3487 qui
825 3422 1034 3473 tilulum
1071 3423 1244 3489 ponit:
1297 3424 1474 3474 Annei
1508 3423 1742 3474 Cornuti
1772 3428 2127 3474 commentum
2164 3426 2221 3472 in
2244 3458 2255 3466 .

252 3490 411 3541 Aulis
454 3489 622 3556 Flagi
667 3490 849 3541 Persii
885 3494 1184 3542 satirarum
1232 3493 1432 3543 librum
1480 3495 1690 3557 incipit.
1750 3490 1847 3542 Ed.
1887 3506 2003 3558 plaz
2043 3491 2224 3542 Publii

249 3559 430 3608 Annei
472 3556 706 3609 Cornuti
745 3545 1117 3628 pllylosophy:
1170 3563 1549 3611 annotationes
1593 3564 1650 3611 in
1690 3560 1935 3612 Publium
1968 3559 2220 3611 Persium

252 3627 513 3677 Flaccum
547 3626 869 3694 discipulum
889 3628 1179 3695 foeliciter
1210 3633 1498 3696 incipiunt.

184 3699 217 3750 2
252 3693 534 3758 Lucan.V,
555 3697 620 3748 72
637 3711 710 3761 sq.
753 3696 876 3747 Cod.
908 3696 1127 3748 Darmst.
1157 3698 1343 3749 habet:
1384 3697 1486 3759 „ln
1525 3696 1666 3765 Nysa
1701 3697 1892 3749 colitur
1926 3695 2086 3748 Liber
2104 3712 2219 3749 cum

252 3763 489 3827 Venere,
529 3765 580 3814 in
619 3765 806 3816 Cirrha
840 3765 1023 3831 Apollo
1060 3782 1173 3816 cum
1211 3767 1441 3819 Musis.“
1513 3765 1588 3817 De
1623 3767 1857 3833 Apolline
1894 3780 2005 3816 cum
2024 3766 2219 3817 Baccho

252 3833 304 3883 in
363 3832 592 3883 Parnaso
639 3833 777 3884 culto
827 3849 879 3884 v.
929 3834 1194 3888 Welcker.
1249 3838 1301 3887 in
1353 3851 1483 3886 novo
1532 3851 1624 3886 suo
1673 3843 1726 3887 ct
1774 3834 2043 3886 Rilschelii
2081 3833 2217 3887 Mus.

251 3900 414 3951 Rieu.
455 3900 474 3952 l
511 3918 559 3968 p.
600 3902 631 3954 3
656 3918 763 3969 sqq.
824 3902 898 3953 De
933 3903 1130 3954 duobus
1165 3905 1352 3956 montis
1389 3905 1742 3955 cacuminibus
1777 3920 1925 3955 error
1958 3911 2039 3955 est
2073 3905 2219 3955 scho-

253 3970 476 4032 liastae,
528 3986 639 4020 cum
677 3972 797 4022 aliis
835 3973 882 4021 ei
918 3975 1226 4035 communis,
1266 3974 1332 4026 cf.
1373 3973 1575 4026 Uli-icus
1605 3972 1791 4025 Reisen
1819 3973 1916 4041 112.
1945 3974 2031 4025 48.
2072 3974 2220 4025 Cete-

250 4055 361 4089 rum
413 4039 477 4090 de
517 4039 705 4091 Cirrha
740 4040 808 4091 cf.
847 4039 1054 4092 Uli-ielis
1087 4041 1274 4094 Reisen
1313 4043 1332 4095 l
1369 4059 1419 4110 p.
1460 4043 1491 4096 7
1522 4058 1627 4109 sqq.
1650 4078 1668 4109 ,
1706 4042 1768 4093 de
1803 4041 1946 4112 Nysa
1982 4041 2221 4095 Phocidis

252 4107 455 4160 Miiller.
497 4109 736 4161 Orcheni.
775 4110 933 4177 p.89.
978 4111 1098 4164 381.
