2764 4738
541 451 676 494 ιιι·
1190 426 1923 490 ΡΒΟΒΕΟΟΜΕΝΑ.

545 608 861 684 corruptos
890 617 1103 662 ³mores
1143 598 1544 678 ostendebat,
1591 596 2016 682 rempublicam
2062 604 2348 680 quantum
2406 594 2472 657 in
2532 612 2602 658 se

547 720 934 785 eorrumpere
993 701 1394 779 censebatur,
1455 700 1556 764 ubi
1614 700 1860 784 quisque
1924 697 2353 784 rempublicam
2414 696 2604 761 dictis

544 804 799 869 saetisve
844 804 1055 867 iuvare
1099 813 1162 868 et
1206 803 1536 868 defendere
1585 803 1835 888 primum
1896 802 2281 882 ultimumque
2338 798 2604 863 officium

548 906 875 983 censebat,
906 915 986 970 ·et
1029 906 1425 988 quodcunque
1469 904 1842 969 existimavit
1880 903 2072 967 libero
2097 921 2225 964 ore
2269 901 2606 983 eloqueba-

549 1020 672 1072 tur.
726 1004 913 1089 <Quod
960 1007 1271 1071 censorin
1315 1006 1710 1083 lustratione,
1757 1015 1969 1069 orator
1996 1005 2263 1083 in¹soro‚
2319 1002 2383 1067 id
2413 1013 2605 1088 poeta

545 1111 611 1173 in
642 1110 845 1174 satiris
872 1108 1378 1193 persequebatur,
1425 1126 1580 1191 quae
1611 1129 1649 1171 a
1675 1107 1902 1170 rustica
1944 1107 2274 1192 petulantia
2317 1118 2381 1170 et
2412 1107 2607 1171 cavil-

545 1212 773 1276 latione
816 1211 889 1274 ad
934 1210 1153 1273 iustum
1198 1230 1414 1293 poema
1456 1210 1775 1288 excultae,
1828 1229 2221 1292 quaecunque
2264 1228 2330 1271 se
2377 1218 2606 1294 poetae

534 1311 1059 1394 circumspicienti
1103 1310 1493 1386 obtuleruut,
1539 1311 1723 1375 multa
1768 1332 1906 1375 eum
1951 1311 2231 1376 libertate
2263 1311 2600 1374 notabant.

546 1414 723 1478 Talis
762 1414 876 1476 fuit
919 1410 1140 1476 Lucilii
1184 1413 1411 1491 satira,
1473 1413 1570 1495 qni
1617 1413 1885 1496 equestri
1934 1412 2146 1476 ordine
2189 1422 2411 1491 natus,
2461 1433 2606 1477 cum

549 1515 792 1579 summis
824 1513 969 1577 viris
1002 1511 1288 1599 Scipione
1320 1526 1382 1578 et
1412 1512 1628 1580 Laelio
1657 1514 1917 1579 amicitia
1949 1514 2308 1580 coniunctus
2330 1560 2348 1592 ,
2385 1534 2606 1579 eorum

549 1618 611 1680 in
651 1614 959 1699 republica
1012 1615 1487 1680 administranda
1545 1626 1747 1700 partes
1801 1627 2085 1694 secutus»,
2144 1616 2361 1699 quovis
2418 1616 2608 1679 modo

548 1737 757 1782 eorum
801 1717 1116 1795 inimicoS‚
1166 1736 1314 1798 quos
1361 1737 1548 1802 prave
1601 1718 1665 1782 in
1707 1717 2011 1801 republica
2055 1716 2290 1780 versari
2321 1717 2604 1800 putabat,

546 1818 917 1904 impugnavit
961 1828 1023 1883 et
1066 1829 1321 1883 cruento
1362 1820 1547 1885 dente
1580 1819 1895 1884 laceravit.
1959 1818 2125 1882 ldem
2156 1819 2435 1902 quicquid
2471 1819 2608 1881 ani-

534 1920 873 1986 madvertit
902 1930 1246 2003 corruptum
1278 1930 1339 1983 et
1380 1920 1794 2003 depravatum,
1837 1920 1968 1984 sive
1997 1920 2322 1983 in-morum
2354 1921 2610 1984 luxuria

546 2022 679 2087 sive
710 2023 773 2086 in
804 2023 1136 2087 litterarum
1170 2021 1418 2099 iudicio,
1451 2042 1776 2106 aggressus
1809 2032 1905 2085 est
1936 2032 2000 2085 et
2031 2032 2096 2084 ut
2113 2021 2416 2106 publicum
2433 2022 2610 2085 dam·

548 2144 689 2188 num
733 2124 860 2209 igni
903 2125 1185 2205 ferroque
1230 2125 1490 2188 sanavit.
1555 2122 1694 2206 Qua
1736 2124 1795 2186 in
1842 2143 1912 2186 re
1958 2134 2238 2207 quantum
2270 2124 2436 2188 inter
2463 2124 2607 2189 eius

528 2220 794 2290 vsatiram
839 2236 902 2288 et
944 2225 1246 2308 antiquam
1289 2225 1664 2291 comoediam
1708 2225 2051 2288 intercedat
2080 2226 2467 2311 cognationis
2499 2247 2611 2309 pa-

546 2336 676 2405 tet,
725 2337 787 2391 et
830 2336 999 2391 recte
1046 2326 1118 2390 ab
1160 2349 1233 2392 ea
1280 2326 1547 2414 pendere
1593 2326 1988 2415 potuit·dici,
2038 2329 2137 2412 qui
2182 2328 2324 2392 inde
2355 2328 2612 2413 potissi-

545 2447 705 2492 mum
744 2427 963 2490 bausit
1017 2429 1292 2513 quiequid
1353 2430 1502 2494 artis
1561 2430 1945 2514 perfectioris
2000 2442 2063 2495 et
2120 2431 2466 2515 elegantiae
2531 2431 2612 2495 ad

547 2527 699 2592 rude
740 2525 1446 2595 Romanorumsscarmen
1492 2531 1922 2615 expoliendum
1972 2533 2345 2616 apportavit,
2387 2551 2611 2617 quan·

547 2650 722 2714 quam
753 2631 955 2695 multis
986 2629 1117 2693 aliis
1158 2632 1338 2696 rebus
1379 2642 1445 2695 et
1487 2632 1671 2694 totius
1713 2632 1961 2717 generis
2004 2635 2199 2696 forma
2228 2634 2482 2698 multum
2518 2635 2615 2698 di·-

545 2752 763 2797 versus
806 2741 850 2796 ¹.
882 2730 1137 2795 ³Horatii
1170 2753 1364 2817 neque
1395 2731 1708 2817 ingenium
1729 2780 1748 2812 ,
1795 2755 1912 2799 nec
1952 2745 2228 2818 tempora
2255 2736 2612 2800 libertatem

545 2835 931 2921 patiebantur
971 2835 1223 2899 similem
1270 2833 1648 2898 Lucilianae.
1709 2831 1850 2922 Ipse
1896 2836 2055 2901 enim
2098 2836 2350 2900 multum
2381 2837 2608 2901 abbor-

545 2934 721 3000 rebat
749 2959 786 3000 a
816 2936 1148 3002 fervidoet
1176 2937 1303 3000 acri
1333 2933 1551 3000 Lucilii
1595 2935 1884 3020 ingenio,
1934 2937 2281 3002 moderatus
2324 2938 2388 3002 in
2437 2941 2616 3003 omni

545 3059 617 3101 re
663 3047 839 3121 atque
884 3037 1278 3120 tranquillus,
1325 3059 1522 3120 neque
1564 3039 1616 3101 is
1660 3049 1795 3102 erat
1836 3039 2203 3124 reipublicae
2249 3049 2487 3120 statuS,
2539 3052 2616 3106 nt

549 3140 748 3202 omnia
794 3141 868 3204 ad
917 3139 1047 3204 eius
1099 3139 1353 3205 salutem
1395 3141 1665 3217 referre,
1713 3141 1903 3204 malos
1957 3141 2121 3204 cives
2179 3141 2453 3207 clamore
2511 3144 2614 3207 iu-

526 3241 809 3318 ·sectari,
858 3252 922 3306 et
965 3240 1210 3303 omniuo
1254 3242 1443 3305 libera
1486 3241 1677 3304 verba
1721 3243 1951 3326 proiari
1997 3243 2258 3327 magis-e
2289 3245 2612 3330 republica

548 3431 574 3481 1
618 3426 911 3481 Omitto'b.
965 3428 1006 3479 1.
1056 3425 1404 3480 difficillimam
1455 3434 1510 3477 et
1552 3426 1824 3480 obscuram
1876 3431 2233 3495 quaestionem
2285 3432 2352 3482 de
2400 3431 2612 3484 Rhin-

618 3498 857 3549 tbonie
910 3495 1167 3548 comoedia
1216 3496 1593 3559 hexametrica,
1650 3513 1803 3561 quam
1857 3505 1989 3548 teste
2039 3497 2112 3550 lo.
2151 3498 2300 3567 Lydo
2337 3499 2429 3566 (de
2465 3517 2612 3568 mag.

615 3563 656 3627 1,
694 3565 785 3627 41)
818 3565 1056 3616 Lucilius
1093 3572 1303 3614 secutus
1339 3566 1440 3628 sit,
1478 3565 1544 3614 οἳ.
1584 3562 1853 3628 Reuvens,
1893 3566 2012 3616 coll.
2051 3583 2102 3633 p.
2141 3568 2209 3618 69
2236 3584 2351 3635 sqq.
2403 3569 2614 3631 Osann,

615 3632 775 3683 anall.
814 3636 933 3684 crit.
975 3648 1024 3698 p.
1053 3632 1116 3683 09
1142 3647 1253 3698 sqq.
1293 3633 1517 3683 Lorentz
1555 3633 1618 3683 de
1651 3633 1763 3683 reb.
1790 3649 1926 3684 aacr.
1959 3642 2014 3686 et
2037 3642 2163 3686 aru.
2191 3644 2324 3688 vett.
2356 3637 2612 3691 Tarentt.

617 3716 664 3766 p.
693 3700 858 3765 28sq.
915 3700 1189 3750 Hermann.
1230 3703 1291 3750 de
1327 3709 1428 3751 sat.
1468 3700 1613 3751 Rom.
1652 3709 1794 3752 auct.
1834 3718 1882 3768 p.
1912 3702 1970 3753 31
2005 3719 2086 3769 eq.
2140 3719 2190 3753 v.
2235 3705 2449 3757 Heusde
2487 3709 2529 3760 l.
2572 3710 2611 3760 l.

616 3785 666 3834 p.
707 3767 807 3818 300
832 3785 942 3833 sqq.
1006 3766 1330 3818 Petermann.
1380 3770 1415 3818 l.
1469 3771 1503 3820 l.
1559 3785 1608 3835 p.
1653 3770 1716 3821 19
1743 3785 1819 3835 sq.
1893 3770 2182 3823 Verborum
2233 3770 2507 3839 κωμῳδία
2559 3788 2617 3829 et

615 3831 896 3901 κωμῳδεῖν
941 3836 1097 3886 latior
1145 3835 1455 3898 significntio
1503 3845 1557 3888 et
1606 3837 1818 3888 liberior
1861 3854 1984 3887 usus
2036 3840 2131 3902 (cs.
2188 3840 2424 3895 Meinek.
2477 3846 2615 3897 hiet.

615 3905 737 3956 crit.
775 3921 904 3955 com.
942 3919 1020 3967 gr.
1062 3919 1110 3968 p.
1152 3904 1245 3953 527
1273 3906 1413 3984 sq),
1465 3906 1599 3956 unde
1644 3907 1774 3971 apud
1813 3906 2065 3958 seriorum
2104 3914 2397 3975 temporum
2437 3931 2616 3978 gram-

616 3974 865 4037 maticos,
918 3971 1104 4038 quibua
1155 3986 1242 4020 nos
1294 3980 1518 4036 utnnur,
1583 3977 1880 4037 praesertim
1935 3975 2022 4026 ubi
2073 3974 2338 4031 Romanae
2390 3981 2615 4035 litterae

613 4060 723 4095 cum
777 4042 991 4095 Graecia
1042 4048 1443 4105 componuntur,
1501 4056 1698 4091 summa
1745 4042 1975 4093 confusio
2025 4053 2139 4096 orta
2189 4054 2305 4111 est,
2364 4051 2504 4103 banc
2562 4062 2618 4104 et

614 4113 809 4167 similes
845 4108 1174 4181 quaestiones
1210 4108 1428 4160 maxime
1465 4109 1753 4174 implicatae
1790 4111 2028 4163 reddunt.
