2764 4738
107 4153 401 4409 ,Γ

500 406 697 451 uxiv
1142 381 1875 446 PROLEGOMENA.

499 556 664 643 gisse
702 555 787 620 ita
828 563 1067 641 poetam
1119 554 1542 639 opprobrium,
1601 554 1776 638 quasi
1828 552 1958 636 ipse
2012 554 2329 633 tinxisset,
2387 576 2562 638 quae

499 669 743 723 notaret
784 652 850 723 et
893 657 1159 735 rideret,
1208 657 1407 740 qualia
1450 675 1599 721 vere
1644 677 1767 720 non
1811 658 2187 722 extitissent.
2248 654 2377 722 Iam
2409 678 2559 721 eum

498 761 779 825 traditum
825 761 943 839 sit,
988 778 1127 825 esse
1171 759 1282 823 hos
1339 778 1556 822 versus
1600 754 1915 837 Neronis,
1961 760 2171 844 paucis
2216 760 2559 825 videndum

501 864 656 943 erit,
705 885 846 929 num
878 863 1033 928 haec
1063 861 1369 926 sententia
1399 862 1585 926 firmis
1616 862 1989 945 argumentis
2018 863 2246 927 nitatur
2281 871 2327 925 ¹.

669 961 912 1031 Incerta
957 976 1102 1030 suut
1143 974 1207 1028 et
1236 964 1350 1028 sihi
1380 964 1729 1042 contraria,
1777 964 2024 1048 quaein
2053 964 2301 1029 scholiis
2330 965 2559 1049 legun-

500 1080 624 1132 tur.
680 1066 844 1132 Nam
877 1069 984 1147 (ad
1013 1092 1078 1134 v.
1111 1064 1227 1149 93)
1260 1089 1394 1131 cum
1426 1066 1677 1149 primum
1707 1067 1900 1130 schol.
1937 1066 2232 1131 dixisset:
2277 1066 2374 1131 Hi
2406 1088 2559 1129 ver-

498 1192 610 1235 sus
654 1171 934 1257 exempli
969 1190 1161 1234 causa
1191 1168 1656 1252 presentatur,-
1699 1189 1822 1231 non
1870 1178 2075 1233 autem
2114 1177 2265 1232 sunt
2304 1169 2552 1243 Persii,

498 1273 616 1337 sed
656 1283 882 1357 poetae
933 1274 1141 1334 nescio
1200 1272 1376 1333 em‘us
1415 1272 1906 1357 graec-essentis,
1966 1284 2179 1355 postea
2228 1272 2543 1354 adiungit:

499 1375 593 1439 Ee
633 1374 794 1438 dicit
831 1372 945 1437 hos
987 1394 1205 1437 versus
1248 1371 1526 1437 Neronis
1568 1374 1635 1435 in
1674 1371 1832 1434 haec
1872 1374 2122 1436 nomina
2164 1372 2546 1436 desinentes.

502 1474 801 1540 Similiter
828 1485 1041 1559 postea
1072 1474 1174 1558 (ad
1205 1496 1269 1539 v.
1303 1472 1418 1557 99)
1451 1474 1641 1539 dixit:
1690 1473 1781 1538 Hi
1820 1494 2036 1537 versus
2064 1474 2339 1539 Neronis
2366 1484 2548 1549 sunt,

500 1587 710 1662 postea
741 1588 981 1641 autem:
1030 1576 1176 1662 Ipse
1205 1586 1411 1641 autem
1442 1570 1924 1657 Persae'usfin'm't
1960 1576 2074 1640 hos
2115 1599 2333 1640 versus
2373 1579 2559 1640 velut

501 1679 622 1743 alii
660 1679 910 1757 dicunt,
960 1682 1024 1743 in
1069 1680 1337 1743 aliorum
1381 1678 1811 1742 imitationem.
1879 1675 2032 1743 lude
2078 1689 2364 1764 apparet,
2410 1690 2549 1744 tres

496 1782 687 1846 fuisse
749 1782 1123 1861 sententias,
1181 1791 1287 1847 aut
1339 1779 1621 1846 Persium
1670 1780 1920 1846 tinxisse
1965 1780 2080 1847 hos
2120 1801 2377 1856 versus,
2438 1791 2554 1844 aut

501 1903 638 1948 esse
671 1884 822 1948 alius
854 1884 1159 1949 cniusdam
1193 1895 1448 1969 poetae,
1499 1884 1667 1947 cuius
1710 1903 1931 1947 nomeu
1970 1883 2391 1967 ignoraretur,
2441 1894 2554 1947 aut

503 1985 759 2069 denique
790 1985 1089 2051 Neronis.
1150 1985 1322 2051 Hanc
1353 1996 1602 2051 secutus
1643 1997 1739 2051 est
1782 1987 1881 2070 qui
1925 1987 2036 2051 hos
2078 2008 2207 2050 vss.
2257 1995 2542 2069 tanquam

499 2087 775 2153 Neronis
804 2090 1008 2154 laudat
1035 2086 1238 2174 Myth.
1274 2086 1425 2154 Vat.
1458 2083 1574 2165 Ill,
1613 2087 1717 2166 12,
1749 2090 1814 2155 2.
1891 2086 2061 2172 Quas
2091 2089 2174 2152 ita
2208 2089 2267 2151 iu
2296 2088 2552 2152 scholiis

500 2192 672 2257 iuxta
692 2213 762 2256 se
781 2191 1005 2276 positas
1024 2212 1187 2269 esse,
1207 2212 1329 2255 non
1359 2190 1676 2255 mirabitur
1687 2191 1782 2273 qui
1807 2192 2014 2256 talium
2033 2191 2248 2257 scholl.
2271 2202 2550 2254 naturam

501 2293 1005 2358 consideraverit.
1052 2292 1178 2357 lam
1195 2314 1346 2359 vero
1368 2296 1608 2373 samam,
1641 2291 1962 2358 Neronem
1979 2291 2246 2358 aPersio
2274 2303 2550 2357 notatum

501 2415 668 2473 esse,
697 2397 1109 2479 pervulgatam
1140 2397 1356 2477 fuisse,
1394 2397 1514 2460 alia
1541 2418 1775 2481 quoque
1798 2398 2040 2475 docent,
2071 2418 2224 2480 quae
2246 2394 2546 2461 iuscholl.

501 2497 823 2580 leguntur,
881 2510 949 2562 ut
1003 2498 1158 2583 quod
1215 2510 1463 2564 notatur
1520 2500 1623 2580 (ad
1657 2523 1719 2565 v.
1751 2498 1907 2586 29),
1973 2498 2291 2564 Neronem
2345 2501 2546 2585 tangi,

501 2600 673 2661 cuius
704 2600 1004 2680 carmina,
1054 2603 1192 2686 quia
1238 2604 1604 2688 imperaret,
1650 2623 1762 2686 per
1790 2602 2030 2668 scholas
2062 2603 2548 2680 celebrarentur,

501 2705 647 2769 item
696 2705 793 2780 (ad
825 2726 889 2768 v.
925 2703 1034 2786 3),
1096 2704 1414 2770 Neronem
1460 2704 1921 2788 intelligendum
1964 2726 2103 2770 esse
2146 2705 2256 2770 sub
2303 2707 2552 2770 nomine

502 2804 991 2894 Pulydamantis»,
1042 2818 1146 2871 aut
1190 2808 1295 2890 (ad
1327 2830 1391 2871 v.
1427 2804 1582 2888 128)
1628 2806 1944 2871 Neronem
1991 2807 2361 2892 perstringi,
2409 2809 2556 2890 quia

500 2909 896 2975 inveheretur
940 2911 1001 2973 iu
1048 2908 1665 2993 tragoediographoS,
1729 2919 1829 2972 aut
1871 2906 2120 2973 Iliadem
2163 2910 2270 2989 (ad
2300 2932 2362 2974 v.
2399 2909 2554 2997 121)

504 3032 643 3077 esse
688 3013 885 3097 potius
926 3010 1204 3077 Neronis
1249 3010 1504 3075 Troica.
1594 3008 1970 3093 Quamquam
2014 3010 2162 3075 haec
2204 3011 2419 3096 partim
2465 3012 2554 3076 ita

504 3125 851 3198 comparata
898 3125 1077 3190 suut,
1127 3124 1195 3177 ut
1236 3114 1500 3197 putidam
1546 3113 1912 3177 scholiastae
1959 3113 2256 3177 rationem
2302 3113 2556 3177 demon·

500 3226 700 3286 streut
727 3225 790 3297 ²,
844 3227 1047 3280 tamen
1078 3218 1273 3281 famae
1305 3216 1465 3280 illius
1496 3216 1727 3281 veritas
1771 3216 1914 3279 inde
1944 3215 2279 3301 impugnari
2314 3216 2552 3298 nequit,

507 3388 533 3438 1
575 3387 648 3440 De
674 3387 771 3437 hac
796 3388 1096 3454 quaestione
1121 3403 1173 3438 v.
1205 3386 1319 3440 VV.
1350 3387 1455 3438 DI).
1487 3403 1536 3454 p.
1567 3387 1665 3440 108
1696 3387 1952 3439 laudatos.
1980 3387 2202 3440 Neronis
2227 3403 2341 3439 esse
2367 3403 2556 3438 versus

608 3463 841 3507 raeterea
888 3464 1206 3508 censuerunt
1241 3456 1396 3508 Voss.
1440 3458 1564 3507 inst.
1600 3473 1679 3506 or.
1723 3456 1788 3519 V,
1833 3461 1880 3521 5,
1919 3458 1972 3512 2.
2026 3457 2084 3508 C.
2114 3458 2290 3508 Barth.
2320 3458 2382 3508 ad
2412 3457 2551 3508 Stat.

622 3525 737 3576 heb.
784 3524 876 3587 tx,
917 3526 1036 3579 90⁴.
1093 3525 1257 3577 Reim.
1298 3527 1363 3578 ad
1404 3525 1615 3577 Diouem
1654 3525 1715 3576 C.
1754 3525 1889 3589 LXl,
1925 3528 2014 3581 20.
2064 3525 2352 3578 Weiehert.
2395 3526 2551 3578 Caes.

574 3592 708 3656 Aug.
752 3594 869 3645 rell.
911 3612 959 3662 p.
1003 3595 1121 3648 109.

490 3661 539 3717 -2
574 3659 628 3711 Iu
668 3663 803 3712 hunc
839 3679 1042 3714 censum
1079 3665 1329 3727 veniunt,
1381 3663 1512 3732 quod
1551 3661 1686 3714 Nero
1723 3662 1892 3714 dictus
1935 3664 2007 3714 sit
2040 3661 2376 3730 Polydamas,
2430 3664 2552 3729 quia

572 3729 751 3780 multis
803 3733 1034 3797 nupserit
1083 3731 1172 3796 (ad
1219 3749 1268 3784 v.
1314 3733 1402 3798 4),
1454 3740 1545 3784 aut
1594 3733 1726 3797 quod
1777 3732 1982 3785 Persius
2030 3731 2301 3782 Claudium
2352 3739 2406 3783 et
2452 3731 2552 3783 Ne-

578 3812 750 3848 ronem
787 3801 1177 3863 perstrinxerit,
1232 3802 1352 3867 quia
1403 3802 1623 3867 grandes
1670 3817 1824 3852 aures
1873 3801 2151 3852 habuerint
2185 3801 2274 3864 (ad
2310 3817 2361 3851 v.
2406 3801 2550 3867 ¹20).

573 3867 720 3932 Quod
754 3883 878 3917 vero
915 3869 1002 3936 (ad
1038 3884 1091 3919 v.
1134 3870 1254 3934 128)
1306 3869 1442 3922 Nero
1492 3871 1634 3934 tangi
1687 3871 1910 3935 dicitur,
1966 3870 2086 3937 quia
2122 3869 2466 3921 invehebatur
2502 3872 2554 3921 iu

577 3936 1094 4005 tragoediographus,
1148 3939 1199 3988 id
1252 3947 1394 3991 recte
1441 3941 1642 4006 quidem
1690 3955 1746 3991 so
1782 3940 1973 3992 hahere
2010 3955 2107 3990 uon
2143 3939 2386 4002 videtur,
2439 3940 2555 3990 vide

574 4013 745 4057 autem
802 4022 920 4057 num
973 4006 1188 4057 fortasse
1232 4008 1375 4059 aliud
1422 4010 1544 4074 quid
1594 4009 1712 4060 olim
1761 4016 2058 4061 annotatum
2097 4008 2274 4061 fuerit.
2339 4008 2557 4061 Scilicet

576 4076 803 4141 pertinet
851 4076 902 4127 id
949 4077 1014 4127 ad
1049 4075 1208 4128 verba
1247 4084 1459 4144 poetae:
1516 4083 1571 4129 et
1604 4079 1755 4132 lusco
1791 4082 1891 4145 qui
1916 4082 2098 4145 pouc't
2131 4078 2341 4130 dicare.-
2378 4077 2549 4130 lusce.

660 4393 875 4536 κ,
