<?xml version="1.0" encoding="UTF-8"?>
<!DOCTYPE html PUBLIC "-//W3C//DTD XHTML 1.0 Transitional//EN"
    "http://www.w3.org/TR/xhtml1/DTD/xhtml1-transitional.dtd">
<html xmlns="http://www.w3.org/1999/xhtml" xml:lang="en" lang="en">
 <head>
  <title>
</title>
<meta http-equiv="Content-Type" content="text/html;charset=utf-8" />
  <meta name='ocr-system' content='tesseract 3.04.00' />
  <meta name='ocr-capabilities' content='ocr_page ocr_carea ocr_par ocr_line ocrx_word'/>
</head>
<body>
  <div class='ocr_page' id='page_1' title='image "./satirarumliberc01jahngoog_0146.png"; bbox 0 0 2764 4738; ppageno 0'>
   <div class='ocr_carea' id='block_1_1' title="bbox 1557 144 1608 351">
    <p class='ocr_par' dir='ltr' id='par_1_1' title="bbox 1557 144 1608 351">
     <span class='ocr_line' id='line_1_1' title="bbox 1557 144 1608 351; baseline 0 -14"><span class='ocrx_word' id='word_1_1' title='bbox 1557 144 1608 351; x_wconf 56' lang='lat' dir='ltr'>l</span> 
     </span>
    </p>
   </div>
   <div class='ocr_carea' id='block_1_2' title="bbox 884 340 2273 485">
    <p class='ocr_par' dir='ltr' id='par_1_2' title="bbox 884 340 2273 485">
     <span class='ocr_line' id='line_1_2' title="bbox 884 340 2273 485; baseline 0.005 -11"><span class='ocrx_word' id='word_1_2' title='bbox 884 340 1704 485; x_wconf 31' lang='lat' dir='ltr'>,PRoLEGOMENAP</span> <span class='ocrx_word' id='word_1_3' title='bbox 2074 436 2273 484; x_wconf 67' lang='lat' dir='ltr'>cxxx:</span> 
     </span>
    </p>
   </div>
   <div class='ocr_carea' id='block_1_3' title="bbox 204 578 2424 3857">
    <p class='ocr_par' dir='ltr' id='par_1_3' title="bbox 204 578 2276 969">
     <span class='ocr_line' id='line_1_3' title="bbox 204 578 2274 670; baseline -0 -18"><span class='ocrx_word' id='word_1_4' title='bbox 204 586 441 652; x_wconf 74' lang='lat' dir='ltr'>iustam</span> <span class='ocrx_word' id='word_1_5' title='bbox 487 583 669 651; x_wconf 76' lang='lat' dir='ltr'>affert</span> <span class='ocrx_word' id='word_1_6' title='bbox 705 583 784 648; x_wconf 88' lang='lat' dir='ltr'>ad</span> <span class='ocrx_word' id='word_1_7' title='bbox 832 582 1197 669; x_wconf 82' lang='lat' dir='ltr'>magistri</span> <span class='ocrx_word' id='word_1_8' title='bbox 1242 578 1583 649; x_wconf 86' lang='lat' dir='ltr'>Cornuti</span> <span class='ocrx_word' id='word_1_9' title='bbox 1625 581 1981 648; x_wconf 86' lang='lat' dir='ltr'>disticha</span> <span class='ocrx_word' id='word_1_10' title='bbox 2037 584 2115 650; x_wconf 90' lang='lat' dir='ltr'>de</span> <span class='ocrx_word' id='word_1_11' title='bbox 2151 606 2274 670; x_wconf 80' lang='lat' dir='ltr'>qno</span> 
     </span>
     <span class='ocr_line' id='line_1_4' title="bbox 212 683 2274 772; baseline 0 -18"><span class='ocrx_word' id='word_1_12' title='bbox 212 700 423 754; x_wconf 80' lang='lat' dir='ltr'>tamen</span> <span class='ocrx_word' id='word_1_13' title='bbox 456 687 606 751; x_wconf 88' lang='lat' dir='ltr'>nihil</span> <span class='ocrx_word' id='word_1_14' title='bbox 636 696 963 772; x_wconf 82' lang='lat' dir='ltr'>praeterea</span> <span class='ocrx_word' id='word_1_15' title='bbox 990 685 1273 752; x_wconf 83' lang='lat' dir='ltr'>traditum</span> <span class='ocrx_word' id='word_1_16' title='bbox 1301 685 1536 750; x_wconf 86' lang='lat' dir='ltr'>invenit</span> <span class='ocrx_word' id='word_1_17' title='bbox 1563 683 1880 751; x_wconf 78' lang='lat' dir='ltr'>Fabricius</span> <span class='ocrx_word' id='word_1_18' title='bbox 1912 685 2083 772; x_wconf 86' lang='lat' dir='ltr'><strong>(bibl.</strong></span> <span class='ocrx_word' id='word_1_19' title='bbox 2114 688 2274 754; x_wconf 88' lang='lat' dir='ltr'>med.</span> 
     </span>
     <span class='ocr_line' id='line_1_5' title="bbox 212 786 2276 875; baseline -0.001 -18"><span class='ocrx_word' id='word_1_20' title='bbox 212 802 283 857; x_wconf 88' lang='lat' dir='ltr'>et</span> <span class='ocrx_word' id='word_1_21' title='bbox 308 792 429 856; x_wconf 86' lang='lat' dir='ltr'>inl&#39;.</span> <span class='ocrx_word' id='word_1_22' title='bbox 463 788 621 857; x_wconf 27' lang='lat' dir='ltr'>Lat..</span> <span class='ocrx_word' id='word_1_23' title='bbox 646 786 677 853; x_wconf 93' lang='lat'>1</span> <span class='ocrx_word' id='word_1_24' title='bbox 701 812 763 875; x_wconf 93' lang='lat' dir='ltr'>p.</span> <span class='ocrx_word' id='word_1_25' title='bbox 798 787 1028 871; x_wconf 78' lang='lat'>1212),</span> <span class='ocrx_word' id='word_1_26' title='bbox 1075 808 1186 853; x_wconf 88' lang='lat' dir='ltr'>nec</span> <span class='ocrx_word' id='word_1_27' title='bbox 1216 809 1332 871; x_wconf 80' lang='lat' dir='ltr'>ego</span> <span class='ocrx_word' id='word_1_28' title='bbox 1362 789 1677 873; x_wconf 86' lang='lat' dir='ltr'>quicquam</span> <span class='ocrx_word' id='word_1_29' title='bbox 1710 788 1879 868; x_wconf 81' lang='lat' dir='ltr'>novi,</span> <span class='ocrx_word' id='word_1_30' title='bbox 1925 800 1994 853; x_wconf 90' lang='lat' dir='ltr'>nt</span> <span class='ocrx_word' id='word_1_31' title='bbox 2014 799 2276 855; x_wconf 83' lang='lat' dir='ltr'>temera·</span> 
     </span>
     <span class='ocr_line' id='line_1_6' title="bbox 211 888 1769 969; baseline -0.002 -10"><span class='ocrx_word' id='word_1_32' title='bbox 211 893 372 959; x_wconf 84' lang='lat' dir='ltr'>rium</span> <span class='ocrx_word' id='word_1_33' title='bbox 402 892 528 969; x_wconf 84' lang='lat' dir='ltr'>sit,</span> <span class='ocrx_word' id='word_1_34' title='bbox 575 892 874 957; x_wconf 78' lang='lat' dir='ltr'>affirmare</span> <span class='ocrx_word' id='word_1_35' title='bbox 902 911 1044 956; x_wconf 86' lang='lat' dir='ltr'>esse</span> <span class='ocrx_word' id='word_1_36' title='bbox 1075 888 1332 955; x_wconf 91' lang='lat' dir='ltr'>eundem</span> <span class='ocrx_word' id='word_1_37' title='bbox 1363 912 1498 955; x_wconf 89' lang='lat' dir='ltr'>cum</span> <span class='ocrx_word' id='word_1_38' title='bbox 1530 900 1769 956; x_wconf 86' lang='lat' dir='ltr'>nostro.</span> 
     </span>
    </p>

    <p class='ocr_par' dir='ltr' id='par_1_4' title="bbox 211 988 2359 2313">
     <span class='ocr_line' id='line_1_7' title="bbox 389 988 2279 1079; baseline 0.001 -21"><span class='ocrx_word' id='word_1_39' title='bbox 389 992 708 1059; x_wconf 79' lang='lat' dir='ltr'>Habemus</span> <span class='ocrx_word' id='word_1_40' title='bbox 749 994 935 1079; x_wconf 83' lang='lat' dir='ltr'>igitur</span> <span class='ocrx_word' id='word_1_41' title='bbox 977 988 1420 1060; x_wconf 85' lang='lat' dir='ltr'>Cornutum</span> <span class='ocrx_word' id='word_1_42' title='bbox 1455 1000 1480 1037; x_wconf 82' lang='lat'>¹</span> <span class='ocrx_word' id='word_1_43' title='bbox 1521 993 1866 1079; x_wconf 70' lang='lat' dir='ltr'>quendam,</span> <span class='ocrx_word' id='word_1_44' title='bbox 1905 992 2006 1077; x_wconf 87' lang='lat' dir='ltr'>qui</span> <span class='ocrx_word' id='word_1_45' title='bbox 2036 1014 2161 1059; x_wconf 82' lang='lat' dir='ltr'>non</span> <span class='ocrx_word' id='word_1_46' title='bbox 2189 992 2279 1061; x_wconf 74' lang='lat' dir='ltr'>ita</span> 
     </span>
     <span class='ocr_line' id='line_1_8' title="bbox 212 1092 2281 1180; baseline 0 -18"><span class='ocrx_word' id='word_1_47' title='bbox 212 1096 470 1162; x_wconf 65' lang='lat' dir='ltr'>unitum</span> <span class='ocrx_word' id='word_1_48' title='bbox 515 1105 655 1180; x_wconf 81' lang='lat' dir='ltr'>post</span> <span class='ocrx_word' id='word_1_49' title='bbox 696 1106 971 1180; x_wconf 82' lang='lat' dir='ltr'>tempora</span> <span class='ocrx_word' id='word_1_50' title='bbox 1013 1093 1223 1161; x_wconf 88' lang='lat' dir='ltr'>Caroli</span> <span class='ocrx_word' id='word_1_51' title='bbox 1270 1092 1491 1173; x_wconf 81' lang='lat' dir='ltr'>Calvi,</span> <span class='ocrx_word' id='word_1_52' title='bbox 1534 1105 1602 1159; x_wconf 89' lang='lat' dir='ltr'>nt</span> <span class='ocrx_word' id='word_1_53' title='bbox 1627 1095 1926 1173; x_wconf 66' lang='lat' dir='ltr'>videtur,</span> <span class='ocrx_word' id='word_1_54' title='bbox 1970 1095 2167 1178; x_wconf 74' lang='lat' dir='ltr'>vixit,</span> <span class='ocrx_word' id='word_1_55' title='bbox 2214 1106 2281 1163; x_wconf 88' lang='lat' dir='ltr'>et</span> 
     </span>
     <span class='ocr_line' id='line_1_9' title="bbox 211 992 2359 1300; baseline -0 -35"><span class='ocrx_word' id='word_1_56' title='bbox 211 1198 283 1265; x_wconf 87' lang='lat' dir='ltr'>in</span> <span class='ocrx_word' id='word_1_57' title='bbox 325 1195 748 1265; x_wconf 78' lang='lat' dir='ltr'>luvenalis</span> <span class='ocrx_word' id='word_1_58' title='bbox 792 1198 1012 1263; x_wconf 75' lang='lat' dir='ltr'>satiras</span> <span class='ocrx_word' id='word_1_59' title='bbox 1053 1195 1284 1263; x_wconf 85' lang='lat' dir='ltr'>scholia</span> <span class='ocrx_word' id='word_1_60' title='bbox 1313 1196 1593 1283; x_wconf 75' lang='lat' dir='ltr'><strong>scripsit,</strong></span> <span class='ocrx_word' id='word_1_61' title='bbox 1642 1218 1796 1282; x_wconf 82' lang='lat' dir='ltr'>quae</span> <span class='ocrx_word' id='word_1_62' title='bbox 1825 1196 1970 1263; x_wconf 90' lang='lat' dir='ltr'>inde</span> <span class='ocrx_word' id='word_1_63' title='bbox 2013 1216 2124 1283; x_wconf 89' lang='lat' dir='ltr'>per</span> <span class='ocrx_word' id='word_1_64' title='bbox 2151 1219 2280 1265; x_wconf 89' lang='lat' dir='ltr'>me·</span> <span class='ocrx_word' id='word_1_65' title='bbox 2326 992 2359 1300; x_wconf 56' lang='grc' dir='ltr'>ι</span> 
     </span>
     <span class='ocr_line' id='line_1_10' title="bbox 218 1298 2276 1383; baseline 0.001 -19"><span class='ocrx_word' id='word_1_66' title='bbox 218 1300 385 1371; x_wconf 72' lang='lat' dir='ltr'>dium</span> <span class='ocrx_word' id='word_1_67' title='bbox 429 1321 653 1367; x_wconf 74' lang='lat' dir='ltr'>aerum</span> <span class='ocrx_word' id='word_1_68' title='bbox 700 1300 763 1365; x_wconf 89' lang='lat' dir='ltr'>in</span> <span class='ocrx_word' id='word_1_69' title='bbox 819 1299 1123 1370; x_wconf 88' lang='lat' dir='ltr'>bominum</span> <span class='ocrx_word' id='word_1_70' title='bbox 1164 1298 1442 1365; x_wconf 76' lang='lat' dir='ltr'>manibus</span> <span class='ocrx_word' id='word_1_71' title='bbox 1485 1300 1893 1369; x_wconf 80' lang='lat' dir='ltr'>versabantur</span> <span class='ocrx_word' id='word_1_72' title='bbox 1928 1310 1993 1364; x_wconf 90' lang='lat' dir='ltr'>et</span> <span class='ocrx_word' id='word_1_73' title='bbox 2039 1320 2276 1383; x_wconf 88' lang='lat' dir='ltr'>eorum,</span> 
     </span>
     <span class='ocr_line' id='line_1_11' title="bbox 216 1401 2280 1492; baseline 0 -25"><span class='ocrx_word' id='word_1_74' title='bbox 216 1423 376 1487; x_wconf 80' lang='lat' dir='ltr'>quae</span> <span class='ocrx_word' id='word_1_75' title='bbox 408 1413 628 1488; x_wconf 77' lang='lat' dir='ltr'>postea</span> <span class='ocrx_word' id='word_1_76' title='bbox 665 1404 744 1468; x_wconf 88' lang='lat' dir='ltr'>ad</span> <span class='ocrx_word' id='word_1_77' title='bbox 787 1403 948 1468; x_wconf 91' lang='lat' dir='ltr'>hunc</span> <span class='ocrx_word' id='word_1_78' title='bbox 988 1402 1348 1488; x_wconf 70' lang='lat' dir='ltr'><strong>scriptorem</strong></span> <span class='ocrx_word' id='word_1_79' title='bbox 1380 1401 1803 1489; x_wconf 85' lang='lat' dir='ltr'>explicandum</span> <span class='ocrx_word' id='word_1_80' title='bbox 1834 1404 2280 1492; x_wconf 85' lang='lat' dir='ltr'>componeban-</span> 
     </span>
     <span class='ocr_line' id='line_1_12' title="bbox 217 1504 2280 1592; baseline 0.001 -22"><span class='ocrx_word' id='word_1_81' title='bbox 217 1516 360 1585; x_wconf 82' lang='lat' dir='ltr'>tur,</span> <span class='ocrx_word' id='word_1_82' title='bbox 421 1506 879 1570; x_wconf 76' lang='lat' dir='ltr'>fundamentum</span> <span class='ocrx_word' id='word_1_83' title='bbox 925 1515 1105 1570; x_wconf 90' lang='lat' dir='ltr'>erant</span> <span class='ocrx_word' id='word_1_84' title='bbox 1161 1515 1340 1589; x_wconf 88' lang='lat' dir='ltr'>atque</span> <span class='ocrx_word' id='word_1_85' title='bbox 1382 1504 1458 1569; x_wconf 85' lang='lat' dir='ltr'>ab</span> <span class='ocrx_word' id='word_1_86' title='bbox 1519 1504 1594 1570; x_wconf 90' lang='lat' dir='ltr'>iis</span> <span class='ocrx_word' id='word_1_87' title='bbox 1637 1526 1911 1590; x_wconf 89' lang='lat' dir='ltr'>quoque,</span> <span class='ocrx_word' id='word_1_88' title='bbox 1973 1508 2071 1592; x_wconf 87' lang='lat' dir='ltr'>qni</span> <span class='ocrx_word' id='word_1_89' title='bbox 2117 1510 2280 1592; x_wconf 80' lang='lat' dir='ltr'>glos·</span> 
     </span>
     <span class='ocr_line' id='line_1_13' title="bbox 215 1606 2280 1695; baseline 0.001 -22"><span class='ocrx_word' id='word_1_90' title='bbox 215 1608 389 1673; x_wconf 75' lang='lat' dir='ltr'>aan&#39;a</span> <span class='ocrx_word' id='word_1_91' title='bbox 426 1607 935 1695; x_wconf 84' lang='lat' dir='ltr'>conscripserunt</span> <span class='ocrx_word' id='word_1_92' title='bbox 976 1607 1069 1694; x_wconf 90' lang='lat' dir='ltr'>(in</span> <span class='ocrx_word' id='word_1_93' title='bbox 1106 1606 1321 1690; x_wconf 86' lang='lat' dir='ltr'>quihus</span> <span class='ocrx_word' id='word_1_94' title='bbox 1365 1607 1853 1692; x_wconf 82' lang='lat' dir='ltr'>frequentissima</span> <span class='ocrx_word' id='word_1_95' title='bbox 1895 1609 2280 1675; x_wconf 91' lang='lat' dir='ltr'>satiricorum</span> 
     </span>
     <span class='ocr_line' id='line_1_14' title="bbox 217 1709 2281 1798; baseline 0 -21"><span class='ocrx_word' id='word_1_96' title='bbox 217 1722 543 1798; x_wconf 82' lang='lat' dir='ltr'>poetarum</span> <span class='ocrx_word' id='word_1_97' title='bbox 574 1711 804 1776; x_wconf 83' lang='lat' dir='ltr'>mentio</span> <span class='ocrx_word' id='word_1_98' title='bbox 847 1712 1005 1793; x_wconf 93' lang='lat' dir='ltr'>est),</span> <span class='ocrx_word' id='word_1_99' title='bbox 1052 1712 1410 1795; x_wconf 81' lang='lat' dir='ltr'>frequenter</span> <span class='ocrx_word' id='word_1_100' title='bbox 1447 1710 1913 1777; x_wconf 74' lang='lat' dir='ltr'>adhibebantur.</span> <span class='ocrx_word' id='word_1_101' title='bbox 1971 1709 2281 1778; x_wconf 79' lang='lat' dir='ltr'>Habemus</span> 
     </span>
     <span class='ocr_line' id='line_1_15' title="bbox 219 1809 2283 1897; baseline 0 -18"><span class='ocrx_word' id='word_1_102' title='bbox 219 1834 376 1879; x_wconf 80' lang='lat' dir='ltr'>vero</span> <span class='ocrx_word' id='word_1_103' title='bbox 431 1814 619 1880; x_wconf 82' lang='lat' dir='ltr'>etiam</span> <span class='ocrx_word' id='word_1_104' title='bbox 675 1813 741 1877; x_wconf 92' lang='lat' dir='ltr'>in</span> <span class='ocrx_word' id='word_1_105' title='bbox 794 1809 1339 1896; x_wconf 17' lang='lat' dir='ltr'>Persiitsatiras</span> <span class='ocrx_word' id='word_1_106' title='bbox 1381 1811 1617 1884; x_wconf 84' lang='lat' dir='ltr'>scholia</span> <span class='ocrx_word' id='word_1_107' title='bbox 1660 1812 1828 1897; x_wconf 80' lang='lat' dir='ltr'>hisce</span> <span class='ocrx_word' id='word_1_108' title='bbox 1867 1813 2074 1879; x_wconf 88' lang='lat' dir='ltr'>indole</span> <span class='ocrx_word' id='word_1_109' title='bbox 2120 1814 2283 1881; x_wconf 83' lang='lat' dir='ltr'>hand</span> 
     </span>
     <span class='ocr_line' id='line_1_16' title="bbox 222 1912 2284 2000; baseline 0 -18"><span class='ocrx_word' id='word_1_110' title='bbox 222 1912 581 1997; x_wconf 77' lang='lat' dir='ltr'>dissimilia,</span> <span class='ocrx_word' id='word_1_111' title='bbox 645 1917 721 1980; x_wconf 92' lang='lat' dir='ltr'>de</span> <span class='ocrx_word' id='word_1_112' title='bbox 778 1913 990 1999; x_wconf 89' lang='lat' dir='ltr'>quibus</span> <span class='ocrx_word' id='word_1_113' title='bbox 1047 1923 1256 1979; x_wconf 83' lang='lat' dir='ltr'>cetera</span> <span class='ocrx_word' id='word_1_114' title='bbox 1313 1934 1550 2000; x_wconf 86' lang='lat' dir='ltr'>quoque</span> <span class='ocrx_word' id='word_1_115' title='bbox 1608 1915 1890 1987; x_wconf 88' lang='lat' dir='ltr'>similiter</span> <span class='ocrx_word' id='word_1_116' title='bbox 1942 1917 2284 2000; x_wconf 86' lang='lat' dir='ltr'>praedicari</span> 
     </span>
     <span class='ocr_line' id='line_1_17' title="bbox 220 2011 2343 2117; baseline 0 -32"><span class='ocrx_word' id='word_1_117' title='bbox 220 2029 525 2108; x_wconf 79' lang='lat' dir='ltr'>possunt,</span> <span class='ocrx_word' id='word_1_118' title='bbox 574 2038 729 2104; x_wconf 86' lang='lat' dir='ltr'>quae</span> <span class='ocrx_word' id='word_1_119' title='bbox 773 2016 1029 2100; x_wconf 91' lang='lat' dir='ltr'>denique</span> <span class='ocrx_word' id='word_1_120' title='bbox 1075 2011 1420 2080; x_wconf 92' lang='lat' dir='ltr'>Cornuti</span> <span class='ocrx_word' id='word_1_121' title='bbox 1463 2037 1684 2099; x_wconf 81' lang='lat' dir='ltr'>nomen</span> <span class='ocrx_word' id='word_1_122' title='bbox 1729 2037 1877 2105; x_wconf 88' lang='lat' dir='ltr'>prae</span> <span class='ocrx_word' id='word_1_123' title='bbox 1919 2039 1989 2084; x_wconf 89' lang='lat' dir='ltr'>se</span> <span class='ocrx_word' id='word_1_124' title='bbox 2034 2021 2276 2085; x_wconf 71' lang='lat' dir='ltr'>serunte</span> <span class='ocrx_word' id='word_1_125' title='bbox 2329 2066 2343 2117; x_wconf 67' lang='lat'><em>1</em></span> 
     </span>
     <span class='ocr_line' id='line_1_18' title="bbox 220 2118 2349 2267; baseline 0 -81"><span class='ocrx_word' id='word_1_126' title='bbox 220 2142 435 2186; x_wconf 82' lang='lat' dir='ltr'>nonne</span> <span class='ocrx_word' id='word_1_127' title='bbox 463 2120 656 2206; x_wconf 79' lang='lat' dir='ltr'>igitur</span> <span class='ocrx_word' id='word_1_128' title='bbox 690 2140 980 2184; x_wconf 84' lang='lat' dir='ltr'>summam</span> <span class='ocrx_word' id='word_1_129' title='bbox 1021 2118 1301 2184; x_wconf 86' lang='lat' dir='ltr'>veritatis</span> <span class='ocrx_word' id='word_1_130' title='bbox 1330 2119 1597 2203; x_wconf 89' lang='lat' dir='ltr'>speciem</span> <span class='ocrx_word' id='word_1_131' title='bbox 1638 2120 1860 2202; x_wconf 88' lang='lat' dir='ltr'>habet,</span> <span class='ocrx_word' id='word_1_132' title='bbox 1907 2131 2161 2206; x_wconf 84' lang='lat' dir='ltr'>utraque</span> <span class='ocrx_word' id='word_1_133' title='bbox 2206 2122 2280 2187; x_wconf 91' lang='lat' dir='ltr'>ad</span> <span class='ocrx_word' id='word_1_134' title='bbox 2327 2120 2349 2267; x_wconf 50' lang='grc' dir='ltr'>ι</span> 
     </span>
     <span class='ocr_line' id='line_1_19' title="bbox 223 2218 2201 2313; baseline -0.003 -24"><span class='ocrx_word' id='word_1_135' title='bbox 223 2223 496 2290; x_wconf 85' lang='lat' dir='ltr'>eundem</span> <span class='ocrx_word' id='word_1_136' title='bbox 527 2218 867 2287; x_wconf 89' lang='lat' dir='ltr'>Cornutum</span> <span class='ocrx_word' id='word_1_137' title='bbox 898 2240 1037 2286; x_wconf 89' lang='lat' dir='ltr'>esse</span> <span class='ocrx_word' id='word_1_138' title='bbox 1067 2221 1436 2287; x_wconf 77' lang='lat' dir='ltr'>referenda?</span> <span class='ocrx_word' id='word_1_139' title='bbox 2191 2296 2201 2313; x_wconf 7' lang='grc' dir='ltr'>μὴ</span> 
     </span>
    </p>

    <p class='ocr_par' dir='ltr' id='par_1_5' title="bbox 226 2316 2424 3857">
     <span class='ocr_line' id='line_1_20' title="bbox 399 2316 2286 2416; baseline 0.002 -27"><span class='ocrx_word' id='word_1_140' title='bbox 399 2323 585 2416; x_wconf 79' lang='lat' dir='ltr'>Quod</span> <span class='ocrx_word' id='word_1_141' title='bbox 631 2346 712 2391; x_wconf 88' lang='lat' dir='ltr'>ne</span> <span class='ocrx_word' id='word_1_142' title='bbox 754 2325 949 2391; x_wconf 83' lang='lat' dir='ltr'>levius</span> <span class='ocrx_word' id='word_1_143' title='bbox 993 2323 1318 2389; x_wconf 88' lang='lat' dir='ltr'>indicatum</span> <span class='ocrx_word' id='word_1_144' title='bbox 1368 2325 1689 2406; x_wconf 85' lang='lat' dir='ltr'>videatur,</span> <span class='ocrx_word' id='word_1_145' title='bbox 1738 2325 1814 2393; x_wconf 91' lang='lat' dir='ltr'>dc</span> <span class='ocrx_word' id='word_1_146' title='bbox 1866 2316 2286 2392; x_wconf 70' lang='lat' dir='ltr'>commonui-ii</span> 
     </span>
     <span class='ocr_line' id='line_1_21' title="bbox 226 2426 2424 2516; baseline -0 -21"><span class='ocrx_word' id='word_1_147' title='bbox 226 2428 407 2495; x_wconf 85' lang='lat' dir='ltr'>huius</span> <span class='ocrx_word' id='word_1_148' title='bbox 451 2429 518 2493; x_wconf 93' lang='lat' dir='ltr'>in</span> <span class='ocrx_word' id='word_1_149' title='bbox 562 2426 844 2494; x_wconf 76' lang='lat' dir='ltr'>Persium</span> <span class='ocrx_word' id='word_1_150' title='bbox 890 2439 1107 2494; x_wconf 84' lang='lat' dir='ltr'>natura</span> <span class='ocrx_word' id='word_1_151' title='bbox 1151 2438 1216 2492; x_wconf 88' lang='lat' dir='ltr'>et</span> <span class='ocrx_word' id='word_1_152' title='bbox 1254 2427 1459 2494; x_wconf 92' lang='lat' dir='ltr'>indole</span> <span class='ocrx_word' id='word_1_153' title='bbox 1487 2430 1833 2496; x_wconf 71' lang='lat' dir='ltr'>accuratius</span> <span class='ocrx_word' id='word_1_154' title='bbox 1861 2429 2283 2516; x_wconf 90' lang='lat' dir='ltr'>inquirendum</span> <span class='ocrx_word' id='word_1_155' title='bbox 2420 2468 2424 2471; x_wconf 58' lang='lat'><strong>&gt;</strong></span> 
     </span>
     <span class='ocr_line' id='line_1_22' title="bbox 229 2528 2285 2616; baseline -0.001 -19"><span class='ocrx_word' id='word_1_156' title='bbox 229 2533 373 2597; x_wconf 88' lang='lat' dir='ltr'>erit.</span> <span class='ocrx_word' id='word_1_157' title='bbox 432 2528 703 2595; x_wconf 89' lang='lat' dir='ltr'>Primum</span> <span class='ocrx_word' id='word_1_158' title='bbox 750 2543 951 2597; x_wconf 87' lang='lat' dir='ltr'>autem</span> <span class='ocrx_word' id='word_1_159' title='bbox 992 2532 1361 2598; x_wconf 90' lang='lat' dir='ltr'>monendum</span> <span class='ocrx_word' id='word_1_160' title='bbox 1408 2543 1538 2611; x_wconf 89' lang='lat' dir='ltr'>est,</span> <span class='ocrx_word' id='word_1_161' title='bbox 1587 2553 1723 2597; x_wconf 86' lang='lat' dir='ltr'>eam</span> <span class='ocrx_word' id='word_1_162' title='bbox 1762 2533 1929 2598; x_wconf 90' lang='lat' dir='ltr'>inter</span> <span class='ocrx_word' id='word_1_163' title='bbox 1968 2544 2285 2616; x_wconf 88' lang='lat' dir='ltr'>utrumque</span> 
     </span>
     <span class='ocr_line' id='line_1_23' title="bbox 230 2634 2288 2721; baseline -0.001 -20"><span class='ocrx_word' id='word_1_164' title='bbox 230 2635 733 2701; x_wconf 74' lang='lat' dir='ltr'>commentarium</span> <span class='ocrx_word' id='word_1_165' title='bbox 790 2635 1179 2700; x_wconf 80' lang='lat' dir='ltr'>intercedere</span> <span class='ocrx_word' id='word_1_166' title='bbox 1239 2634 1695 2714; x_wconf 74' lang='lat' dir='ltr'>diversitatem,</span> <span class='ocrx_word' id='word_1_167' title='bbox 1772 2636 1970 2721; x_wconf 89' lang='lat' dir='ltr'>quod,</span> <span class='ocrx_word' id='word_1_168' title='bbox 2033 2655 2166 2700; x_wconf 93' lang='lat' dir='ltr'>cum</span> <span class='ocrx_word' id='word_1_169' title='bbox 2223 2634 2288 2698; x_wconf 93' lang='lat' dir='ltr'>in</span> 
     </span>
     <span class='ocr_line' id='line_1_24' title="bbox 231 2733 2288 2824; baseline -0.001 -21"><span class='ocrx_word' id='word_1_170' title='bbox 231 2733 500 2803; x_wconf 79' lang='lat' dir='ltr'>Cornuti</span> <span class='ocrx_word' id='word_1_171' title='bbox 526 2736 776 2802; x_wconf 77' lang='lat' dir='ltr'>scholiis</span> <span class='ocrx_word' id='word_1_172' title='bbox 804 2736 880 2802; x_wconf 85' lang='lat' dir='ltr'>ad</span> <span class='ocrx_word' id='word_1_173' title='bbox 909 2735 1263 2803; x_wconf 87' lang='lat' dir='ltr'>Iuvenalem</span> <span class='ocrx_word' id='word_1_174' title='bbox 1294 2738 1460 2803; x_wconf 86' lang='lat' dir='ltr'>nulla</span> <span class='ocrx_word' id='word_1_175' title='bbox 1504 2758 1752 2824; x_wconf 82' lang='lat' dir='ltr'>usquam</span> <span class='ocrx_word' id='word_1_176' title='bbox 1785 2739 2069 2822; x_wconf 83' lang='lat' dir='ltr'>antiquae</span> <span class='ocrx_word' id='word_1_177' title='bbox 2100 2736 2288 2802; x_wconf 87' lang='lat' dir='ltr'>tradi-</span> 
     </span>
     <span class='ocr_line' id='line_1_25' title="bbox 231 2829 2285 2925; baseline -0.002 -20"><span class='ocrx_word' id='word_1_178' title='bbox 231 2840 423 2906; x_wconf 84' lang='lat' dir='ltr'>tionis</span> <span class='ocrx_word' id='word_1_179' title='bbox 465 2839 726 2925; x_wconf 80' lang='lat' dir='ltr'>vestigia</span> <span class='ocrx_word' id='word_1_180' title='bbox 769 2849 1135 2925; x_wconf 79' lang='lat' dir='ltr'>appareant,</span> <span class='ocrx_word' id='word_1_181' title='bbox 1191 2838 1249 2903; x_wconf 93' lang='lat' dir='ltr'>id</span> <span class='ocrx_word' id='word_1_182' title='bbox 1294 2840 1450 2925; x_wconf 86' lang='lat' dir='ltr'>quod</span> <span class='ocrx_word' id='word_1_183' title='bbox 1495 2841 1877 2925; x_wconf 85' lang='lat' dir='ltr'>antiquorum</span> <span class='ocrx_word' id='word_1_184' title='bbox 1919 2829 2285 2905; x_wconf 85' lang='lat' dir='ltr'>scholiorum</span> 
     </span>
     <span class='ocr_line' id='line_1_26' title="bbox 232 2939 2289 3030; baseline -0.005 -19"><span class='ocrx_word' id='word_1_185' title='bbox 232 2942 612 3030; x_wconf 73' lang='lat' dir='ltr'>conparatio</span> <span class='ocrx_word' id='word_1_186' title='bbox 644 2943 810 3008; x_wconf 86' lang='lat' dir='ltr'>clare</span> <span class='ocrx_word' id='word_1_187' title='bbox 842 2942 1058 3023; x_wconf 91' lang='lat' dir='ltr'>docet,</span> <span class='ocrx_word' id='word_1_188' title='bbox 1100 2943 1166 3006; x_wconf 89' lang='lat' dir='ltr'>in</span> <span class='ocrx_word' id='word_1_189' title='bbox 1208 2944 1658 3009; x_wconf 87' lang='lat' dir='ltr'>commentariis</span> <span class='ocrx_word' id='word_1_190' title='bbox 1688 2943 1766 3008; x_wconf 88' lang='lat' dir='ltr'>ad</span> <span class='ocrx_word' id='word_1_191' title='bbox 1794 2939 2073 3008; x_wconf 87' lang='lat' dir='ltr'>Persium</span> <span class='ocrx_word' id='word_1_192' title='bbox 2105 2961 2289 3025; x_wconf 73' lang='lat' dir='ltr'>qnae,-</span> 
     </span>
     <span class='ocr_line' id='line_1_27' title="bbox 234 3044 2290 3132; baseline -0.002 -20"><span class='ocrx_word' id='word_1_193' title='bbox 234 3046 375 3112; x_wconf 82' lang='lat' dir='ltr'>dam</span> <span class='ocrx_word' id='word_1_194' title='bbox 406 3056 780 3125; x_wconf 87' lang='lat' dir='ltr'>occurrunt,</span> <span class='ocrx_word' id='word_1_195' title='bbox 827 3067 980 3132; x_wconf 82' lang='lat' dir='ltr'>quac</span> <span class='ocrx_word' id='word_1_196' title='bbox 1026 3067 1149 3110; x_wconf 88' lang='lat' dir='ltr'>non</span> <span class='ocrx_word' id='word_1_197' title='bbox 1193 3046 1309 3111; x_wconf 87' lang='lat' dir='ltr'>nisi</span> <span class='ocrx_word' id='word_1_198' title='bbox 1337 3047 1415 3111; x_wconf 87' lang='lat' dir='ltr'>ab</span> <span class='ocrx_word' id='word_1_199' title='bbox 1446 3047 1695 3131; x_wconf 86' lang='lat' dir='ltr'>antiqno</span> <span class='ocrx_word' id='word_1_200' title='bbox 1725 3044 2118 3130; x_wconf 85' lang='lat' dir='ltr'>grammatico</span> <span class='ocrx_word' id='word_1_201' title='bbox 2150 3064 2290 3129; x_wconf 90' lang='lat' dir='ltr'>pro·</span> 
     </span>
     <span class='ocr_line' id='line_1_28' title="bbox 234 3146 2287 3234; baseline -0.003 -20"><span class='ocrx_word' id='word_1_202' title='bbox 234 3148 426 3214; x_wconf 76' lang='lat' dir='ltr'>fleisci</span> <span class='ocrx_word' id='word_1_203' title='bbox 457 3156 810 3234; x_wconf 88' lang='lat' dir='ltr'>potnerunt.</span> <span class='ocrx_word' id='word_1_204' title='bbox 873 3146 1104 3214; x_wconf 87' lang='lat' dir='ltr'>Verum</span> <span class='ocrx_word' id='word_1_205' title='bbox 1148 3149 1299 3214; x_wconf 92' lang='lat' dir='ltr'>haec</span> <span class='ocrx_word' id='word_1_206' title='bbox 1328 3170 1520 3234; x_wconf 85' lang='lat' dir='ltr'>pauca</span> <span class='ocrx_word' id='word_1_207' title='bbox 1550 3158 1693 3214; x_wconf 88' lang='lat' dir='ltr'>sunt</span> <span class='ocrx_word' id='word_1_208' title='bbox 1722 3159 1788 3214; x_wconf 85' lang='lat' dir='ltr'>et</span> <span class='ocrx_word' id='word_1_209' title='bbox 1812 3147 2078 3233; x_wconf 79' lang='lat' dir='ltr'>apertius</span> <span class='ocrx_word' id='word_1_210' title='bbox 2109 3147 2287 3211; x_wconf 86' lang='lat' dir='ltr'>etiam</span> 
     </span>
     <span class='ocr_line' id='line_1_29' title="bbox 234 3251 2284 3337; baseline -0.002 -20"><span class='ocrx_word' id='word_1_211' title='bbox 234 3252 662 3318; x_wconf 80' lang='lat' dir='ltr'>demonstrant</span> <span class='ocrx_word' id='word_1_212' title='bbox 706 3272 998 3317; x_wconf 84' lang='lat' dir='ltr'>summam</span> <span class='ocrx_word' id='word_1_213' title='bbox 1042 3251 1462 3317; x_wconf 88' lang='lat' dir='ltr'>commentarii</span> <span class='ocrx_word' id='word_1_214' title='bbox 1496 3252 1679 3337; x_wconf 84' lang='lat' dir='ltr'>longe</span> <span class='ocrx_word' id='word_1_215' title='bbox 1736 3251 2038 3336; x_wconf 84' lang='lat' dir='ltr'>longeque</span> <span class='ocrx_word' id='word_1_216' title='bbox 2068 3267 2284 3313; x_wconf 90' lang='lat' dir='ltr'>recen·</span> 
     </span>
     <span class='ocr_line' id='line_1_30' title="bbox 234 3349 2289 3440; baseline -0.004 -18.987"><span class='ocrx_word' id='word_1_217' title='bbox 234 3349 465 3421; x_wconf 77' lang='lat' dir='ltr'>tiorem</span> <span class='ocrx_word' id='word_1_218' title='bbox 521 3373 698 3419; x_wconf 83' lang='lat' dir='ltr'>csse.</span> <span class='ocrx_word' id='word_1_219' title='bbox 762 3354 902 3419; x_wconf 90' lang='lat' dir='ltr'>inde</span> <span class='ocrx_word' id='word_1_220' title='bbox 952 3354 1141 3440; x_wconf 85' lang='lat' dir='ltr'>igitur</span> <span class='ocrx_word' id='word_1_221' title='bbox 1196 3354 1450 3420; x_wconf 88' lang='lat' dir='ltr'>officium</span> <span class='ocrx_word' id='word_1_222' title='bbox 1521 3351 1794 3418; x_wconf 88' lang='lat' dir='ltr'>nascitur</span> <span class='ocrx_word' id='word_1_223' title='bbox 1856 3349 2289 3436; x_wconf 82' lang='lat' dir='ltr'>investigandi,</span> 
     </span>
     <span class='ocr_line' id='line_1_31' title="bbox 237 3449 2293 3544; baseline -0.004 -20"><span class='ocrx_word' id='word_1_224' title='bbox 237 3456 401 3524; x_wconf 71' lang='lat' dir='ltr'>unde</span> <span class='ocrx_word' id='word_1_225' title='bbox 444 3456 601 3523; x_wconf 79' lang='lat' dir='ltr'>haec</span> <span class='ocrx_word' id='word_1_226' title='bbox 642 3457 718 3522; x_wconf 83' lang='lat' dir='ltr'>ad</span> <span class='ocrx_word' id='word_1_227' title='bbox 765 3455 1104 3524; x_wconf 88' lang='lat' dir='ltr'>Cornutum</span> <span class='ocrx_word' id='word_1_228' title='bbox 1146 3455 1565 3544; x_wconf 84' lang='lat' dir='ltr'>pervenerint.</span> <span class='ocrx_word' id='word_1_229' title='bbox 1641 3455 1865 3541; x_wconf 87' lang='lat' dir='ltr'>Neque</span> <span class='ocrx_word' id='word_1_230' title='bbox 1919 3472 2072 3519; x_wconf 84' lang='lat' dir='ltr'>vero</span> <span class='ocrx_word' id='word_1_231' title='bbox 2116 3449 2293 3516; x_wconf 88' lang='lat' dir='ltr'>huius</span> 
     </span>
     <span class='ocr_line' id='line_1_32' title="bbox 238 3555 2295 3647; baseline -0.005 -19"><span class='ocrx_word' id='word_1_232' title='bbox 238 3558 616 3628; x_wconf 56' lang='lat' dir='ltr'>&amp;animis</span> <span class='ocrx_word' id='word_1_233' title='bbox 646 3581 830 3626; x_wconf 84' lang='lat' dir='ltr'>causa</span> <span class='ocrx_word' id='word_1_234' title='bbox 859 3581 983 3625; x_wconf 91' lang='lat' dir='ltr'>non</span> <span class='ocrx_word' id='word_1_235' title='bbox 1016 3571 1218 3647; x_wconf 83' lang='lat' dir='ltr'>potest</span> <span class='ocrx_word' id='word_1_236' title='bbox 1242 3560 1525 3645; x_wconf 78' lang='lat' dir='ltr'>intelligi.</span> <span class='ocrx_word' id='word_1_237' title='bbox 1604 3555 1769 3624; x_wconf 85' lang='lat' dir='ltr'>Nam</span> <span class='ocrx_word' id='word_1_238' title='bbox 1788 3604 1809 3639; x_wconf 90' lang='lat'>,</span> <span class='ocrx_word' id='word_1_239' title='bbox 1852 3566 1923 3622; x_wconf 86' lang='lat' dir='ltr'>ut</span> <span class='ocrx_word' id='word_1_240' title='bbox 1950 3556 2068 3620; x_wconf 85' lang='lat' dir='ltr'>iam</span> <span class='ocrx_word' id='word_1_241' title='bbox 2099 3575 2295 3619; x_wconf 88' lang='lat' dir='ltr'>anno-</span> 
     </span>
     <span class='ocr_line' id='line_1_33' title="bbox 238 3661 2295 3748; baseline -0.004 -19"><span class='ocrx_word' id='word_1_242' title='bbox 238 3662 505 3729; x_wconf 73' lang='lat' dir='ltr'>tavi-m</span> <span class='ocrx_word' id='word_1_243' title='bbox 527 3708 549 3742; x_wconf 95' lang='lat'>,</span> <span class='ocrx_word' id='word_1_244' title='bbox 582 3681 656 3729; x_wconf 79' lang='lat' dir='ltr'>ea</span> <span class='ocrx_word' id='word_1_245' title='bbox 682 3661 995 3730; x_wconf 84' lang='lat' dir='ltr'>Iuvenalis</span> <span class='ocrx_word' id='word_1_246' title='bbox 1024 3662 1340 3741; x_wconf 87' lang='lat' dir='ltr'>recensio,</span> <span class='ocrx_word' id='word_1_247' title='bbox 1367 3665 1444 3728; x_wconf 85' lang='lat' dir='ltr'>ad</span> <span class='ocrx_word' id='word_1_248' title='bbox 1476 3683 1651 3748; x_wconf 85' lang='lat' dir='ltr'>quam</span> <span class='ocrx_word' id='word_1_249' title='bbox 1680 3661 2063 3746; x_wconf 89' lang='lat' dir='ltr'>antiquorum</span> <span class='ocrx_word' id='word_1_250' title='bbox 2094 3678 2295 3744; x_wconf 83' lang='lat' dir='ltr'>gram-</span> 
     </span>
     <span class='ocr_line' id='line_1_34' title="bbox 236 3759 2292 3857; baseline -0.007 -18"><span class='ocrx_word' id='word_1_251' title='bbox 236 3770 600 3839; x_wconf 69' lang='lat' dir='ltr'>maticorum</span> <span class='ocrx_word' id='word_1_252' title='bbox 627 3766 1054 3857; x_wconf 87' lang='lat' dir='ltr'>pertinuerunt</span> <span class='ocrx_word' id='word_1_253' title='bbox 1090 3768 1571 3853; x_wconf 79' lang='lat' dir='ltr'>explicationes,</span> <span class='ocrx_word' id='word_1_254' title='bbox 1618 3785 1736 3849; x_wconf 91' lang='lat' dir='ltr'>quo</span> <span class='ocrx_word' id='word_1_255' title='bbox 1778 3784 1924 3829; x_wconf 85' lang='lat' dir='ltr'>casu</span> <span class='ocrx_word' id='word_1_256' title='bbox 1964 3759 2292 3838; x_wconf 83' lang='lat' dir='ltr'>nescimus,</span> 
     </span>
    </p>
   </div>
   <div class='ocr_carea' id='block_1_4' title="bbox 243 3964 2298 4181">
    <p class='ocr_par' dir='ltr' id='par_1_6' title="bbox 243 3964 2298 4181">
     <span class='ocr_line' id='line_1_35' title="bbox 243 3964 2298 4046; baseline -0.007 -16"><span class='ocrx_word' id='word_1_257' title='bbox 243 3979 271 4035; x_wconf 79' lang='lat'>1</span> <span class='ocrx_word' id='word_1_258' title='bbox 308 3975 463 4046; x_wconf 75' lang='lat' dir='ltr'>Qud</span> <span class='ocrx_word' id='word_1_259' title='bbox 499 3975 566 4028; x_wconf 76' lang='lat' dir='ltr'>ad</span> <span class='ocrx_word' id='word_1_260' title='bbox 602 3988 783 4027; x_wconf 78' lang='lat' dir='ltr'>nonen</span> <span class='ocrx_word' id='word_1_261' title='bbox 820 3972 1036 4026; x_wconf 75' lang='lat' dir='ltr'>Cornuti</span> <span class='ocrx_word' id='word_1_262' title='bbox 1070 3975 1169 4027; x_wconf 77' lang='lat' dir='ltr'>atti</span> <span class='ocrx_word' id='word_1_263' title='bbox 1173 3981 1295 4039; x_wconf 88' lang='lat' dir='ltr'>n,et</span> <span class='ocrx_word' id='word_1_264' title='bbox 1341 3990 1440 4026; x_wconf 88' lang='lat' dir='ltr'>non</span> <span class='ocrx_word' id='word_1_265' title='bbox 1478 3974 1586 4025; x_wconf 81' lang='lat' dir='ltr'>inin</span> <span class='ocrx_word' id='word_1_266' title='bbox 1641 3971 1791 4040; x_wconf 75' lang='lat' dir='ltr'>aqui</span> <span class='ocrx_word' id='word_1_267' title='bbox 1797 3985 1935 4022; x_wconf 83' lang='lat' dir='ltr'>sme</span> <span class='ocrx_word' id='word_1_268' title='bbox 1938 3971 2038 4020; x_wconf 84' lang='grc' dir='ltr'>ιιιίιι</span> <span class='ocrx_word' id='word_1_269' title='bbox 2078 3968 2147 4018; x_wconf 83' lang='lat' dir='ltr'>rit</span> <span class='ocrx_word' id='word_1_270' title='bbox 2179 3964 2241 4018; x_wconf 79' lang='lat' dir='ltr'>Vi</span> <span class='ocrx_word' id='word_1_271' title='bbox 2250 3984 2298 4016; x_wconf 69' lang='lat' dir='ltr'>r-</span> 
     </span>
     <span class='ocr_line' id='line_1_36' title="bbox 309 3972 2296 4113; baseline -0.008 -11"><span class='ocrx_word' id='word_1_272' title='bbox 309 4047 431 4113; x_wconf 65' lang='lat' dir='ltr'>sitit</span> <span class='ocrx_word' id='word_1_273' title='bbox 465 4044 826 4112; x_wconf 66' lang='lat' dir='ltr'>mmm-tici,</span> <span class='ocrx_word' id='word_1_274' title='bbox 874 4049 930 4095; x_wconf 86' lang='lat' dir='ltr'>et</span> <span class='ocrx_word' id='word_1_275' title='bbox 964 4058 1050 4094; x_wconf 86' lang='lat' dir='ltr'>ser</span> <span class='ocrx_word' id='word_1_276' title='bbox 1102 4050 1154 4096; x_wconf 86' lang='lat' dir='ltr'>to</span> <span class='ocrx_word' id='word_1_277' title='bbox 1158 4060 1304 4108; x_wconf 81' lang='lat' dir='ltr'>rum,</span> <span class='ocrx_word' id='word_1_278' title='bbox 1356 4059 1454 4110; x_wconf 88' lang='grc' dir='ltr'>ιιοιι</span> <span class='ocrx_word' id='word_1_279' title='bbox 1456 4057 1483 4097; x_wconf 76' lang='lat' dir='ltr'>a</span> <span class='ocrx_word' id='word_1_280' title='bbox 1516 3972 1730 4107; x_wconf 67' lang='lat' dir='ltr'>lbndet,</span> <span class='ocrx_word' id='word_1_281' title='bbox 1776 4039 2023 4102; x_wconf 74' lang='lat' dir='ltr'>Catonis,</span> <span class='ocrx_word' id='word_1_282' title='bbox 2045 3985 2230 4089; x_wconf 66' lang='lat' dir='ltr'>e&#39;Peren</span> <span class='ocrx_word' id='word_1_283' title='bbox 2237 4035 2296 4087; x_wconf 75' lang='grc' dir='ltr'>ιὶί</span> 
     </span>
     <span class='ocr_line' id='line_1_37' title="bbox 308 4059 1447 4181; baseline -0.007 -10"><span class='ocrx_word' id='word_1_284' title='bbox 308 4123 446 4171; x_wconf 77' lang='lat' dir='ltr'>cett.</span> <span class='ocrx_word' id='word_1_285' title='bbox 481 4114 556 4170; x_wconf 70' lang='lat' dir='ltr'>cf.</span> <span class='ocrx_word' id='word_1_286' title='bbox 591 4114 792 4170; x_wconf 73' lang='lat' dir='ltr'>omn.</span> <span class='ocrx_word' id='word_1_287' title='bbox 927 4059 1154 4167; x_wconf 66' lang='lat' dir='ltr'>tf</span> <span class='ocrx_word' id='word_1_288' title='bbox 1115 4128 1166 4181; x_wconf 89' lang='lat' dir='ltr'>p</span> <span class='ocrx_word' id='word_1_289' title='bbox 1209 4113 1307 4170; x_wconf 74' lang='lat'>125</span> <span class='ocrx_word' id='word_1_290' title='bbox 1330 4127 1447 4181; x_wconf 82' lang='lat' dir='ltr'>sqq.</span> 
     </span>
    </p>
   </div>
   <div class='ocr_carea' id='block_1_5' title="bbox 1814 4177 1880 4240">
    <p class='ocr_par' dir='ltr' id='par_1_7' title="bbox 1814 4177 1880 4240">
     <span class='ocr_line' id='line_1_38' title="bbox 1814 4177 1880 4240; baseline 0 -30"><span class='ocrx_word' id='word_1_291' title='bbox 1814 4177 1880 4240; x_wconf 61' lang='lat' dir='ltr'>i*</span> 
     </span>
    </p>
   </div>
  </div>
 </body>
</html>
