2764 4738
883 401 1619 466 PROLEGOMENA.
2155 428 2267 470 xm

202 573 329 641 Dio
362 572 447 640 C.
480 571 669 649 LXI,
700 572 812 641 2⁰.
844 569 1058 651 LXII,
1089 571 1240 655 26),
1291 572 1613 639 damnatur
1642 583 1705 638 et
1734 574 1945 639 mortis
1973 574 2164 641 libera
2205 577 2263 641 ei

200 679 393 743 lectio
436 677 621 742 datur
669 676 859 759 (Tac.
893 676 1061 740 Anu.
1092 671 1275 754 XVI,
1307 673 1446 757 33).
1521 674 1952 761 Magnanimus
1981 678 2115 755 vir,
2162 679 2264 762 qui

200 780 554 844 Arulenum
587 779 934 857 Rusticum,
968 779 1204 843 fervido
1234 778 1437 842 animo
1467 778 1785 843 tribunicia
1817 778 2262 842 intercessione

202 903 499 960 usurum,
550 883 980 967 prohihuerat,
1030 901 1107 945 ne
1139 880 1419 945 iuvenem
1451 880 1707 945 amicum
1747 881 2031 965 perderet
2069 879 2257 962 (Tac.

197 987 380 1048 Ann-
416 981 603 1062 XVI,
635 983 787 1070 26),
839 983 1202 1066 Arriamque
1234 1003 1530 1059 uxorem,
1580 994 1645 1046 ut
1689 982 1895 1047 liberis
1938 1002 2007 1046 se
2052 1001 2262 1046 serva-

199 1098 340 1164 ret,
389 1098 754 1165 monuerat,
811 1084 1096 1150 Helvidio
1139 1102 1369 1169 genero
1417 1095 1476 1147 et
1521 1081 1838 1149 Demetrio
1887 1085 2101 1170 cynico
2147 1084 2257 1169 (cf.

202 1186 289 1251 fl.
324 1188 579 1265 Ritter,
631 1185 857 1252 Gesch.
909 1189 969 1251 d.
1017 1185 1179 1251 Phil.
1228 1197 1277 1250 t.
1325 1181 1418 1248 IV
1465 1207 1522 1270 p.
1573 1186 1695 1251 175
1727 1189 1888 1270 sqq.)
1937 1197 2259 1270 praesente

198 1310 403 1354 venas
446 1290 660 1354 incidit
702 1299 766 1352 et
811 1290 1076 1354 divinum
1120 1290 1301 1354 illud:
1364 1289 1661 1354 Libanus
1701 1289 1844 1353 Iovi
1888 1288 2263 1353 liberator-17

198 1393 427 1457 cliatus
473 1390 813 1474 exspiravit
852 1391 943 1476 (a.
976 1414 1040 1454 u.
1075 1389 1256 1471 819).
1332 1389 1394 1455 Is
1439 1388 1720 1456 Persium
1767 1412 1996 1456 summe
2045 1391 2263 1455 dilexit

202 1495 421 1558 decem
453 1495 587 1557 sere
619 1495 794 1557 annis
815 1538 834 1570 ,
884 1494 1000 1558 hoc
1045 1504 1141 1558 est
1185 1494 1257 1557 ab
1305 1514 1379 1558 eo
1411 1494 1554 1559 inde
1588 1503 1912 1577 tempore,'
1940 1514 2055 1577 quo
2088 1495 2260 1558 iuve-

200 1597 301 1660 nis
330 1597 451 1659 iam
484 1594 724 1658 adultus
753 1606 933 1678 atque
966 1596 1394 1680 philosophicis
1441 1596 1653 1660 studiis
1685 1596 1799 1658 iam
1833 1596 2090 1678 paullum
2124 1616 2260 1660 eor-

200 1698 575 1773 rohoratns,
623 1707 904 1779 quantam
955 1698 1028 1760 de
1069 1719 1136 1762 se
1166 1718 1331 1781 spem
1376 1699 1601 1783 suscipi
1641 1698 1890 1773 liceret,
1940 1698 2073 1761 viro
2120 1718 2259 1780 gra·

198 1801 458 1866 vissimo
504 1798 804 1883 probavit.
869 1795 1079 1882 Itaque
1126 1801 1565 1866 consuetudine
1612 1801 1741 1863 eius
1786 1819 1931 1865 usus
1963 1810 2059 1863 est
2089 1799 2258 1863 sami-

199 1901 336 1965 liari
384 1911 449 1962 ct
491 1922 625 1964 cum
671 1901 1167 1985 peregrinaretur
1208 1902 1529 1986 aliquando
1589 1902 1867 1967 comitem
1925 1922 2057 1964 eum
2116 1921 2255 1965 esse

198 2002 421 2066 voluit.
485 1999 673 2066 Tanti
718 2004 836 2067 viri
883 2003 1257 2067 familiaritas
1300 2015 1583 2087 quantam
1631 2002 1749 2067 vim
1796 2002 2153 2066 exercuerit
2181 2003 2257 2066 ad

196 2101 402 2168 Persii
448 2104 759 2188 ingenium
818 2104 1199 2189 animumque
1260 2107 1613 2171 firmandum
1674 2115 1736 2170 et
1793 2106 1868 2168 ad
1926 2105 2253 2168 masculam

194 2208 491 2270 virtutem
522 2206 963 2283 excolendum,
1013 2229 1134 2271 non
1168 2218 1263 2271 est
1292 2209 1448 2293 quod
1484 2210 1671 2274 dicam
1695 2255 1713 2285 ,
1763 2218 1941 2290 atque
1986 2227 2071 2271 ex
2109 2206 2256 2270 sati-

192 2309 282 2373 n's
314 2308 450 2373 eius
482 2307 742 2394 perspici
774 2320 993 2394 potest.
1046 2309 1181 2375 Hae
1212 2311 1399 2392 enim,
1447 2310 1724 2396 quicquid
1770 2310 1843 2375 de
1886 2309 2123 2395 poetica
2165 2311 2257 2374 sa-

195 2414 423 2477 cultate
456 2423 732 2492 statuas,
781 2412 1013 2497 spirant
1057 2416 1328 2497 profecto
1376 2414 1639 2478 animum
1683 2433 1834 2478 vere
1880 2410 2252 2490 Romanum,

266 2585 681 2637 Thraseam:
738 2589 1016 2637 sancierat
1047 2613 1150 2650 —,
1202 2602 1292 2639 nos
1336 2595 1507 2638 autem
1559 2589 1727 2636 sanxi
1774 2585 2063 2647 dicimus;“
2119 2584 2251 2650 quod

264 2655 475 2721 plenius
520 2661 605 2704 cst
651 2655 782 2719 apud
830 2653 1149 2706 Priscianum
1199 2653 1272 2720 (X
1309 2672 1354 2723 p.
1404 2655 1562 2721 904)=
1635 2652 2032 2717 „Vetustissimi
2081 2660 2252 2704 tamen

267 2724 428 2774 etiam
481 2723 815 2773 sancivirvel
848 2727 1024 2773 sancii
1055 2721 1405 2790 proferebant.
1461 2724 1855 2789 Pomponius
1893 2721 2252 2773 Secundus

265 2793 350 2841 ad
387 2791 697 2842 Thrasea
718 2807 791 2843 m:
832 2793 1119 2843 Sauciet-at
1150 2796 1236 2842 ius
1271 2795 1412 2843 utile
1445 2794 1728 2844 civitati.“
1784 2791 1881 2856 Qui
1913 2791 2044 2840 liber
2066 2805 2161 2856 qua
2190 2790 2252 2841 de

265 2877 326 2912 rc
362 2862 594 2927 scriptus
631 2861 703 2911 sit
740 2861 1012 2911 nescimus.
1069 2861 1439 2926 Intelligendus
1464 2869 1629 2912 autem
1659 2877 1686 2910 e
1718 2860 1937 2910 diversis
1966 2859 2251 2925 Pomponiis

265 2929 363 2994 (cf.
395 2928 674 2988 Welek'er,
714 2929 919 2980 Griech.
963 2929 1124 2989 Trag.
1165 2946 1211 2993 p.
1256 2930 1390 2983 1440
1416 2932 1515 2995 sq.)
1583 2930 1730 2979 Plinii
1781 2930 1972 2979 amicus
2022 2929 2248 2992 videtur,

267 3015 419 3066 quem
460 2999 781 3049 consularem
820 3006 1015 3065 poetam
1051 2998 1135 3062 (fl.
1163 2996 1226 3049 N.
1256 2998 1365 3061 Vll,
1399 3001 1480 3063 19,
1515 2997 1629 3063 18),
1684 3005 1953 3063 vatemque
1989 2997 2252 3063 civemque

268 3070 618 3119 clarissimum
656 3065 821 3130 (xm,
856 3068 934 3130 12,
962 3067 1051 3130 26)
1091 3075 1273 3132 vocat,
1329 3069 1392 3117 de
1442 3069 1591 3119 cuius
1626 3066 1736 3116 vita
1771 3066 1900 3115 dnus
1938 3067 2097 3116 libros
2133 3082 2250 3116 con·

265 3138 483 3203 scripsit
528 3131 689 3201 (XIV,
724 3138 779 3196 b,
827 3137 875 3188 6.
933 3136 1062 3186 ΡΙίιι.
1103 3152 1214 3202 epp.
1256 3136 1341 3200 ΙΙΙ,
1385 3137 1436 3196 5,
1478 3136 1550 3200 3).
1606 3134 1874 3187 Charisius
1921 3135 2054 3186 enim
2094 3137 2250 3186 etiam

262 3206 439 3257 altero
487 3204 597 3255 loco
646 3205 901 3272 Pomponii
940 3205 1163 3256 Secundi
1218 3214 1397 3272 poetae
1447 3204 1791 3255 testimonium
1839 3212 2050 3255 auctore
2086 3203 2250 3255 Plinio

264 3275 435 3326 refert
472 3274 511 3336 xl
539 3291 588 3342 p.
621 3274 708 3326 11¹
746 3311 759 3325 .
816 3271 1017 3340 Quodsi
1068 3274 1196 3324 illud
1246 3274 1460 3324 verbum
1511 3273 1767 3340 Pomponii
1803 3288 1918 3324 cum
1958 3273 2092 3323 ludis
2132 3274 2250 3324 istis

262 3344 581 3407 coniungere
618 3344 901 3410 vellemus,
947 3350 1007 3393 nt
1039 3343 1286 3393 videntur
1320 3343 1560 3394 fortunae
1597 3342 1770 3392 favore
1808 3343 1953 3408 quasi
1995 3342 2249 3392 tessellati

261 3413 441 3480 operis
476 3412 669 3476 singuli
705 3412 871 3478 lapilli
906 3419 1119 3463 servata
1154 3426 1269 3462 esse
1305 3411 1634 3477 antiquitatis
1663 3411 1949 3475 fragmenta
1976 3425 2106 3476 quae
2132 3411 2250 3460 dili-

259 3491 451 3548 genter
484 3482 701 3533 collecta
738 3496 1038 3547 componere
1075 3480 1260 3543 liceat,
1302 3496 1513 3546 pronum
1565 3488 1648 3531 cat
1690 3480 1750 3530 de
1805 3480 1945 3529 ludis
1982 3478 2249 3530 Patavinis

262 3552 546 3603 navalibus
581 3550 837 3614 cogitare,
875 3565 1001 3615 quoa
1040 3550 1315 3615 quotannis
1352 3548 1423 3600 ihi
1461 3547 1746 3600 celebratos
1782 3563 1896 3598 esse
1922 3556 2103 3598 narrat
2126 3546 2246 3599 Liv.

256 3618 333 3682 Χ,
369 3621 429 3678 2.
460 3622 542 3672 ¹5.
567 3618 677 3670 Non
717 3619 1125 3681 contradiceret,
1166 3618 1298 3684 quod
1336 3617 1549 3669 Tacitus
1571 3618 1634 3668 ah
1665 3618 1929 3668 Antenore
1955 3618 2244 3680 institutos,

259 3689 356 3741 nio
394 3689 454 3739 C.
492 3681 1008 3754 τριακονταετηρίδα
1043 3687 1205 3751 dicit,
1263 3702 1377 3738 nam
1415 3694 1693 3754 potuerunt
1728 3702 1842 3736 cum
1888 3686 2075 3736 annuis
2127 3688 2246 3737 istis

256 3758 460 3824 antiqui
499 3755 572 3805 illi
612 3764 767 3821 atque
802 3756 1009 3819 angusti
1047 3757 1307 3807 tricesimo
1343 3771 1543 3822 qnoque
1579 3770 1711 3805 anno
1740 3755 2013 3819 coniungi,
2054 3762 2107 3806 et
2133 3756 2246 3806 ludi

256 3826 451 3876 scenici
489 3824 607 3876 addi
646 3825 940 3876 navalibus.
1002 3824 1193 3877 Verum
1226 3841 1322 3875 non
1350 3826 1501 3876 nimis
1526 3832 1697 3876 tamen
1723 3824 1977 3875 fidendum
2005 3824 2245 3876 fortunae

256 3895 405 3946 illius
441 3893 643 3954 favori,
692 3901 747 3945 et
797 3892 1056 3945 fatendum
1105 3894 1375 3945 adversari
1415 3896 1532 3945 huic
1569 3893 1847 3960 suspicioni
1886 3893 2103 3944 nominis
2141 3892 2244 3944 for-

254 3979 385 4015 mam
425 3963 559 4030 apud
598 3961 871 4024 Tacitum,
909 3971 962 4013 et
996 3964 1129 4029 quod
1166 3964 1218 4013 in
1255 3964 1408 4014 titulo
1445 3963 1573 4014 illud
1612 3962 1871 4013 CETAES
1908 3962 1969 4011 ad
2007 3963 2244 4012 scenicas

248 4033 1052 4154 {⁸2:⁸5⁸0fl“²t⁵.⁰⁰⁶⁸.¹‘’0“5¹¹“0
1077 4032 1309 4153 Ridetur.
1349 4032 1635 4085 Videndum
1673 4033 1834 4097 igitur
1870 4048 1932 4082 ne
1968 4031 2100 4083 forte
2142 4047 2241 4081 vox

289 4117 321 4155 a
385 4117 507 4155 vina
542 4118 604 4170 po
630 4117 713 4153 tus
748 4118 793 4153 §i
834 4138 851 4169 ‚
900 4116 1047 4168 quam
1127 4115 1327 4153 omana-
