2764 4738
515 434 647 502 216
1216 439 1385 500 SAT.
1418 439 1516 513 Vl,
1562 444 1639 502 12
1671 474 1754 487 -
1790 446 1886 504 18.

516 631 688 673 curus
719 615 1030 682 amorum),
1071 620 1137 671 et
1175 613 1322 690 quid
1353 622 1695 690 praeparet
1734 614 1961 670 Auster
2000 611 2102 682 (cf.
2148 608 2286 670 Hor.
2315 629 2490 669 carm.
2522 610 2568 678 Ι,

515 702 621 769 26,
653 703 692 759 5
722 703 833 777 sq.)
866 694 1082 774 infelix
1100 698 1331 775 pecori,
1365 717 1531 775 quem
1562 696 1833 775 Virgilius
1866 696 2102 775 (Georg.
2121 694 2335 769 Ι,444)
2365 697 2570 773 pecori

515 786 802 842 sinistrum
859 792 1060 852 vocat,
1119 801 1227 841 nec
1271 784 1467 860 pecori
1515 793 1759 854 tantum,
1836 780 1940 841 sed
1984 781 2300 840 hominibus
2342 800 2568 860 quoqne

516 868 684 939 (Hor.
718 888 892 928 carm.
918 867 959 938 Ι,
984 872 1082 938 14,
1106 873 1184 929 15
1203 887 1290 947 sq.
1321 878 1430 926 sat.
1452 866 1525 937 ΙΙ,
1545 870 1603 938 6,
1629 871 1731 939 18)
1764 878 1826 926 et
1854 868 2147 944 segetibus
2175 886 2395 926 nocens
2420 877 2570 936 erat,

515 952 684 1013 hodie
714 955 974 1012 sctrocco
994 997 1012 1024 ,
1049 954 1132 1012 cf.
1167 951 1346 1012 Voss.
1381 951 1453 1011 ad
1483 953 1646 1030 Virg.
1679 952 1788 1012 ecl.
1818 953 1888 1022 11,
1921 955 2022 1014 58.
2069 950 2339 1011 Ceterum
2372 951 2573 1010 simili-

515 1050 606 1099 ter
660 1039 800 1097 dixit
850 1038 1124 1116 Virgilius
1178 1037 1415 1116 (Georg.
1464 1039 1507 1107 1,
1550 1042 1736 1112 462„
1804 1035 1995 1110 „Quid
2051 1039 2268 1116 cogitet
2312 1035 2574 1095 humidus

513 1124 808 1195 Auster,“
867 1124 948 1183 cf.
998 1123 1192 1183 Iuven.
1228 1123 1272 1195 1,
1304 1126 1377 1186 9:
1426 1121 1614 1196 „Quid
1660 1134 1833 1201 agant
1870 1123 2089 1182 venti.“
2170 1125 2439 1181 Securus
2481 1132 2564 1188 et.

512 1212 751 1268 traiecta
796 1208 905 1267 hoc
952 1229 1063 1267 nno
1107 1209 1233 1267 loco
1279 1209 1555 1286 particula
1601 1209 1957 1286 copulativa,
2031 1206 2214 1288 quode
2257 1208 2568 1287 disputavit

517 1295 722 1373 Haupt.
755 1293 915 1353 obss.
950 1295 1101 1353 critt.
1135 1315 1189 1372 p.
1210 1299 1291 1356 42
1310 1313 1472 1373 sqq.,
1521 1295 1660 1371 quia
1692 1295 1951 1371 angulus
1983 1295 2107 1364 ille,
2154 1313 2372 1373 parvus
2405 1294 2567 1370 agd-

516 1381 636 1452 lns,
668 1381 854 1438 vae’cae‘m‘
872 1381 1202 1456 pinguior,
1236 1399 1361 1438 cnm
1391 1379 1595 1457 vulgo,
1642 1389 1704 1436 ut
1732 1381 1812 1437 ait
1844 1377 2074 1438 Ovidius
2109 1385 2186 1451 (a.
2219 1398 2278 1437 a.
2314 1377 2360 1450 1,
2393 1382 2564 1448 35¹),

513 1464 757 1523 fertilior
787 1481 959 1539 seges
988 1465 1063 1520 sit
1092 1463 1292 1521 alicnis
1326 1465 1627 1541 semperin
1647 1465 1822 1540 agris.
1854 1465 2058 1521 Etst‘c.
2075 1466 2224 1521 coni.
2245 1464 2564 1530 ditescant,

513 1550 644 1626 quia
688 1549 1031 1626 cogitatione
1078 1557 1290 1605 tantum
1337 1549 1604 1618 sumitur,
1647 1568 1758 1606 non
1801 1567 2008 1607 revera
2054 1549 2268 1606 factum
2300 1557 2440 1617 est,
2479 1546 2563 1604 cf.

513 1631 696 1692 Hand.
747 1631 992 1690 Tursell.
1023 1631 1072 1690 11
1102 1652 1161 1710 p.
1195 1636 1318 1694 607
1335 1652 1423 1712 sq.
1489 1632 1798 1691 Peiort'bus
1840 1634 1995 1703 orti,
2041 1630 2189 1711 quod
2221 1632 2295 1690 ab
2329 1631 2566 1691 Horatio

514 1716 673 1797 (epp.
707 1717 749 1792 1,
783 1721 843 1787 6,
874 1720 980 1788 22)
1012 1719 1245 1788 sumsit,
1289 1719 1551 1795 ambigue
1594 1715 1800 1777 dictum
1833 1729 1958 1787 est,
2005 1729 2066 1776 et
2095 1725 2209 1777 tam
2244 1717 2320 1775 de
2351 1736 2568 1795 paupe·

511 1802 668 1862 ribus
700 1813 869 1882 atque
900 1802 1238 1879 ignobilibus
1270 1804 1371 1875 (cf.
1405 1803 1641 1863 Welck.
1678 1802 1749 1862 ad
1780 1803 2043 1880 Theogn.
2080 1823 2137 1882 p.
2167 1802 2365 1862 XXVI
2390 1823 2518 1882 sqq.
2502 1809 2567 1873 .,)

512 1907 677 1967 quam
706 1886 778 1947 de
812 1889 1000 1966 pravis
1044 1887 1282 1966 intelligi
1328 1899 1537 1966 potest.
1584 1889 1673 1947 Cf.
1705 1886 1851 1988 quod
1883 1888 1978 1948 ille
2010 1887 2157 1967 apud
2188 1887 2569 1947 Menandrum

513 1973 816 2077 (Θεοφορ.
872 1972 943 2044 ΙΙ,
993 1977 1073 2034 17
1101 1978 1217 2052 sq.)
1266 1974 1375 2032 ait.
1437 1969 1620 2032 ’Όνον
1674 1970 1965 2052 γενέσθαι
2024 1971 2296 2055 κρεῖττον
2337 1968 2378 2045 ἢ
2425 1993 2571 2042 τους

508 2053 958 2222 {225⁰”:;³.?.‘²
917 2078 1057 2221 “1⁹15
1036 2055 1989 2223 αἵῗὲςῗωζὶἶὶἑῖἶφῗᾶξῗῗὲἔ
1996 2058 2570 2223 115332‘4‘5‘233333

509 2247 781 2299 recuses,
827 2228 904 2288 cl'.
939 2227 982 2298 Ι,
1013 2234 1161 2300 41),
1204 2230 1368 2288 semo
1406 2231 1444 2287 i.
1491 2248 1545 2289 e.
1591 2248 1730 2288 cura
1760 2240 1930 2308 atque
1962 2231 2317 2307 aegrimonia
2350 2229 2568 2300 (Plaut.

512 2313 693 2373 Stich.
724 2313 766 2386 l,
802 2318 857 2385 1,
889 2318 986 2377 19.
1017 2312 1171 2375 Νοιι.
1201 2334 1249 2375 s.
1279 2335 1334 2374 v.
1366 2316 1444 2374 cf.
1476 2313 1519 2386 Ι,
1554 2318 1660 2389 26)
1693 2334 1911 2374 curvus
1949 2315 2170 2386 minui,
2217 2313 2374 2395 quod
2406 2314 2571 2374 babi-

508 2411 624 2459 tum
655 2418 849 2458 eorum
880 2402 1090 2479 pingit,
1137 2402 1230 2480 qui
1273 2402 1427 2459 curis
1474 2402 1735 2479 oppressi
1780 2411 1933 2460 sunt.
1990 2400 2194 2479 Neque
2227 2398 2447 2459 invidia
2481 2420 2572 2459 me

509 2487 790 2545 macerari
819 2486 1038 2564 patiar,
1069 2505 1249 2565 neque
1281 2484 1578 2565 quicquam
1611 2485 1682 2545 ad
1713 2487 1880 2544 vitam
1916 2485 2063 2545 bene
2097 2484 2402 2545 fruendam
2434 2486 2572 2544 mihi

510 2569 824 2630 detraham.
887 2572 1155 2629 Coenare
1197 2572 1330 2631 sine
1376 2582 1553 2630 uncto
1593 2570 1756 2652 (Hor.
1792 2591 1845 2629 a.
1880 2591 1934 2649 p.
1967 2574 2153 2643 422),
2184 2590 2404 2649 parce,
2438 2574 2573 2651 qnia

509 2658 663 2716 uncti
694 2656 804 2715 cibi
834 2652 1063 2715 delicati
1097 2656 1478 2728 habebantur,
1510 2658 1589 2715 cs.
1618 2656 1713 2728 ΙΙΙ,
1751 2660 1891 2718 102.
1924 2656 2021 2726 IV,
2059 2660 2156 2717 17.
2217 2659 2294 2715 In
2341 2659 2571 2735 vapida

512 2743 767 2820 lagena,
816 2760 960 2820 quae
1004 2743 1191 2800 vinum
1229 2744 1339 2800 iam
1385 2740 1644 2820 vapidum
1691 2743 1946 2801 continet
1991 2740 2086 2815 (V,
2124 2746 2311 2814 148),
2373 2753 2571 2802 tamen

508 2830 741 2904 signum
775 2845 918 2885 naso
947 2829 1212 2903 tetigisse
1233 2868 1251 2898 ,
1301 2838 1572 2887 accurate
1604 2838 1665 2885 et
1694 2829 1860 2886 anxie
1891 2829 2176 2904 inspicere
2195 2870 2213 2896 ,
2245 2847 2320 2885 an
2353 2838 2572 2886 tactum

510 2923 609 2971 ant
635 2912 850 2970 laesum
882 2913 974 2970 sit.
1029 2911 1238 2971 Notum
1271 2923 1399 2984 est,
1443 2913 1701 2992 antiquos
1746 2910 1941 2971 domus
1974 2911 2436 2990 suppellectilem
2466 2934 2572 2971 an-

508 2997 641 3057 nulo
686 2998 997 3075 signatorio
1043 2997 1419 3074 obsignasse,
1465 2998 1541 3056 cf.
1579 2997 1736 3076 Lips.
1763 3016 1891 3056 exc.
1927 2997 1976 3056 11
2007 2996 2079 3055 ad
2107 2997 2249 3057 Tac.
2298 2997 2457 3056 Ann.
2497 2998 2569 3057 ΙΙ.

510 3082 789 3162 Buttiger,
822 3083 896 3141 kl.
933 3080 1101 3141 Scbr.
1139 3082 1214 3142 111
1243 3103 1298 3160 p.
1331 3087 1434 3145 91.
1469 3082 1665 3142 Sabin.
1705 3082 1755 3141 11
1784 3103 1840 3161 p.
1879 3087 1998 3144 148
2017 3103 2101 3162 sq.
2134 3081 2278 3160 Rnp.
2314 3081 2387 3140 ad
2421 3084 2570 3142 Tac.

506 3167 657 3227 Ann.
685 3168 756 3236 ΙΙ,
781 3172 843 3229 2.
888 3166 1180 3227 Ridiculae
1212 3179 1398 3227 autem
1430 3170 1703 3227 avaritiae
1733 3179 1879 3239 erat,
1910 3169 2180 3226 vilissima
2214 3169 2570 3239 utensilium,

508 3263 571 3312 ut
616 3256 696 3312 ait
737 3252 971 3312 Tacitus
1004 3253 1040 3311 1.
1075 3254 1148 3324 l.,
1194 3254 1397 3312 annulo
1443 3254 1748 3324 claudere,
1799 3264 1861 3311 ut
1902 3254 1995 3313 ille
2042 3251 2189 3330 apud
2233 3252 2571 3313 Iuvenalem

511 3338 692 3411 (XIV,
728 3343 841 3400 131
878 3343 988 3417 sq.)
1031 3339 1300 3397 concham
1332 3341 1606 3398 aestivam
1653 3359 1779 3398 cum
1823 3351 1985 3419 parte
2033 3338 2233 3397 lacerti
2279 3340 2569 3416 signatam

508 3435 720 3495 servat,
752 3435 813 3483 et
841 3435 1041 3482 noster
1068 3423 1325 3502 lagenam
1359 3423 1648 3502 vapidam,
1679 3445 1805 3483 nam
1836 3426 1948 3483 vini
1978 3424 2111 3482 boni
2142 3424 2383 3501 lagenae
2419 3444 2570 3484 sane

509 3510 679 3587 vulgo
723 3509 1164 3586 obsignabantur
1208 3510 1375 3585 (Hor.
1425 3529 1555 3590 epp.
1605 3509 1673 3581 ll,
1719 3514 1779 3580 2,
1829 3513 1968 3571 134.
2012 3509 2181 3569 Mart.
2228 3508 2332 3581 ΙΧ,
2359 3513 2472 3581 87,
2504 3516 2566 3572 ⁷.

508 3595 585 3654 cf.
620 3595 737 3654 Cic.
770 3591 841 3654 ad
875 3593 1023 3653 divv.
1057 3593 1213 3664 XVI,
1245 3599 1377 3667 26)

680 3701 735 3740 v.
773 3684 1041 3743 18-24.
1086 3680 1409 3758 Dae’screpet
1431 3681 1525 3739 leis
1555 3682 1736 3751 aleus,
1770 3680 1847 3740 cf.
1884 3678 2017 3737 flor.
2045 3677 2227 3750 sat.l,
2255 3681 2317 3749 6,
2339 3682 2565 3759 93sq.:

509 3765 752 3843 „Longe
796 3784 924 3825 mea
963 3765 1251 3843 discrepet
1296 3767 1419 3824 istis
1451 3765 1529 3824 Et
1554 3786 1668 3826 vox
1699 3776 1760 3824 et
1788 3765 1999 3823 ratio.“
2060 3763 2167 3835 Qui
2199 3764 2304 3822 sub
2339 3784 2453 3822 uno
2485 3767 2569 3823 si·

509 3851 649 3910 dere
691 3852 808 3909 nati
852 3861 1052 3922 erant,
1100 3849 1299 3910 eadem
1349 3849 1536 3910 indole
1579 3852 1660 3909 uti
1689 3861 1855 3930 pntes
1889 3848 1985 3923 (V,
2014 3853 2161 3921 45),
2194 3846 2302 3907 sed
2331 3850 2427 3908 vel
2454 3870 2567 3927 ge-

510 3938 694 3996 minos
721 3935 883 3995 simul
913 3946 1077 3994 natos
1110 3938 1500 4014 horoscopus,
1534 3935 1687 3994 sidus
1719 3935 1939 4005 natale,
1964 3935 2282 4011 producit,
2313 3954 2566 3994 nascen-

510 4034 600 4081 tes
646 4023 700 4080 in
744 4021 924 4081 lucem
956 4020 1074 4080 edit
1116 4031 1174 4081 et
1205 4020 1413 4081 educat
1442 4021 1575 4095 (Sil.
1612 4022 1678 4080 lt.
1710 4022 1753 4092 Ι,
1789 4024 1930 4083 112.
1963 4019 2099 4078 Sen.
2134 4039 2225 4097 ep.
2262 4019 2416 4090 mv,
2448 4024 2558 4082 23.

511 4107 715 4178 CXXI,
750 4111 847 4170 18.
878 4106 995 4166 luv.
1023 4106 1123 4177 VI,
1153 4111 1298 4170 241.
1332 4110 1514 4179 609),
1547 4121 1691 4167 varo
1709 4108 1912 4185 genio,
1945 4102 2336 4165 diversissima
2366 4103 2560 4165 indole

296 4456 555 4635 *X
