<?xml version="1.0" encoding="UTF-8"?>
<!DOCTYPE html PUBLIC "-//W3C//DTD XHTML 1.0 Transitional//EN"
    "http://www.w3.org/TR/xhtml1/DTD/xhtml1-transitional.dtd">
<html xmlns="http://www.w3.org/1999/xhtml" xml:lang="en" lang="en">
 <head>
  <title>
</title>
<meta http-equiv="Content-Type" content="text/html;charset=utf-8" />
  <meta name='ocr-system' content='tesseract 3.04.00' />
  <meta name='ocr-capabilities' content='ocr_page ocr_carea ocr_par ocr_line ocrx_word'/>
</head>
<body>
  <div class='ocr_page' id='page_1' title='image "./satirarumliberc01jahngoog_0491.png"; bbox 0 0 2764 4738; ppageno 0'>
   <div class='ocr_carea' id='block_1_1' title="bbox 499 397 2038 476">
    <p class='ocr_par' dir='ltr' id='par_1_1' title="bbox 499 397 2038 476">
     <span class='ocr_line' id='line_1_1' title="bbox 499 397 2038 476; baseline -0.003 -9"><span class='ocrx_word' id='word_1_1' title='bbox 499 397 631 467; x_wconf 77' lang='lat'>26⁰</span> <span class='ocrx_word' id='word_1_2' title='bbox 1003 399 1269 464; x_wconf 70' lang='lat' dir='ltr'>scum..</span> <span class='ocrx_word' id='word_1_3' title='bbox 1308 400 1416 464; x_wconf 81' lang='lat' dir='ltr'>An</span> <span class='ocrx_word' id='word_1_4' title='bbox 1457 399 1627 463; x_wconf 70' lang='grc' dir='ltr'><strong>ΕΔΤ.</strong></span> <span class='ocrx_word' id='word_1_5' title='bbox 1655 400 1703 476; x_wconf 84' lang='grc' dir='ltr'><strong>Ι,</strong></span> <span class='ocrx_word' id='word_1_6' title='bbox 1735 406 1810 465; x_wconf 80' lang='grc'>51</span> <span class='ocrx_word' id='word_1_7' title='bbox 1832 406 2038 467; x_wconf 76' lang='grc'><strong>-54.</strong></span> 
     </span>
    </p>
   </div>
   <div class='ocr_carea' id='block_1_2' title="bbox 497 569 2561 3637">
    <p class='ocr_par' dir='ltr' id='par_1_2' title="bbox 500 569 2543 1077">
     <span class='ocr_line' id='line_1_2' title="bbox 500 569 2537 654; baseline -0.001 -19"><span class='ocrx_word' id='word_1_8' title='bbox 500 584 615 635; x_wconf 77' lang='lat' dir='ltr'>tam</span> <span class='ocrx_word' id='word_1_9' title='bbox 641 570 824 634; x_wconf 86' lang='lat' dir='ltr'>Accio</span> <span class='ocrx_word' id='word_1_10' title='bbox 852 570 1148 645; x_wconf 86' lang='lat' dir='ltr'>Labeoni,</span> <span class='ocrx_word' id='word_1_11' title='bbox 1174 592 1210 632; x_wconf 81' lang='lat' dir='ltr'>a</span> <span class='ocrx_word' id='word_1_12' title='bbox 1239 593 1351 654; x_wconf 84' lang='lat' dir='ltr'>quo</span> <span class='ocrx_word' id='word_1_13' title='bbox 1378 569 1609 634; x_wconf 82' lang='lat' dir='ltr'>Iliadem</span> <span class='ocrx_word' id='word_1_14' title='bbox 1640 570 1871 633; x_wconf 79' lang='lat' dir='ltr'>Homeri</span> <span class='ocrx_word' id='word_1_15' title='bbox 1900 571 2046 632; x_wconf 81' lang='lat' dir='ltr'>male</span> <span class='ocrx_word' id='word_1_16' title='bbox 2074 580 2366 631; x_wconf 65' lang='lat' dir='ltr'>metam</span> <span class='ocrx_word' id='word_1_17' title='bbox 2393 589 2537 632; x_wconf 78' lang='lat' dir='ltr'>esse</span> 
     </span>
     <span class='ocr_line' id='line_1_3' title="bbox 501 656 2361 737; baseline -0.002 -19"><span class='ocrx_word' id='word_1_18' title='bbox 501 660 614 718; x_wconf 82' lang='lat' dir='ltr'>iam</span> <span class='ocrx_word' id='word_1_19' title='bbox 641 656 911 718; x_wconf 76' lang='lat' dir='ltr'>diximus:</span> <span class='ocrx_word' id='word_1_20' title='bbox 955 659 1048 718; x_wconf 90' lang='lat' dir='ltr'>cui</span> <span class='ocrx_word' id='word_1_21' title='bbox 1078 677 1306 719; x_wconf 81' lang='lat' dir='ltr'>carmen</span> <span class='ocrx_word' id='word_1_22' title='bbox 1337 678 1497 718; x_wconf 82' lang='lat' dir='ltr'>snum</span> <span class='ocrx_word' id='word_1_23' title='bbox 1531 670 1708 737; x_wconf 83' lang='lat' dir='ltr'>negat</span> <span class='ocrx_word' id='word_1_24' title='bbox 1736 658 1917 718; x_wconf 74' lang='lat' dir='ltr'>simile</span> <span class='ocrx_word' id='word_1_25' title='bbox 1947 677 2083 718; x_wconf 73' lang='lat' dir='ltr'>esse</span> <span class='ocrx_word' id='word_1_26' title='bbox 2112 656 2361 717; x_wconf 80' lang='lat' dir='ltr'>Persius.</span> 
     </span>
     <span class='ocr_line' id='line_1_4' title="bbox 500 740 2543 823; baseline -0.001 -19"><span class='ocrx_word' id='word_1_27' title='bbox 500 744 745 805; x_wconf 64' lang='lat' dir='ltr'>Ebruhm</span> <span class='ocrx_word' id='word_1_28' title='bbox 772 754 960 804; x_wconf 80' lang='lat' dir='ltr'>autem</span> <span class='ocrx_word' id='word_1_29' title='bbox 990 741 1146 817; x_wconf 87' lang='lat' dir='ltr'>dicit,</span> <span class='ocrx_word' id='word_1_30' title='bbox 1175 742 1323 823; x_wconf 80' lang='lat' dir='ltr'>quod</span> <span class='ocrx_word' id='word_1_31' title='bbox 1347 763 1550 804; x_wconf 79' lang='lat' dir='ltr'>versus</span> <span class='ocrx_word' id='word_1_32' title='bbox 1579 763 1692 803; x_wconf 88' lang='lat' dir='ltr'>non</span> <span class='ocrx_word' id='word_1_33' title='bbox 1724 753 1972 815; x_wconf 78' lang='lat' dir='ltr'>starent3</span> <span class='ocrx_word' id='word_1_34' title='bbox 2002 752 2098 802; x_wconf 84' lang='lat' dir='ltr'>aut</span> <span class='ocrx_word' id='word_1_35' title='bbox 2127 740 2276 823; x_wconf 79' lang='lat' dir='ltr'>quod</span> <span class='ocrx_word' id='word_1_36' title='bbox 2304 753 2543 821; x_wconf 79' lang='lat' dir='ltr'>propter</span> 
     </span>
     <span class='ocr_line' id='line_1_5' title="bbox 501 826 2543 909; baseline -0.002 -19"><span class='ocrx_word' id='word_1_37' title='bbox 501 829 784 908; x_wconf 73' lang='lat' dir='ltr'>ingenium</span> <span class='ocrx_word' id='word_1_38' title='bbox 829 827 1178 889; x_wconf 78' lang='lat' dir='ltr'>helleborum</span> <span class='ocrx_word' id='word_1_39' title='bbox 1224 828 1433 889; x_wconf 90' lang='lat' dir='ltr'>biberit</span> <span class='ocrx_word' id='word_1_40' title='bbox 1488 839 1550 889; x_wconf 91' lang='lat' dir='ltr'>et</span> <span class='ocrx_word' id='word_1_41' title='bbox 1602 849 1913 909; x_wconf 81' lang='lat' dir='ltr'>quanquam</span> <span class='ocrx_word' id='word_1_42' title='bbox 1969 828 2162 888; x_wconf 83' lang='lat' dir='ltr'>ebrius</span> <span class='ocrx_word' id='word_1_43' title='bbox 2206 826 2403 887; x_wconf 87' lang='lat' dir='ltr'>eodem</span> <span class='ocrx_word' id='word_1_44' title='bbox 2445 838 2543 886; x_wconf 70' lang='lat' dir='ltr'>tn·</span> 
     </span>
     <span class='ocr_line' id='line_1_6' title="bbox 501 913 2543 995; baseline -0.001 -20"><span class='ocrx_word' id='word_1_45' title='bbox 501 933 630 975; x_wconf 76' lang='lat' dir='ltr'>men</span> <span class='ocrx_word' id='word_1_46' title='bbox 659 914 796 973; x_wconf 90' lang='lat' dir='ltr'>nibil</span> <span class='ocrx_word' id='word_1_47' title='bbox 826 915 1171 994; x_wconf 75' lang='lat' dir='ltr'>profecerit·</span> <span class='ocrx_word' id='word_1_48' title='bbox 1218 934 1343 974; x_wconf 79' lang='lat' dir='ltr'>nam</span> <span class='ocrx_word' id='word_1_49' title='bbox 1373 913 1671 976; x_wconf 74' lang='lat' dir='ltr'><strong>helleboro</strong></span> <span class='ocrx_word' id='word_1_50' title='bbox 1700 924 1924 995; x_wconf 81' lang='lat' dir='ltr'>sumpto</span> <span class='ocrx_word' id='word_1_51' title='bbox 1952 915 2217 993; x_wconf 78' lang='lat' dir='ltr'>saepius,</span> <span class='ocrx_word' id='word_1_52' title='bbox 2268 933 2375 972; x_wconf 84' lang='lat' dir='ltr'>non</span> <span class='ocrx_word' id='word_1_53' title='bbox 2405 932 2543 991; x_wconf 72' lang='lat' dir='ltr'>poe·</span> 
     </span>
     <span class='ocr_line' id='line_1_7' title="bbox 500 995 1375 1077; baseline -0.005 -15"><span class='ocrx_word' id='word_1_54' title='bbox 500 1009 635 1062; x_wconf 78' lang='lat' dir='ltr'>sunt</span> <span class='ocrx_word' id='word_1_55' title='bbox 673 997 907 1077; x_wconf 80' lang='lat' dir='ltr'>perduci</span> <span class='ocrx_word' id='word_1_56' title='bbox 954 995 1028 1057; x_wconf 81' lang='lat' dir='ltr'>ad</span> <span class='ocrx_word' id='word_1_57' title='bbox 1056 1000 1375 1060; x_wconf 83' lang='lat' dir='ltr'>sanitatem.</span> 
     </span>
    </p>

    <p class='ocr_par' dir='ltr' id='par_1_3' title="bbox 501 1083 2548 1675">
     <span class='ocr_line' id='line_1_8' title="bbox 674 1083 2541 1165; baseline -0.003 -18"><span class='ocrx_word' id='word_1_58' title='bbox 674 1089 751 1147; x_wconf 80' lang='lat'>51</span> <span class='ocrx_word' id='word_1_59' title='bbox 789 1104 876 1165; x_wconf 85' lang='lat' dir='ltr'>sq.</span> <span class='ocrx_word' id='word_1_60' title='bbox 933 1086 1070 1143; x_wconf 83' lang='lat' dir='ltr'>Non</span> <span class='ocrx_word' id='word_1_61' title='bbox 1107 1087 1173 1143; x_wconf 78' lang='lat' dir='ltr'>si</span> <span class='ocrx_word' id='word_1_62' title='bbox 1204 1103 1321 1164; x_wconf 77' lang='lat' dir='ltr'>qua</span> <span class='ocrx_word' id='word_1_63' title='bbox 1365 1083 1613 1162; x_wconf 72' lang='lat' dir='ltr'>eligi’dta</span> <span class='ocrx_word' id='word_1_64' title='bbox 1663 1085 1844 1143; x_wconf 71' lang='lat' dir='ltr'>crude</span> <span class='ocrx_word' id='word_1_65' title='bbox 1879 1085 2194 1143; x_wconf 71' lang='lat' dir='ltr'>dae’ctarunt</span> <span class='ocrx_word' id='word_1_66' title='bbox 2237 1102 2541 1162; x_wconf 77' lang='lat' dir='ltr'>prooem.</span> 
     </span>
     <span class='ocr_line' id='line_1_9' title="bbox 502 1167 2546 1251; baseline -0.001 -21"><span class='ocrx_word' id='word_1_67' title='bbox 502 1168 564 1230; x_wconf 91' lang='lat' dir='ltr'>Id</span> <span class='ocrx_word' id='word_1_68' title='bbox 596 1179 721 1242; x_wconf 80' lang='lat' dir='ltr'>est,</span> <span class='ocrx_word' id='word_1_69' title='bbox 763 1190 875 1229; x_wconf 89' lang='lat' dir='ltr'>non</span> <span class='ocrx_word' id='word_1_70' title='bbox 919 1180 1050 1230; x_wconf 80' lang='lat' dir='ltr'>eunt</span> <span class='ocrx_word' id='word_1_71' title='bbox 1090 1170 1181 1230; x_wconf 88' lang='lat' dir='ltr'>bie</span> <span class='ocrx_word' id='word_1_72' title='bbox 1212 1168 1494 1248; x_wconf 74' lang='lat' dir='ltr'>elegidia,</span> <span class='ocrx_word' id='word_1_73' title='bbox 1534 1188 1682 1251; x_wconf 79' lang='lat' dir='ltr'>quae</span> <span class='ocrx_word' id='word_1_74' title='bbox 1725 1167 1884 1229; x_wconf 87' lang='lat' dir='ltr'>crudi</span> <span class='ocrx_word' id='word_1_75' title='bbox 1927 1187 2203 1248; x_wconf 84' lang='lat' dir='ltr'>proceres</span> <span class='ocrx_word' id='word_1_76' title='bbox 2233 1168 2387 1227; x_wconf 82' lang='lat' dir='ltr'>soliti</span> <span class='ocrx_word' id='word_1_77' title='bbox 2414 1178 2546 1228; x_wconf 82' lang='lat' dir='ltr'>sunt</span> 
     </span>
     <span class='ocr_line' id='line_1_10' title="bbox 504 1253 2348 1333; baseline -0.001 -19"><span class='ocrx_word' id='word_1_78' title='bbox 504 1256 723 1315; x_wconf 77' lang='lat' dir='ltr'>faeere.</span> <span class='ocrx_word' id='word_1_79' title='bbox 927 1256 1122 1314; x_wconf 81' lang='lat' dir='ltr'>Crud1</span> <span class='ocrx_word' id='word_1_80' title='bbox 1136 1298 1156 1327; x_wconf 90' lang='lat'>,</span> <span class='ocrx_word' id='word_1_81' title='bbox 1190 1254 1478 1315; x_wconf 78' lang='lat' dir='ltr'>Cacotami</span> <span class='ocrx_word' id='word_1_82' title='bbox 1515 1261 1572 1327; x_wconf 88' lang='lat'>¹,</span> <span class='ocrx_word' id='word_1_83' title='bbox 1614 1253 1882 1333; x_wconf 75' lang='lat' dir='ltr'>indigesti</span> <span class='ocrx_word' id='word_1_84' title='bbox 1911 1254 2003 1314; x_wconf 81' lang='lat' dir='ltr'>vel</span> <span class='ocrx_word' id='word_1_85' title='bbox 2033 1254 2348 1314; x_wconf 71' lang='lat' dir='ltr'>temulenti.</span> 
     </span>
     <span class='ocr_line' id='line_1_11' title="bbox 502 1337 2547 1419; baseline -0.002 -18"><span class='ocrx_word' id='word_1_86' title='bbox 502 1340 783 1418; x_wconf 75' lang='lat' dir='ltr'>Elegidia</span> <span class='ocrx_word' id='word_1_87' title='bbox 811 1337 956 1398; x_wconf 86' lang='lat' dir='ltr'>dixit</span> <span class='ocrx_word' id='word_1_88' title='bbox 982 1337 1294 1400; x_wconf 81' lang='lat' dir='ltr'>derivatum</span> <span class='ocrx_word' id='word_1_89' title='bbox 1323 1339 1396 1400; x_wconf 82' lang='lat' dir='ltr'>ab</span> <span class='ocrx_word' id='word_1_90' title='bbox 1427 1339 1648 1419; x_wconf 83' lang='lat' dir='ltr'>elegis,</span> <span class='ocrx_word' id='word_1_91' title='bbox 1691 1350 1753 1400; x_wconf 91' lang='lat' dir='ltr'>ut</span> <span class='ocrx_word' id='word_1_92' title='bbox 1795 1350 1855 1399; x_wconf 90' lang='lat' dir='ltr'>et</span> <span class='ocrx_word' id='word_1_93' title='bbox 1889 1341 1998 1399; x_wconf 88' lang='lat' dir='ltr'>boc</span> <span class='ocrx_word' id='word_1_94' title='bbox 2022 1358 2227 1399; x_wconf 88' lang='lat' dir='ltr'>nomen</span> <span class='ocrx_word' id='word_1_95' title='bbox 2258 1339 2547 1398; x_wconf 81' lang='lat' dir='ltr'>mollitiem</span> 
     </span>
     <span class='ocr_line' id='line_1_12' title="bbox 501 1423 2547 1505; baseline -0.002 -18"><span class='ocrx_word' id='word_1_96' title='bbox 501 1426 746 1505; x_wconf 80' lang='lat' dir='ltr'>aliquam</span> <span class='ocrx_word' id='word_1_97' title='bbox 790 1425 1092 1502; x_wconf 84' lang='lat' dir='ltr'>significet.</span> <span class='ocrx_word' id='word_1_98' title='bbox 1160 1425 1321 1504; x_wconf 85' lang='lat' dir='ltr'>Ergo</span> <span class='ocrx_word' id='word_1_99' title='bbox 1364 1424 1473 1485; x_wconf 89' lang='lat' dir='ltr'>boc</span> <span class='ocrx_word' id='word_1_100' title='bbox 1514 1424 1692 1486; x_wconf 88' lang='lat' dir='ltr'>dicit.</span> <span class='ocrx_word' id='word_1_101' title='bbox 1750 1423 1902 1485; x_wconf 89' lang='lat' dir='ltr'>Nolo</span> <span class='ocrx_word' id='word_1_102' title='bbox 1944 1444 2034 1485; x_wconf 88' lang='lat' dir='ltr'>me</span> <span class='ocrx_word' id='word_1_103' title='bbox 2083 1423 2283 1485; x_wconf 77' lang='lat' dir='ltr'>laudea</span> <span class='ocrx_word' id='word_1_104' title='bbox 2333 1423 2547 1495; x_wconf 77' lang='lat' dir='ltr'>verbis,</span> 
     </span>
     <span class='ocr_line' id='line_1_13' title="bbox 503 1509 2548 1592; baseline 0 -23"><span class='ocrx_word' id='word_1_105' title='bbox 503 1509 705 1590; x_wconf 83' lang='lat' dir='ltr'>quibus</span> <span class='ocrx_word' id='word_1_106' title='bbox 754 1509 907 1569; x_wconf 83' lang='lat' dir='ltr'>soles</span> <span class='ocrx_word' id='word_1_107' title='bbox 933 1509 1168 1571; x_wconf 83' lang='lat' dir='ltr'>laudare</span> <span class='ocrx_word' id='word_1_108' title='bbox 1212 1512 1416 1590; x_wconf 82' lang='lat' dir='ltr'>elegos</span> <span class='ocrx_word' id='word_1_109' title='bbox 1465 1511 1775 1592; x_wconf 79' lang='lat' dir='ltr'>principum</span> <span class='ocrx_word' id='word_1_110' title='bbox 1828 1528 2067 1583; x_wconf 81' lang='lat' dir='ltr'>versus,</span> <span class='ocrx_word' id='word_1_111' title='bbox 2125 1510 2221 1591; x_wconf 87' lang='lat' dir='ltr'>qui</span> <span class='ocrx_word' id='word_1_112' title='bbox 2265 1529 2548 1590; x_wconf 81' lang='lat' dir='ltr'>nunqnam</span> 
     </span>
     <span class='ocr_line' id='line_1_14' title="bbox 503 1591 1362 1675; baseline -0.001 -19"><span class='ocrx_word' id='word_1_113' title='bbox 503 1596 616 1656; x_wconf 77' lang='lat' dir='ltr'>nisi</span> <span class='ocrx_word' id='word_1_114' title='bbox 645 1591 806 1655; x_wconf 84' lang='lat' dir='ltr'>crudi</span> <span class='ocrx_word' id='word_1_115' title='bbox 834 1607 1096 1675; x_wconf 88' lang='lat' dir='ltr'>poemata</span> <span class='ocrx_word' id='word_1_116' title='bbox 1123 1597 1362 1655; x_wconf 77' lang='lat' dir='ltr'>faciunt.</span> 
     </span>
    </p>

    <p class='ocr_par' dir='ltr' id='par_1_4' title="bbox 497 1680 2561 3362">
     <span class='ocr_line' id='line_1_15' title="bbox 677 1680 2548 1760; baseline -0.002 -18"><span class='ocrx_word' id='word_1_117' title='bbox 677 1684 759 1742; x_wconf 83' lang='lat'>52</span> <span class='ocrx_word' id='word_1_118' title='bbox 787 1699 874 1759; x_wconf 85' lang='lat' dir='ltr'>sq.</span> <span class='ocrx_word' id='word_1_119' title='bbox 918 1683 1052 1740; x_wconf 80' lang='lat' dir='ltr'>Non</span> <span class='ocrx_word' id='word_1_120' title='bbox 1089 1682 1371 1760; x_wconf 74' lang='lat' dir='ltr'>qm‘cqutd</span> <span class='ocrx_word' id='word_1_121' title='bbox 1407 1683 1659 1759; x_wconf 76' lang='lat' dir='ltr'>dem’que</span> <span class='ocrx_word' id='word_1_122' title='bbox 1701 1681 1871 1740; x_wconf 75' lang='lat' dir='ltr'>lectis</span> <span class='ocrx_word' id='word_1_123' title='bbox 1901 1680 2194 1740; x_wconf 73' lang='lat' dir='ltr'>scri‘bunr</span> <span class='ocrx_word' id='word_1_124' title='bbox 2219 1680 2282 1738; x_wconf 73' lang='lat' dir='ltr'>in</span> <span class='ocrx_word' id='word_1_125' title='bbox 2313 1680 2548 1750; x_wconf 73' lang='lat' dir='ltr'>citreis,</span> 
     </span>
     <span class='ocr_line' id='line_1_16' title="bbox 504 1763 2552 1846; baseline -0.001 -21"><span class='ocrx_word' id='word_1_126' title='bbox 504 1785 540 1825; x_wconf 81' lang='lat' dir='ltr'>a</span> <span class='ocrx_word' id='word_1_127' title='bbox 578 1763 857 1824; x_wconf 89' lang='lat' dir='ltr'>nobilibus</span> <span class='ocrx_word' id='word_1_128' title='bbox 891 1767 1133 1826; x_wconf 83' lang='lat' dir='ltr'>scilicet.</span> <span class='ocrx_word' id='word_1_129' title='bbox 1190 1764 1318 1826; x_wconf 85' lang='lat' dir='ltr'>Nec</span> <span class='ocrx_word' id='word_1_130' title='bbox 1359 1786 1433 1828; x_wconf 83' lang='lat' dir='ltr'>ea</span> <span class='ocrx_word' id='word_1_131' title='bbox 1469 1785 1692 1846; x_wconf 84' lang='lat' dir='ltr'>quoque</span> <span class='ocrx_word' id='word_1_132' title='bbox 1737 1766 1976 1845; x_wconf 76' lang='lat' dir='ltr'>probas,</span> <span class='ocrx_word' id='word_1_133' title='bbox 2022 1785 2170 1845; x_wconf 83' lang='lat' dir='ltr'>quae</span> <span class='ocrx_word' id='word_1_134' title='bbox 2219 1765 2275 1823; x_wconf 88' lang='lat' dir='ltr'>in</span> <span class='ocrx_word' id='word_1_135' title='bbox 2321 1765 2552 1825; x_wconf 82' lang='lat' dir='ltr'>lectulis</span> 
     </span>
     <span class='ocr_line' id='line_1_17' title="bbox 505 1848 2554 1932; baseline -0 -21"><span class='ocrx_word' id='word_1_136' title='bbox 505 1852 701 1912; x_wconf 87' lang='lat' dir='ltr'>citreis</span> <span class='ocrx_word' id='word_1_137' title='bbox 730 1850 1070 1911; x_wconf 84' lang='lat' dir='ltr'>scribuntur.</span> <span class='ocrx_word' id='word_1_138' title='bbox 1127 1848 1295 1930; x_wconf 88' lang='lat' dir='ltr'>Apud</span> <span class='ocrx_word' id='word_1_139' title='bbox 1333 1853 1595 1932; x_wconf 82' lang='lat' dir='ltr'>antiquos</span> <span class='ocrx_word' id='word_1_140' title='bbox 1639 1852 1834 1911; x_wconf 86' lang='lat' dir='ltr'>citreis</span> <span class='ocrx_word' id='word_1_141' title='bbox 1865 1850 2067 1911; x_wconf 81' lang='lat' dir='ltr'>tabulis</span> <span class='ocrx_word' id='word_1_142' title='bbox 2097 1852 2353 1930; x_wconf 78' lang='lat' dir='ltr'>parietes</span> <span class='ocrx_word' id='word_1_143' title='bbox 2381 1870 2554 1910; x_wconf 78' lang='lat' dir='ltr'>orna-</span> 
     </span>
     <span class='ocr_line' id='line_1_18' title="bbox 503 1934 2557 2016; baseline 0 -21"><span class='ocrx_word' id='word_1_144' title='bbox 503 1935 741 2008; x_wconf 84' lang='lat' dir='ltr'>bantur,</span> <span class='ocrx_word' id='word_1_145' title='bbox 786 1955 926 2016; x_wconf 83' lang='lat' dir='ltr'>quas</span> <span class='ocrx_word' id='word_1_146' title='bbox 958 1947 1018 1995; x_wconf 89' lang='lat' dir='ltr'>et</span> <span class='ocrx_word' id='word_1_147' title='bbox 1041 1955 1179 1996; x_wconf 88' lang='lat' dir='ltr'>cera</span> <span class='ocrx_word' id='word_1_148' title='bbox 1206 1937 1573 2008; x_wconf 82' lang='lat' dir='ltr'>incerabant,</span> <span class='ocrx_word' id='word_1_149' title='bbox 1615 1946 1681 1995; x_wconf 86' lang='lat' dir='ltr'>nt</span> <span class='ocrx_word' id='word_1_150' title='bbox 1705 1934 1964 2016; x_wconf 84' lang='lat' dir='ltr'>quicquid</span> <span class='ocrx_word' id='word_1_151' title='bbox 1991 1938 2048 1997; x_wconf 86' lang='lat' dir='ltr'>in</span> <span class='ocrx_word' id='word_1_152' title='bbox 2075 1937 2318 1995; x_wconf 84' lang='lat' dir='ltr'>animum</span> <span class='ocrx_word' id='word_1_153' title='bbox 2350 1937 2557 1996; x_wconf 88' lang='lat' dir='ltr'>venie·</span> 
     </span>
     <span class='ocr_line' id='line_1_19' title="bbox 503 2020 2557 2103; baseline 0 -22"><span class='ocrx_word' id='word_1_154' title='bbox 503 2021 635 2093; x_wconf 85' lang='lat' dir='ltr'>bat,</span> <span class='ocrx_word' id='word_1_155' title='bbox 680 2022 867 2080; x_wconf 79' lang='lat' dir='ltr'>statim</span> <span class='ocrx_word' id='word_1_156' title='bbox 913 2032 1235 2092; x_wconf 75' lang='lat' dir='ltr'>notaretur,</span> <span class='ocrx_word' id='word_1_157' title='bbox 1279 2041 1351 2081; x_wconf 86' lang='lat' dir='ltr'>ne</span> <span class='ocrx_word' id='word_1_158' title='bbox 1389 2024 1478 2081; x_wconf 80' lang='lat' dir='ltr'>vis</span> <span class='ocrx_word' id='word_1_159' title='bbox 1519 2020 1730 2100; x_wconf 89' lang='lat' dir='ltr'>ingenii</span> <span class='ocrx_word' id='word_1_160' title='bbox 1770 2023 2011 2101; x_wconf 87' lang='lat' dir='ltr'>periret.</span> <span class='ocrx_word' id='word_1_161' title='bbox 2086 2021 2298 2081; x_wconf 87' lang='lat' dir='ltr'>Citrum</span> <span class='ocrx_word' id='word_1_162' title='bbox 2341 2023 2557 2103; x_wconf 80' lang='lat' dir='ltr'>quippe</span> 
     </span>
     <span class='ocr_line' id='line_1_20' title="bbox 499 2105 2557 2186; baseline -0 -20"><span class='ocrx_word' id='word_1_163' title='bbox 499 2105 771 2166; x_wconf 79' lang='lat' dir='ltr'>Romanis</span> <span class='ocrx_word' id='word_1_164' title='bbox 825 2116 998 2165; x_wconf 81' lang='lat' dir='ltr'>antea</span> <span class='ocrx_word' id='word_1_165' title='bbox 1039 2108 1344 2186; x_wconf 86' lang='lat' dir='ltr'>pretiosum</span> <span class='ocrx_word' id='word_1_166' title='bbox 1412 2106 1714 2166; x_wconf 72' lang='lat' dir='ltr'>notabatur</span> <span class='ocrx_word' id='word_1_167' title='bbox 1768 2116 1830 2167; x_wconf 90' lang='lat' dir='ltr'>et</span> <span class='ocrx_word' id='word_1_168' title='bbox 1887 2127 2027 2167; x_wconf 85' lang='lat' dir='ltr'>auro</span> <span class='ocrx_word' id='word_1_169' title='bbox 2088 2106 2557 2185; x_wconf 79' lang='lat' dir='ltr'>comparandum.</span> 
     </span>
     <span class='ocr_line' id='line_1_21' title="bbox 503 2189 2560 2274; baseline 0 -22"><span class='ocrx_word' id='word_1_170' title='bbox 503 2191 616 2252; x_wconf 90' lang='lat' dir='ltr'>Vel</span> <span class='ocrx_word' id='word_1_171' title='bbox 641 2201 800 2251; x_wconf 89' lang='lat' dir='ltr'>certe</span> <span class='ocrx_word' id='word_1_172' title='bbox 831 2190 980 2271; x_wconf 86' lang='lat' dir='ltr'>quod</span> <span class='ocrx_word' id='word_1_173' title='bbox 1010 2191 1322 2271; x_wconf 77' lang='lat' dir='ltr'>locupletes</span> <span class='ocrx_word' id='word_1_174' title='bbox 1364 2191 1764 2252; x_wconf 74' lang='lat' dir='ltr'>recumbentes</span> <span class='ocrx_word' id='word_1_175' title='bbox 1805 2192 1862 2251; x_wconf 91' lang='lat' dir='ltr'>in</span> <span class='ocrx_word' id='word_1_176' title='bbox 1893 2193 2164 2274; x_wconf 83' lang='lat' dir='ltr'>pretiosis</span> <span class='ocrx_word' id='word_1_177' title='bbox 2195 2192 2423 2262; x_wconf 57' lang='lat' dir='ltr'>lectulis</span> <span class='ocrx_word' id='word_1_178' title='bbox 2450 2189 2560 2252; x_wconf 87' lang='lat' dir='ltr'>de-</span> 
     </span>
     <span class='ocr_line' id='line_1_22' title="bbox 505 2274 2561 2340; baseline -0 -3"><span class='ocrx_word' id='word_1_179' title='bbox 505 2277 676 2337; x_wconf 83' lang='lat' dir='ltr'>licate</span> <span class='ocrx_word' id='word_1_180' title='bbox 706 2295 775 2336; x_wconf 83' lang='lat' dir='ltr'>ac</span> <span class='ocrx_word' id='word_1_181' title='bbox 804 2278 927 2338; x_wconf 83' lang='lat' dir='ltr'>sine</span> <span class='ocrx_word' id='word_1_182' title='bbox 955 2296 1095 2337; x_wconf 80' lang='lat' dir='ltr'>eura</span> <span class='ocrx_word' id='word_1_183' title='bbox 1125 2276 1469 2340; x_wconf 70' lang='lat' dir='ltr'>scribebant.</span> <span class='ocrx_word' id='word_1_184' title='bbox 1526 2278 1606 2337; x_wconf 86' lang='lat' dir='ltr'>Et</span> <span class='ocrx_word' id='word_1_185' title='bbox 1630 2277 1741 2336; x_wconf 87' lang='lat' dir='ltr'>boc</span> <span class='ocrx_word' id='word_1_186' title='bbox 1769 2274 1937 2337; x_wconf 80' lang='lat' dir='ltr'>dicit=</span> <span class='ocrx_word' id='word_1_187' title='bbox 1979 2276 2108 2337; x_wconf 85' lang='lat' dir='ltr'>Non</span> <span class='ocrx_word' id='word_1_188' title='bbox 2140 2287 2273 2337; x_wconf 85' lang='lat' dir='ltr'>sunt</span> <span class='ocrx_word' id='word_1_189' title='bbox 2297 2279 2561 2337; x_wconf 83' lang='lat' dir='ltr'>carmina</span> 
     </span>
     <span class='ocr_line' id='line_1_23' title="bbox 504 2359 2558 2444; baseline -0 -21"><span class='ocrx_word' id='word_1_190' title='bbox 504 2362 686 2437; x_wconf 79' lang='lat' dir='ltr'>bnec,</span> <span class='ocrx_word' id='word_1_191' title='bbox 717 2382 865 2443; x_wconf 82' lang='lat' dir='ltr'>quae</span> <span class='ocrx_word' id='word_1_192' title='bbox 893 2383 1068 2443; x_wconf 90' lang='lat' dir='ltr'>super</span> <span class='ocrx_word' id='word_1_193' title='bbox 1090 2362 1332 2423; x_wconf 91' lang='lat' dir='ltr'>lectulos</span> <span class='ocrx_word' id='word_1_194' title='bbox 1357 2365 1572 2424; x_wconf 82' lang='lat' dir='ltr'>citreos</span> <span class='ocrx_word' id='word_1_195' title='bbox 1598 2360 2020 2424; x_wconf 70' lang='lat' dir='ltr'>discumbentes</span> <span class='ocrx_word' id='word_1_196' title='bbox 2049 2359 2300 2434; x_wconf 77' lang='lat' dir='ltr'>faciant,</span> <span class='ocrx_word' id='word_1_197' title='bbox 2347 2364 2397 2422; x_wconf 84' lang='lat' dir='ltr'>si</span> <span class='ocrx_word' id='word_1_198' title='bbox 2427 2364 2558 2444; x_wconf 86' lang='lat' dir='ltr'>qui-</span> 
     </span>
     <span class='ocr_line' id='line_1_24' title="bbox 505 2447 2554 2529; baseline 0 -21"><span class='ocrx_word' id='word_1_199' title='bbox 505 2447 633 2508; x_wconf 90' lang='lat' dir='ltr'>dem</span> <span class='ocrx_word' id='word_1_200' title='bbox 685 2467 798 2507; x_wconf 90' lang='lat' dir='ltr'>non</span> <span class='ocrx_word' id='word_1_201' title='bbox 855 2459 1051 2527; x_wconf 88' lang='lat' dir='ltr'>potest</span> <span class='ocrx_word' id='word_1_202' title='bbox 1090 2449 1166 2508; x_wconf 91' lang='lat' dir='ltr'>ibi</span> <span class='ocrx_word' id='word_1_203' title='bbox 1211 2447 1418 2528; x_wconf 85' lang='lat' dir='ltr'>aliquid</span> <span class='ocrx_word' id='word_1_204' title='bbox 1461 2450 1550 2509; x_wconf 90' lang='lat' dir='ltr'>rei</span> <span class='ocrx_word' id='word_1_205' title='bbox 1594 2449 1804 2529; x_wconf 79' lang='lat' dir='ltr'>politae</span> <span class='ocrx_word' id='word_1_206' title='bbox 1848 2460 1909 2509; x_wconf 90' lang='lat' dir='ltr'>et</span> <span class='ocrx_word' id='word_1_207' title='bbox 1950 2447 2242 2509; x_wconf 83' lang='lat' dir='ltr'>doctrinae</span> <span class='ocrx_word' id='word_1_208' title='bbox 2285 2447 2554 2509; x_wconf 81' lang='lat' dir='ltr'>inveniri.</span> 
     </span>
     <span class='ocr_line' id='line_1_25' title="bbox 504 2531 2556 2615; baseline 0 -22"><span class='ocrx_word' id='word_1_209' title='bbox 504 2535 674 2593; x_wconf 84' lang='lat' dir='ltr'>Belle</span> <span class='ocrx_word' id='word_1_210' title='bbox 731 2532 904 2613; x_wconf 90' lang='lat' dir='ltr'>igitur</span> <span class='ocrx_word' id='word_1_211' title='bbox 946 2544 1007 2594; x_wconf 90' lang='lat' dir='ltr'>et</span> <span class='ocrx_word' id='word_1_212' title='bbox 1047 2553 1196 2612; x_wconf 80' lang='lat' dir='ltr'>euge</span> <span class='ocrx_word' id='word_1_213' title='bbox 1238 2535 1549 2613; x_wconf 79' lang='lat' dir='ltr'>contigisse</span> <span class='ocrx_word' id='word_1_214' title='bbox 1593 2553 1771 2614; x_wconf 79' lang='lat' dir='ltr'>saepe</span> <span class='ocrx_word' id='word_1_215' title='bbox 1815 2534 2183 2615; x_wconf 82' lang='lat' dir='ltr'>locupletibus</span> <span class='ocrx_word' id='word_1_216' title='bbox 2230 2531 2396 2605; x_wconf 85' lang='lat' dir='ltr'>dicit,</span> <span class='ocrx_word' id='word_1_217' title='bbox 2457 2535 2556 2614; x_wconf 80' lang='lat' dir='ltr'>qui</span> 
     </span>
     <span class='ocr_line' id='line_1_26' title="bbox 505 2617 2554 2697; baseline -0 -18"><span class='ocrx_word' id='word_1_218' title='bbox 505 2617 665 2680; x_wconf 90' lang='lat' dir='ltr'>crudi</span> <span class='ocrx_word' id='word_1_219' title='bbox 707 2638 883 2697; x_wconf 75' lang='lat' dir='ltr'>super</span> <span class='ocrx_word' id='word_1_220' title='bbox 924 2619 1166 2679; x_wconf 89' lang='lat' dir='ltr'>lectulos</span> <span class='ocrx_word' id='word_1_221' title='bbox 1206 2621 1421 2681; x_wconf 82' lang='lat' dir='ltr'>citreos</span> <span class='ocrx_word' id='word_1_222' title='bbox 1462 2621 1719 2680; x_wconf 81' lang='lat' dir='ltr'>iacentes</span> <span class='ocrx_word' id='word_1_223' title='bbox 1754 2620 1902 2680; x_wconf 81' lang='lat' dir='ltr'>male</span> <span class='ocrx_word' id='word_1_224' title='bbox 1934 2619 2188 2680; x_wconf 85' lang='lat' dir='ltr'>scribunt</span> <span class='ocrx_word' id='word_1_225' title='bbox 2220 2621 2554 2692; x_wconf 74' lang='lat' dir='ltr'>oscitantes,</span> 
     </span>
     <span class='ocr_line' id='line_1_27' title="bbox 505 2701 2554 2786; baseline 0 -23"><span class='ocrx_word' id='word_1_226' title='bbox 505 2704 598 2764; x_wconf 78' lang='lat' dir='ltr'>vel</span> <span class='ocrx_word' id='word_1_227' title='bbox 646 2701 890 2765; x_wconf 79' lang='lat' dir='ltr'>delicate</span> <span class='ocrx_word' id='word_1_228' title='bbox 929 2724 999 2764; x_wconf 78' lang='lat' dir='ltr'>nc</span> <span class='ocrx_word' id='word_1_229' title='bbox 1043 2705 1166 2765; x_wconf 84' lang='lat' dir='ltr'>sine</span> <span class='ocrx_word' id='word_1_230' title='bbox 1214 2724 1387 2777; x_wconf 78' lang='lat' dir='ltr'>cura,</span> <span class='ocrx_word' id='word_1_231' title='bbox 1433 2716 1494 2765; x_wconf 91' lang='lat' dir='ltr'>et</span> <span class='ocrx_word' id='word_1_232' title='bbox 1525 2703 1657 2766; x_wconf 89' lang='lat' dir='ltr'>ideo</span> <span class='ocrx_word' id='word_1_233' title='bbox 1698 2706 1924 2784; x_wconf 81' lang='lat' dir='ltr'>arguit,</span> <span class='ocrx_word' id='word_1_234' title='bbox 1955 2703 2104 2786; x_wconf 87' lang='lat' dir='ltr'>quod</span> <span class='ocrx_word' id='word_1_235' title='bbox 2133 2703 2434 2766; x_wconf 82' lang='lat' dir='ltr'>laudantur</span> <span class='ocrx_word' id='word_1_236' title='bbox 2466 2705 2554 2764; x_wconf 91' lang='lat' dir='ltr'>lo-</span> 
     </span>
     <span class='ocr_line' id='line_1_28' title="bbox 506 2789 2554 2870; baseline 0.001 -21"><span class='ocrx_word' id='word_1_237' title='bbox 506 2789 786 2868; x_wconf 87' lang='lat' dir='ltr'>cupletum</span> <span class='ocrx_word' id='word_1_238' title='bbox 824 2800 1119 2868; x_wconf 80' lang='lat' dir='ltr'>poemata,</span> <span class='ocrx_word' id='word_1_239' title='bbox 1162 2792 1293 2869; x_wconf 82' lang='lat' dir='ltr'>quia</span> <span class='ocrx_word' id='word_1_240' title='bbox 1341 2799 1403 2850; x_wconf 90' lang='lat' dir='ltr'>et</span> <span class='ocrx_word' id='word_1_241' title='bbox 1444 2808 1655 2851; x_wconf 79' lang='lat' dir='ltr'>coenas</span> <span class='ocrx_word' id='word_1_242' title='bbox 1701 2801 2001 2870; x_wconf 81' lang='lat' dir='ltr'>praestare</span> <span class='ocrx_word' id='word_1_243' title='bbox 2045 2790 2234 2851; x_wconf 75' lang='lat' dir='ltr'>solent</span> <span class='ocrx_word' id='word_1_244' title='bbox 2264 2800 2325 2851; x_wconf 91' lang='lat' dir='ltr'>et</span> <span class='ocrx_word' id='word_1_245' title='bbox 2352 2801 2554 2852; x_wconf 79' lang='lat' dir='ltr'>vestes</span> 
     </span>
     <span class='ocr_line' id='line_1_29' title="bbox 506 2872 2555 2953; baseline 0.001 -20"><span class='ocrx_word' id='word_1_246' title='bbox 506 2872 740 2935; x_wconf 83' lang='lat' dir='ltr'>donare.</span> <span class='ocrx_word' id='word_1_247' title='bbox 791 2875 868 2934; x_wconf 90' lang='lat' dir='ltr'>Et</span> <span class='ocrx_word' id='word_1_248' title='bbox 909 2875 1018 2935; x_wconf 89' lang='lat' dir='ltr'>boc</span> <span class='ocrx_word' id='word_1_249' title='bbox 1055 2873 1224 2934; x_wconf 80' lang='lat' dir='ltr'>dicit:</span> <span class='ocrx_word' id='word_1_250' title='bbox 1270 2875 1450 2934; x_wconf 87' lang='lat' dir='ltr'>Tuum</span> <span class='ocrx_word' id='word_1_251' title='bbox 1491 2894 1642 2953; x_wconf 82' lang='lat' dir='ltr'>euge</span> <span class='ocrx_word' id='word_1_252' title='bbox 1672 2887 1734 2936; x_wconf 91' lang='lat' dir='ltr'>et</span> <span class='ocrx_word' id='word_1_253' title='bbox 1753 2876 1906 2935; x_wconf 80' lang='lat' dir='ltr'>belle</span> <span class='ocrx_word' id='word_1_254' title='bbox 1936 2895 2177 2948; x_wconf 82' lang='lat' dir='ltr'>recuso,</span> <span class='ocrx_word' id='word_1_255' title='bbox 2217 2874 2275 2935; x_wconf 90' lang='lat' dir='ltr'>id</span> <span class='ocrx_word' id='word_1_256' title='bbox 2299 2887 2394 2936; x_wconf 81' lang='lat' dir='ltr'>est</span> <span class='ocrx_word' id='word_1_257' title='bbox 2419 2895 2555 2935; x_wconf 73' lang='lat' dir='ltr'>car-</span> 
     </span>
     <span class='ocr_line' id='line_1_30' title="bbox 505 2959 2555 3040; baseline -0 -20"><span class='ocrx_word' id='word_1_258' title='bbox 505 2961 655 3020; x_wconf 80' lang='lat' dir='ltr'>mine</span> <span class='ocrx_word' id='word_1_259' title='bbox 673 3001 692 3032; x_wconf 93' lang='lat'>,</span> <span class='ocrx_word' id='word_1_260' title='bbox 736 2979 882 3039; x_wconf 83' lang='lat' dir='ltr'>quae</span> <span class='ocrx_word' id='word_1_261' title='bbox 924 2961 1145 3020; x_wconf 86' lang='lat' dir='ltr'>interim</span> <span class='ocrx_word' id='word_1_262' title='bbox 1185 2961 1512 3040; x_wconf 84' lang='lat' dir='ltr'>componis,</span> <span class='ocrx_word' id='word_1_263' title='bbox 1556 2960 1684 3020; x_wconf 87' lang='lat' dir='ltr'>dum</span> <span class='ocrx_word' id='word_1_264' title='bbox 1714 2959 1815 3020; x_wconf 84' lang='lat' dir='ltr'>tibi</span> <span class='ocrx_word' id='word_1_265' title='bbox 1844 2959 2050 3022; x_wconf 86' lang='lat' dir='ltr'>dieitur</span> <span class='ocrx_word' id='word_1_266' title='bbox 2076 2981 2246 3039; x_wconf 77' lang='lat' dir='ltr'>cuge.</span> <span class='ocrx_word' id='word_1_267' title='bbox 2304 2962 2555 3040; x_wconf 73' lang='lat' dir='ltr'>Spondae</span> 
     </span>
     <span class='ocr_line' id='line_1_31' title="bbox 507 3045 2554 3125; baseline 0 -20"><span class='ocrx_word' id='word_1_268' title='bbox 507 3056 696 3105; x_wconf 81' lang='lat' dir='ltr'>autem</span> <span class='ocrx_word' id='word_1_269' title='bbox 724 3047 980 3107; x_wconf 80' lang='lat' dir='ltr'>exterior</span> <span class='ocrx_word' id='word_1_270' title='bbox 1009 3065 1143 3125; x_wconf 79' lang='lat' dir='ltr'>pars</span> <span class='ocrx_word' id='word_1_271' title='bbox 1172 3045 1305 3107; x_wconf 89' lang='lat' dir='ltr'>lecti</span> <span class='ocrx_word' id='word_1_272' title='bbox 1323 3088 1342 3118; x_wconf 95' lang='lat'>,</span> <span class='ocrx_word' id='word_1_273' title='bbox 1364 3047 1605 3125; x_wconf 74' lang='lat' dir='ltr'>pluteus</span> <span class='ocrx_word' id='word_1_274' title='bbox 1628 3047 1867 3106; x_wconf 87' lang='lat' dir='ltr'>interior</span> <span class='ocrx_word' id='word_1_275' title='bbox 1895 3053 1939 3106; x_wconf 80' lang='lat'>2.</span> <span class='ocrx_word' id='word_1_276' title='bbox 2120 3047 2391 3107; x_wconf 68' lang='lat' dir='ltr'>Calidum</span> <span class='ocrx_word' id='word_1_277' title='bbox 2428 3049 2554 3105; x_wconf 71' lang='lat' dir='ltr'>seir</span> 
     </span>
     <span class='ocr_line' id='line_1_32' title="bbox 497 3130 2555 3211; baseline 0 -22"><span class='ocrx_word' id='word_1_278' title='bbox 497 3150 724 3211; x_wconf 80' lang='lat' dir='ltr'>ponere</span> <span class='ocrx_word' id='word_1_279' title='bbox 773 3150 1012 3203; x_wconf 76' lang='lat' dir='ltr'>sumen,</span> <span class='ocrx_word' id='word_1_280' title='bbox 1061 3132 1311 3192; x_wconf 83' lang='lat' dir='ltr'>convivis</span> <span class='ocrx_word' id='word_1_281' title='bbox 1354 3132 1608 3204; x_wconf 78' lang='lat' dir='ltr'>scilicet3</span> <span class='ocrx_word' id='word_1_282' title='bbox 1655 3142 1717 3191; x_wconf 90' lang='lat' dir='ltr'>et</span> <span class='ocrx_word' id='word_1_283' title='bbox 1758 3130 1897 3192; x_wconf 91' lang='lat' dir='ltr'>dicit</span> <span class='ocrx_word' id='word_1_284' title='bbox 1946 3133 2026 3192; x_wconf 91' lang='lat' dir='ltr'>illi</span> <span class='ocrx_word' id='word_1_285' title='bbox 2081 3142 2323 3211; x_wconf 79' lang='lat' dir='ltr'>poetae:</span> <span class='ocrx_word' id='word_1_286' title='bbox 2382 3130 2555 3191; x_wconf 79' lang='lat' dir='ltr'>Nosti</span> 
     </span>
     <span class='ocr_line' id='line_1_33' title="bbox 506 3215 2556 3296; baseline 0 -20"><span class='ocrx_word' id='word_1_287' title='bbox 506 3227 741 3293; x_wconf 81' lang='lat' dir='ltr'>captare</span> <span class='ocrx_word' id='word_1_288' title='bbox 788 3217 1003 3276; x_wconf 88' lang='lat' dir='ltr'>animos</span> <span class='ocrx_word' id='word_1_289' title='bbox 1045 3215 1391 3277; x_wconf 83' lang='lat' dir='ltr'>audientium</span> <span class='ocrx_word' id='word_1_290' title='bbox 1430 3227 1529 3276; x_wconf 85' lang='lat' dir='ltr'>tua</span> <span class='ocrx_word' id='word_1_291' title='bbox 1567 3218 1852 3290; x_wconf 79' lang='lat' dir='ltr'>carmina,</span> <span class='ocrx_word' id='word_1_292' title='bbox 1897 3237 2022 3278; x_wconf 91' lang='lat' dir='ltr'>cum</span> <span class='ocrx_word' id='word_1_293' title='bbox 2074 3237 2179 3278; x_wconf 89' lang='lat' dir='ltr'>eos</span> <span class='ocrx_word' id='word_1_294' title='bbox 2218 3218 2304 3277; x_wconf 88' lang='lat' dir='ltr'>sie</span> <span class='ocrx_word' id='word_1_295' title='bbox 2358 3217 2556 3296; x_wconf 81' lang='lat' dir='ltr'>pascis</span> 
     </span>
     <span class='ocr_line' id='line_1_34' title="bbox 505 3298 774 3362; baseline 0 -2"><span class='ocrx_word' id='word_1_296' title='bbox 505 3298 774 3362; x_wconf 88' lang='lat' dir='ltr'>delicate.</span> 
     </span>
    </p>

    <p class='ocr_par' dir='ltr' id='par_1_5' title="bbox 505 3384 2555 3637">
     <span class='ocr_line' id='line_1_35' title="bbox 679 3384 2554 3460; baseline -0.001 -12"><span class='ocrx_word' id='word_1_297' title='bbox 679 3390 785 3448; x_wconf 76' lang='lat'>54.</span> <span class='ocrx_word' id='word_1_298' title='bbox 833 3388 965 3446; x_wconf 60' lang='lat' dir='ltr'>Scae</span> <span class='ocrx_word' id='word_1_299' title='bbox 997 3388 1255 3446; x_wconf 75' lang='lat' dir='ltr'>comitem</span> <span class='ocrx_word' id='word_1_300' title='bbox 1288 3387 1660 3447; x_wconf 73' lang='lat' dir='ltr'>horridulum</span> <span class='ocrx_word' id='word_1_301' title='bbox 1700 3390 1848 3448; x_wconf 78' lang='lat' dir='ltr'>trita</span> <span class='ocrx_word' id='word_1_302' title='bbox 1897 3388 2120 3448; x_wconf 80' lang='lat' dir='ltr'>donare</span> <span class='ocrx_word' id='word_1_303' title='bbox 2162 3387 2408 3447; x_wconf 79' lang='lat' dir='ltr'>lacerna</span> <span class='ocrx_word' id='word_1_304' title='bbox 2427 3431 2447 3460; x_wconf 89' lang='lat'>‚</span> <span class='ocrx_word' id='word_1_305' title='bbox 2494 3384 2554 3447; x_wconf 85' lang='lat' dir='ltr'>id</span> 
     </span>
     <span class='ocr_line' id='line_1_36' title="bbox 507 3471 2555 3551; baseline 0 -20"><span class='ocrx_word' id='word_1_306' title='bbox 507 3483 601 3531; x_wconf 83' lang='lat' dir='ltr'>est</span> <span class='ocrx_word' id='word_1_307' title='bbox 641 3472 669 3498; x_wconf 74' lang='lat'>¹*</span> <span class='ocrx_word' id='word_1_308' title='bbox 700 3472 855 3530; x_wconf 83' lang='lat' dir='ltr'>scis</span> <span class='ocrx_word' id='word_1_309' title='bbox 887 3483 963 3530; x_wconf 87' lang='lat' dir='ltr'>et</span> <span class='ocrx_word' id='word_1_310' title='bbox 1001 3472 1341 3551; x_wconf 74' lang='lat' dir='ltr'>byrrum³</span> <span class='ocrx_word' id='word_1_311' title='bbox 1368 3474 1711 3532; x_wconf 85' lang='lat' dir='ltr'>attritum</span> <span class='ocrx_word' id='word_1_312' title='bbox 1755 3474 2008 3534; x_wconf 90' lang='lat' dir='ltr'>comiti</span> <span class='ocrx_word' id='word_1_313' title='bbox 2052 3471 2555 3534; x_wconf 75' lang='lat' dir='ltr'>condonare.*</span> 
     </span>
     <span class='ocr_line' id='line_1_37' title="bbox 505 3555 1753 3637; baseline 0.001 -20"><span class='ocrx_word' id='word_1_314' title='bbox 505 3557 608 3617; x_wconf 90' lang='lat' dir='ltr'>Illa</span> <span class='ocrx_word' id='word_1_315' title='bbox 637 3575 704 3616; x_wconf 87' lang='lat' dir='ltr'>re</span> <span class='ocrx_word' id='word_1_316' title='bbox 735 3555 948 3617; x_wconf 84' lang='lat' dir='ltr'>donare</span> <span class='ocrx_word' id='word_1_317' title='bbox 978 3555 1248 3629; x_wconf 86' lang='lat' dir='ltr'>dicimus,</span> <span class='ocrx_word' id='word_1_318' title='bbox 1292 3569 1354 3618; x_wconf 90' lang='lat' dir='ltr'>nt</span> <span class='ocrx_word' id='word_1_319' title='bbox 1392 3557 1665 3637; x_wconf 86' lang='lat' dir='ltr'>Virgilius</span> <span class='ocrx_word' id='word_1_320' title='bbox 1692 3562 1753 3619; x_wconf 96' lang='grc'>4.</span> 
     </span>
    </p>
   </div>
   <div class='ocr_carea' id='block_1_3' title="bbox 504 3671 2551 3826">
    <p class='ocr_par' dir='ltr' id='par_1_6' title="bbox 504 3671 2551 3815">
     <span class='ocr_line' id='line_1_38' title="bbox 509 3671 1771 3742; baseline 0 -14"><span class='ocrx_word' id='word_1_321' title='bbox 509 3675 535 3728; x_wconf 87' lang='lat'>1</span> <span class='ocrx_word' id='word_1_322' title='bbox 578 3673 868 3725; x_wconf 71' lang='lat' dir='ltr'>Catkact&#39;t&#39;n</span> <span class='ocrx_word' id='word_1_323' title='bbox 897 3676 978 3725; x_wconf 84' lang='lat' dir='ltr'>ed.</span> <span class='ocrx_word' id='word_1_324' title='bbox 1022 3690 1099 3742; x_wconf 90' lang='lat' dir='ltr'>pr.</span> <span class='ocrx_word' id='word_1_325' title='bbox 1137 3671 1407 3742; x_wconf 72' lang='grc' dir='ltr'>κακόχυμα</span> <span class='ocrx_word' id='word_1_326' title='bbox 1411 3674 1528 3728; x_wconf 70' lang='lat' dir='ltr'>cF.</span> <span class='ocrx_word' id='word_1_327' title='bbox 1565 3676 1771 3729; x_wconf 81' lang='lat' dir='ltr'>Morell.</span> 
     </span>
     <span class='ocr_line' id='line_1_39' title="bbox 504 3693 2551 3826; baseline 0.002 -33"><span class='ocrx_word' id='word_1_328' title='bbox 504 3744 541 3800; x_wconf 76' lang='lat'>2</span> <span class='ocrx_word' id='word_1_329' title='bbox 576 3743 656 3794; x_wconf 80' lang='lat' dir='ltr'>Cl&#39;.</span> <span class='ocrx_word' id='word_1_330' title='bbox 708 3741 830 3795; x_wconf 74' lang='lat' dir='ltr'>hid.</span> <span class='ocrx_word' id='word_1_331' title='bbox 875 3745 1041 3826; x_wconf 76' lang='lat' dir='ltr'>origg.</span> <span class='ocrx_word' id='word_1_332' title='bbox 1081 3743 1208 3808; x_wconf 88' lang='lat' dir='ltr'>XX,</span> <span class='ocrx_word' id='word_1_333' title='bbox 1263 3745 1346 3797; x_wconf 90' lang='lat'>11.</span> <span class='ocrx_word' id='word_1_334' title='bbox 1331 3693 1582 3797; x_wconf 58' lang='grc' dir='ltr'><strong>μυδιωσ.</strong></span> <span class='ocrx_word' id='word_1_335' title='bbox 1637 3745 1701 3798; x_wconf 84' lang='lat'>11.</span> <span class='ocrx_word' id='word_1_336' title='bbox 1745 3743 1923 3815; x_wconf 83' lang='lat' dir='ltr'>Stcpb.</span> <span class='ocrx_word' id='word_1_337' title='bbox 1971 3760 2024 3814; x_wconf 89' lang='lat' dir='ltr'>p.</span> <span class='ocrx_word' id='word_1_338' title='bbox 2070 3744 2205 3798; x_wconf 73' lang='grc'><strong>163.</strong></span> <span class='ocrx_word' id='word_1_339' title='bbox 2274 3743 2551 3805; x_wconf 64' lang='lat' dir='ltr'>Plutum,</span> 
     </span>
    </p>
   </div>
   <div class='ocr_carea' id='block_1_4' title="bbox 507 3807 2550 3950">
    <p class='ocr_par' dir='ltr' id='par_1_7' title="bbox 507 3807 2529 3950">
     <span class='ocr_line' id='line_1_40' title="bbox 572 3807 1476 3881; baseline 0.004 -20"><span class='ocrx_word' id='word_1_340' title='bbox 572 3807 880 3880; x_wconf 75' lang='grc' dir='ltr'>παράθεμα</span> <span class='ocrx_word' id='word_1_341' title='bbox 912 3808 1041 3880; x_wconf 78' lang='grc' dir='ltr'>ἕγγω</span> <span class='ocrx_word' id='word_1_342' title='bbox 1046 3830 1160 3863; x_wconf 80' lang='grc' dir='ltr'>ννιο</span> <span class='ocrx_word' id='word_1_343' title='bbox 1190 3808 1476 3881; x_wconf 70' lang='grc' dir='ltr'><strong>τρικλίνου.</strong></span> 
     </span>
     <span class='ocr_line' id='line_1_41' title="bbox 507 3830 2550 3950; baseline 0.001 -17"><span class='ocrx_word' id='word_1_344' title='bbox 507 3879 539 3933; x_wconf 81' lang='grc'><strong>3</strong></span> <span class='ocrx_word' id='word_1_345' title='bbox 575 3879 657 3932; x_wconf 71' lang='grc' dir='ltr'>ΕΙ.</span> <span class='ocrx_word' id='word_1_346' title='bbox 698 3880 855 3933; x_wconf 78' lang='lat' dir='ltr'>Salm.</span> <span class='ocrx_word' id='word_1_347' title='bbox 897 3882 962 3933; x_wconf 80' lang='lat' dir='ltr'>ed</span> <span class='ocrx_word' id='word_1_348' title='bbox 985 3881 1179 3948; x_wconf 81' lang='lat' dir='ltr'>Spart.</span> <span class='ocrx_word' id='word_1_349' title='bbox 1215 3830 1377 3933; x_wconf 83' lang='lat' dir='ltr'>Hadr.</span> <span class='ocrx_word' id='word_1_350' title='bbox 1405 3883 1494 3949; x_wconf 65' lang='lat' dir='ltr'>Sp</span> <span class='ocrx_word' id='word_1_351' title='bbox 1500 3882 1700 3950; x_wconf 71' lang='lat' dir='ltr'>‚2⁷nq.</span> <span class='ocrx_word' id='word_1_352' title='bbox 1751 3880 1960 3950; x_wconf 77' lang='lat' dir='ltr'>Vopise.</span> <span class='ocrx_word' id='word_1_353' title='bbox 1984 3878 2107 3933; x_wconf 75' lang='lat' dir='ltr'>Car.</span> <span class='ocrx_word' id='word_1_354' title='bbox 2137 3880 2205 3936; x_wconf 80' lang='lat'>20</span> <span class='ocrx_word' id='word_1_355' title='bbox 2234 3898 2288 3950; x_wconf 90' lang='lat' dir='ltr'>p.</span> <span class='ocrx_word' id='word_1_356' title='bbox 2316 3882 2550 3950; x_wconf 66' lang='grc'><strong>86234141.</strong></span> 
     </span>
    </p>
   </div>
   <div class='ocr_carea' id='block_1_5' title="bbox 573 3898 2550 4082">
    <p class='ocr_par' dir='ltr' id='par_1_8' title="bbox 573 3898 2550 4075">
     <span class='ocr_line' id='line_1_42' title="bbox 575 3898 2550 4020; baseline 0.003 -19"><span class='ocrx_word' id='word_1_357' title='bbox 575 3948 641 4001; x_wconf 81' lang='grc' dir='ltr'>ιιιΙ</span> <span class='ocrx_word' id='word_1_358' title='bbox 679 3948 827 4000; x_wconf 80' lang='lat' dir='ltr'>Tert.</span> <span class='ocrx_word' id='word_1_359' title='bbox 867 3949 930 4001; x_wconf 84' lang='lat' dir='ltr'>de</span> <span class='ocrx_word' id='word_1_360' title='bbox 972 3950 1097 4017; x_wconf 81' lang='lat' dir='ltr'>pa.ll</span> <span class='ocrx_word' id='word_1_361' title='bbox 1176 3952 1299 4004; x_wconf 80' lang='lat'>.23</span> <span class='ocrx_word' id='word_1_362' title='bbox 1329 3966 1354 4000; x_wconf 88' lang='lat' dir='ltr'>s</span> <span class='ocrx_word' id='word_1_363' title='bbox 1465 3898 1667 4004; x_wconf 52' lang='lat' dir='ltr'>¹’But-nu.</span> <span class='ocrx_word' id='word_1_364' title='bbox 1710 3950 1777 4004; x_wconf 83' lang='lat' dir='ltr'>ed</span> <span class='ocrx_word' id='word_1_365' title='bbox 1812 3950 2022 4005; x_wconf 81' lang='grc' dir='ltr'>ΔιιῑΙιοΙ</span> <span class='ocrx_word' id='word_1_366' title='bbox 2067 3948 2132 4002; x_wconf 95' lang='grc' dir='ltr'>Ι..</span> <span class='ocrx_word' id='word_1_367' title='bbox 2177 3958 2220 4003; x_wconf 90' lang='lat' dir='ltr'>t.</span> <span class='ocrx_word' id='word_1_368' title='bbox 2260 3950 2308 4004; x_wconf 90' lang='lat'>11</span> <span class='ocrx_word' id='word_1_369' title='bbox 2348 3967 2405 4020; x_wconf 90' lang='lat' dir='ltr'>p.</span> <span class='ocrx_word' id='word_1_370' title='bbox 2428 3951 2550 4006; x_wconf 80' lang='grc'><strong>408.</strong></span> 
     </span>
     <span class='ocr_line' id='line_1_43' title="bbox 573 3966 1560 4082; baseline 0.007 -14"><span class='ocrx_word' id='word_1_371' title='bbox 573 4016 835 4070; x_wconf 76' lang='lat' dir='ltr'>Heinrich.</span> <span class='ocrx_word' id='word_1_372' title='bbox 867 4018 933 4069; x_wconf 80' lang='lat' dir='ltr'>ed</span> <span class='ocrx_word' id='word_1_373' title='bbox 959 3965 1560 4082; x_wconf 63' lang='lat' dir='ltr'>uh01.1nv.vlll⁴,4145</span> 
     </span>
    </p>
   </div>
   <div class='ocr_carea' id='block_1_6' title="bbox 504 4085 1074 4155">
    <p class='ocr_par' dir='ltr' id='par_1_9' title="bbox 504 4085 1074 4155">
     <span class='ocr_line' id='line_1_44' title="bbox 504 4085 1074 4155; baseline 0.004 -15"><span class='ocrx_word' id='word_1_374' title='bbox 504 4085 1074 4155; x_wconf 68' lang='lat' dir='ltr'>tvirg.nc1.,.v85</span> 
     </span>
    </p>
   </div>
  </div>
 </body>
</html>
