2764 4738
880 426 1617 490 PROLEGOMENA.
2046 450 2268 495 cxxm

210 611 385 665 recte
416 609 655 663 tantum
687 597 939 664 exhibet
970 598 1109 663 cod.
1143 595 1520 663 Pithoeanus
1541 645 1560 677 ,
1608 609 1675 663 et
1702 598 1968 684 explicat
1998 601 2263 666 ciusdem

208 702 526 765 scholion:
573 701 722 786 Ipse
750 701 840 765 ad
861 722 933 765 se
961 699 1181 765 nabit.
1238 698 1311 764 In
1343 702 1564 765 ceteris
1595 700 1868 765 omnibus
1899 703 2074 766 codd.
2100 749 2118 780 ,
2165 704 2265 786 qui

208 804 455 868 Graeca
490 825 615 867 non
651 804 975 883 omittunt,
1020 802 1206 869 verba
1234 803 1523 884 quaedam
1569 803 1739 886 quasi
1782 802 2023 867 Graeca
2054 805 2265 889 legun-

210 916 346 981 tur,
386 906 595 969 addita
627 907 948 985 versione,
994 925 1147 987 quae
1178 903 1428 989 probat,
1474 906 1623 970 haec
1653 906 1736 970 ita
1768 906 2091 971 constituta
2124 929 2262 974 esse

208 1030 246 1071 a
286 1009 593 1092 quodam,
655 1010 757 1091 qui
815 1030 949 1072 cnm
999 1009 1311 1073 confusam
1354 1009 1650 1090 quandam
1698 1006 1977 1074 Graecae
2022 1011 2263 1094 liuguae

204 1112 626 1193 cognitionem
662 1110 953 1184 haberet,
1001 1121 1067 1174 ut
1109 1130 1322 1175 sonum
1354 1121 1530 1174 certe
1556 1120 1620 1173 et
1647 1111 1967 1175 verborum
2002 1133 2263 1194 quorun·

211 1215 347 1277 dam
406 1213 915 1295 significationem
973 1222 1253 1292 teneret,
1313 1213 1670 1277 nubeculam
1729 1214 1985 1297 hic-pro
2031 1212 2263 1279 lunone

208 1317 708 1399 amplecteretur.
786 1314 1096 1397 Huiusque
1126 1316 1432 1379 doctrinae
1474 1337 1585 1399 per
1628 1336 1838 1380 omues
1882 1316 2263 1382 librariorum

212 1428 463 1483 errores
505 1429 800 1502 apparent
843 1418 1124 1501 vestigia.
1211 1414 1409 1481 Codd.
1449 1418 1688 1501 igitur,
1753 1439 1903 1503 quos
1956 1420 2119 1497 dixi,
2178 1421 2262 1486 ita

210 1523 421 1606 legunt
454 1518 651 1604 Saug.
686 1530 748 1582 et
778 1519 954 1583 Eius,

526 1645 888 1734 Ayeoc.
919 1647 1154 1735 TAy.
1176 1643 1411 1735 Roy.
1431 1647 1794 1719 ιιΝυΡιι.
1813 1646 2268 1721 RJNHaoc·

804 1772 934 1813 cum
969 1752 1052 1834 gl.
1084 1750 1302 1815 Mores
1333 1749 1547 1812 dulces
1575 1751 1705 1813 viri
1732 1753 1958 1815 mollis·

215 1851 509 1917 Laurent-
542 1850 858 1921 ΙΙΘΟΟ.
892 1850 1275 1921 ΓΛΙΗΟΟ.
1310 1852 1677 1920 aNDPa.
1706 1851 2143 1923 RINE'AOC

765 1972 846 2006 ιιιιι
817 1972 935 2008 osu-e
1109 1957 1286 2006 dulces
1837 1973 1916 2007 mo
1920 1957 1976 2009 ιιι
1981 1973 2006 2008 s

292 2022 505 2090 Paris.
541 2022 854 2093 aITOC
882 2024 1267 2093 ΓΛΙΚΟΥ
1285 2022 1628 2092 aNaPa
1657 2022 2154 2095 RINaIAOC

204 2166 537 2249 ‘Apparent
579 2162 676 2226 hic
721 2162 973 2247 primum
1016 2161 1316 2244 genuinae
1357 2161 1638 2225 lectionis
1693 2165 1964 2244 quamvis
2010 2167 2262 2249 turpiter

206 2265 581 2350 depravatae
610 2264 907 2347 vestigia,
955 2273 1077 2327 tum
1124 2286 1207 2328 ex
1248 2263 1535 2328 versione
1567 2265 1771 2329 addita
1799 2266 2112 2345 videmnS,
2161 2268 2261 2350 qui

200 2367 358 2433 haec
407 2369 495 2431 ita
559 2368 973 2444 constituerit,
1036 2367 1219 2431 fando
1278 2367 1623 2446 audivisse,
1684 2359 1860 2452 ἦθος
1914 2368 2259 2451 significare

204 2491 481 2548 morem,
539 2465 789 2557 γλυκύς
831 2469 1100 2549 dulcem,
1146 2462 1324 2555 α’νήρ
1370 2471 1603 2552 virum,
1649 2470 1948 2546 κίναιδος
1991 2473 2257 2552 mollem,

203 2574 414 2636 omnia
456 2591 608 2637 vero
652 2573 807 2637 haec
851 2570 1019 2655 quasi
1063 2591 1172 2656 per
1199 2583 1592 2637 transennam
1625 2595 1696 2636 ac
1726 2573 1999 2638 nebulam
2033 2575 2258 2640 vidisse

204 2694 322 2739 nec
368 2675 797 2757 grammaticae
842 2693 1103 2758 graecae
1146 2676 1406 2759 peritum
1447 2677 1660 2741 fuisse.
1732 2675 1848 2740 Hic
1894 2698 2046 2741 vero
2081 2678 2252 2742 codd.

202 2775 403 2841 Laur.
441 2788 505 2842 et
534 2775 737 2840 Paris·
771 2775 1046 2840 scholion
1077 2776 1339 2840 habent:
1388 2776 1788 2842 Proverbium
1824 2788 1965 2842 erat
1990 2779 2067 2842 de
2089 2790 2258 2843 cata-

200 2882 379 2943 milis
428 2879 659 2943 dictum
678 2907 699 2943 .·
744 2879 981 2944 Dulces
1013 2888 1162 2942 sunt
1191 2897 1396 2941 mores
1438 2880 1512 2942 id
1545 2889 1640 2943 est
1669 2879 1915 2965 faciles
1955 2891 2019 2944 et
2051 2883 2258 2967 flemi-

202 2981 364 3046 be’les
402 2984 536 3046 viri
566 2983 798 3046 mollis.
867 2981 1039 3045 Unus
1072 3002 1191 3067 pes
1242 2980 1420 3043 deest
1468 2983 1684 3045 versui
1741 2981 2015 3062 Graeco,
2080 3005 2257 3069 quem

200 3086 522 3171 magister
548 3083 849 3148 lifericus
876 3087 1042 3147 scire
1071 3106 1197 3147 non
1221 3084 1447 3167 poluit.
1514 3080 1680 3148 Idem
1711 3095 1911 3148 autem
1945 3082 2255 3150 Cornutus

203 3189 537 3252 adnotasse
579 3187 797 3250 dicitur
837 3187 899 3249 in
946 3187 1141 3251 schol.
1184 3182 1420 3265 Bern.‚
1483 3185 1602 3249 nisi
1646 3187 1805 3269 quod
1861 3186 1946 3250 ibi
1999 3188 2254 3253 ridicule

201 3292 517 3375 magister
559 3287 796 3352 Hit-cus
841 3289 1195 3374 appellatur.
1259 3286 1386 3352 Pro
1435 3298 1603 3352 certo
1647 3289 1832 3371 igitur
1872 3290 2015 3375 poni
2045 3310 2256 3374 possu-

199 3414 333 3457 mus
358 3440 378 3472 ,
425 3412 540 3477 per
564 3392 824 3456 medium
856 3411 1071 3455 aevum
1100 3392 1161 3454 in
1195 3390 1500 3455 hominum
1535 3392 1812 3456 manibus
1842 3403 2089 3457 versata
2119 3410 2254 3456 esse

198 3492 512 3561 Iuvenalis
556 3493 927 3580 exemplaria
973 3516 1057 3558 ex
1099 3495 1462 3559 recensione
1507 3492 1730 3559 Nicaei
1776 3516 1909 3559 cum
1953 3513 2254 3558 commen-

198 3601 413 3677 tariis,
474 3617 627 3683 quae
673 3593 1013 3661 Cornutum
1065 3608 1372 3662 auctorem
1427 3597 1758 3675 haberent,
1823 3617 1958 3662 cum
2001 3597 2254 3661 alterius

197 3702 582 3769 recensionis
627 3700 1000 3784 exemplaria
1044 3721 1176 3764 cum
1207 3700 1452 3764 scholiis
1484 3699 1558 3763 ab
1590 3700 1834 3782 antiquo
1865 3699 2252 3782 grammatico

196 3806 492 3892 profectis
538 3803 738 3868 minus
786 3812 931 3865 nota
975 3813 1039 3866 et
1081 3802 1290 3889 paucis
1333 3812 1567 3867 tantum
1616 3801 1788 3866 codd.
1837 3812 2083 3865 servata
2115 3820 2252 3865 esse

198 3909 558 3988 rideantur,
607 3905 767 3990 qnod
797 3923 913 3988 quo
946 3924 1091 3969 casu
1120 3906 1338 3968 sactum
1371 3905 1486 3984 sit,
1534 3905 1860 3969 nescimus.
1922 3900 2037 3967 Hic
2068 3903 2254 3988 igitur

196 4008 511 4076 Cornutus
533 4057 553 4089 ,
586 4009 689 4095 qui
717 4028 784 4073 se
814 4007 1297 4074 recentissimum
1331 4019 1394 4073 et
1424 4003 1835 4072 Christianum
1867 4004 1973 4091 (ad
1998 4002 2112 4082 111,
2140 4003 2250 4082 33)

193 4115 417 4198 prodit,
452 4132 573 4197 quo
602 4121 872 4195 tempore
901 4110 1152 4189 vixerit,
1181 4109 1356 4175 huius
1385 4110 1600 4176 scholii
1628 4130 1741 4195 ope
1768 4107 2002 4174 definiri
2021 4117 2249 4193 potest.
