2764 4738
514 363 640 429 110
1190 363 1356 425 SAT.
1391 363 1436 436 1,
1473 368 1591 428 109
1621 399 1703 409 -
1741 369 1881 428 112.

516 539 853 599 sententiam
885 537 1176 615 expressit
1213 536 1478 596 Horatius
1526 535 1678 610 (Sat.
1714 535 1789 607 11,
1826 541 1881 606 1,
1913 537 1988 597 61
2010 533 2185 614 'sq.):
2243 533 2467 605 Metus,
2500 546 2560 593 et

511 625 783 683 maiorum
816 641 886 681 ne
918 623 1041 700 quis
1072 623 1283 680 amicus
1316 623 1534 701 frigore
1565 632 1623 680 te
1656 623 1846 681 serint.
1894 622 2116 698 Frigus
2158 622 2302 679 enim
2346 617 2556 697 etsri·

509 727 754 788 gescere
798 706 870 765 de
917 704 1101 765 studio
1156 718 1533 785 usurpantur,
1592 705 1743 786 quod
1788 708 2123 775 remittitur,
2181 706 2431 784 inprimis
2480 702 2555 763 de

515 811 709 854 amore
741 803 801 852 et
845 793 1078 864 favore,
1123 812 1176 850 v.
1223 791 1377 871 Lips.
1412 790 1485 851 ad
1513 793 1662 852 Vell.
1694 792 1765 864 11,
1796 795 1899 854 83.
1945 790 2166 850 Ruhnk.
2216 788 2287 850 ad
2315 791 2557 850 Terent.

517 880 663 938 Eun.
696 877 768 951 11,
799 882 860 948 2,
892 882 995 938 37.
1040 876 1381 956 Frigescunt
1419 879 1592 955 igitur
1633 878 1851 948 limina,
1912 896 2052 956 quas
2098 877 2208 934 iam
2254 874 2410 934 adire
2443 895 2561 933 non

518 966 676 1024 licet.
753 964 1015 1022 Maiores
1047 973 1236 1022 autem
1268 974 1327 1021 et
1356 965 1563 1040 magni
1584 963 1931 1022 vocabantur
1959 981 1993 1020 a
2023 961 2320 1021 clientibus
2352 960 2561 1020 divites

514 1050 758 1130 patroni,
788 1049 866 1107 cf.
900 1047 1036 1109 Hor.
1070 1067 1202 1127 epp.
1237 1047 1283 1119 1,
1319 1053 1417 1119 17,
1447 1052 1487 1110 2
1519 1058 1580 1106 et
1608 1066 1751 1126 quae
1783 1048 2012 1125 collegit
2036 1045 2300 1106 Seebode
2334 1044 2557 1119 (Schol.

515 1157 572 1196 z.
605 1134 739 1193 Hor.
771 1133 794 1192 l
825 1152 879 1211 p.
912 1136 952 1193 8
983 1139 1152 1213 sqq.).
1215 1131 1450 1192 Romani
1492 1132 1753 1192 solebant
1793 1152 1970 1212 prope
2014 1132 2180 1190 limen
2223 1152 2422 1191 canem
2455 1131 2560 1190 ba-

514 1221 657 1280 bere
687 1220 1028 1279 catenat-ium
1046 1259 1065 1289 ,
1107 1219 1200 1297 qui
1230 1216 1541 1277 custodiam
1574 1225 1841 1288 teneret,
1885 1216 2164 1276 interdum
2193 1219 2401 1296 pictum
2431 1227 2562 1275 tan·

515 1316 632 1364 tum
662 1324 785 1364 cum
817 1303 1181 1382 inscriptione
1227 1323 1391 1363 mvn.
1428 1323 1644 1375 cmm,
1688 1306 1846 1363 cuius
1877 1300 2147 1382 adspectu
2180 1312 2561 1373 terrerentur,

519 1409 663 1470 quos
710 1387 868 1448 adire
914 1389 1078 1446 nefas
1123 1399 1300 1448 esset.
1399 1388 1597 1448 Talem
1640 1391 1696 1448 in
1738 1390 2058 1468 pavimento
2102 1407 2278 1465 opere
2338 1389 2560 1445 musivo

516 1475 765 1536 effictum
798 1473 1077 1552 Pompeiis
1107 1475 1396 1533 inventum
1429 1493 1564 1533 esse
1623 1484 1812 1533 notum
1854 1484 1963 1534 est.
2012 1474 2085 1533 V.
2115 1473 2261 1532 Mus.
2292 1472 2473 1532 Borb.
2509 1471 2561 1532 11

517 1572 559 1620 t.
593 1563 697 1622 56.
733 1560 810 1619 cf.
843 1557 1071 1618 Petron.
1117 1577 1169 1617 c.
1214 1563 1296 1621 29
1327 1560 1403 1618 ib.
1450 1561 1623 1639 intpp.
1656 1558 1840 1618 Canes
1887 1569 2072 1618 autem
2117 1559 2319 1617 irritati
2356 1577 2560 1618 sonum

517 1643 760 1725 produnt
816 1645 1039 1703 litterae
1098 1663 1134 1702 r
1191 1643 1460 1716 similem,
1531 1642 1677 1724 quod
1751 1645 1976 1704 lu'rrire
2029 1654 2240 1703 vocant
2294 1642 2557 1713 Romani,

519 1725 825 1812 ἀραρίζειν
869 1727 1095 1799 Graeci,
1143 1729 1220 1788 cf.
1266 1729 1310 1790 1.
1357 1729 1572 1807 Scalig.
1619 1730 1900 1789 Coniectt.
1949 1751 2005 1808 p.
2056 1732 2176 1790 126
2223 1748 2311 1807 sq.
2348 1728 2555 1788 Valck.

517 1816 742 1873 animm.
793 1812 863 1872 ad
902 1813 1159 1873 Ammon.
1206 1835 1263 1894 p.
1313 1818 1459 1877 232.
1532 1815 1687 1874 Haec
1730 1816 1917 1875 littera
1959 1816 2160 1873 canina
2204 1815 2378 1892 igitur
2424 1815 2483 1872 ei
2526 1833 2559 1871 a

515 1900 707 1958 limine
739 1898 998 1970 sonabat,
1029 1900 1123 1978 qui
1152 1910 1385 1978 praeter
1411 1900 1754 1959 voluntatem
1785 1898 2067 1960 accedere
2096 1900 2293 1959 voluit.
2371 1900 2559 1977 Equi-

518 1986 680 2055 dem,
720 1994 782 2043 ut
810 1985 885 2055 V,
934 1989 1017 2045 45
1048 2003 1162 2043 non
1190 1986 1453 2062 equidem
1486 1987 1752 2056 dubites,
1801 1997 1860 2044 at
1901 1985 1975 2056 V,
2013 1989 2088 2046 19
2134 2005 2249 2044 non
2288 1986 2557 2062 equidem

518 2071 710 2128 studio
741 2070 819 2129 cl’.
851 2067 1031 2128 Hand.
1061 2068 1302 2131 Tursell.
1344 2069 1395 2129 11
1424 2091 1479 2148 p.
1511 2075 1636 2133 422
1668 2090 1793 2150 sqq.
1842 2073 2146 2140 Protinus,
2179 2068 2310 2128 inde
2342 2071 2413 2129 ab
2447 2069 2559 2128 boc

517 2167 772 2233 tempore
804 2156 858 2213 in
892 2155 1155 2226 futurum,
1187 2156 1263 2214 cf.
1293 2155 1468 2214 Voss.
1517 2154 1588 2214 ad
1631 2155 1796 2234 Virg.
1828 2155 1953 2214 Eel.
1994 2155 2040 2226 1,
2077 2160 2175 2216 13.
2203 2156 2395 2226 Alba,
2430 2155 2559 2213 fau-

517 2250 627 2309 sta,
660 2239 865 2311 felicia,
897 2239 978 2298 cs.
1014 2238 1115 2298 Sil.
1147 2240 1214 2299 It.
1246 2240 1376 2312 XV,
1410 2245 1511 2303 53.
1543 2239 1679 2300 Hor.
1726 2261 1896 2300 carm.
1943 2241 1987 2312 l,
2025 2244 2123 2311 12,
2153 2245 2236 2303 27
2267 2240 2344 2299 ib.
2376 2242 2557 2319 intpp.

519 2325 625 2384 Nil
646 2343 867 2396 moror,
901 2325 1140 2385 formula
1170 2344 1246 2385 ex
1275 2344 1538 2387 sermone
1570 2324 1890 2406 quotidiano
1923 2327 2131 2405 petito,
2163 2345 2274 2405 qua
2304 2336 2559 2385 contem·

517 2421 608 2469 tus
626 2410 991 2488 significatur,
1011 2430 1117 2469 non
1136 2422 1226 2470 est
1240 2414 1399 2482 tanti,
1414 2423 1691 2472 utmorer.
1712 2411 1895 2472 Plaut.
1914 2413 2085 2471 Most.
2103 2412 2197 2483 111,
2213 2416 2276 2482 2,
2295 2416 2399 2474 59.
2415 2412 2556 2471 Ter.

517 2495 660 2554 Eun.
695 2495 737 2566 1,
767 2499 828 2566 2,
867 2499 1003 2557 104.
1044 2495 1233 2555 Attius
1273 2495 1483 2576 Myrm.
1532 2499 1604 2557 fr.
1655 2504 1683 2559 1
1720 2518 1814 2577 ap.
1847 2497 1976 2557 Non
2021 2517 2069 2556 s.
2099 2518 2157 2557 v.
2185 2499 2559 2576 pervicacia.

518 2583 676 2640 Bene
709 2582 926 2651 mirae,
975 2581 1052 2639 cl’.
1100 2581 1200 2652 lv,
1231 2586 1314 2644 22
1361 2584 1503 2642 bene
1535 2584 1833 2643 discincto.
1880 2582 2003 2643 Cic.
2038 2580 2108 2641 ad
2141 2584 2279 2641 fam.
2311 2581 2442 2654 Vll,
2475 2587 2557 2645 22

516 2665 663 2725 bene
694 2674 880 2744 potus.
928 2664 1105 2725 Hand.
1138 2665 1384 2727 Tursell.
1418 2667 1468 2726 11
1500 2689 1553 2746 p.
1585 2672 1624 2731 3
1657 2688 1742 2747 sq.
1780 2671 1908 2727 Hoc
1937 2670 2107 2727 iuvat
2144 2670 2221 2728 cf.
2256 2668 2397 2727 Hor.
2433 2668 2557 2727 Sat.

517 2750 559 2821 1,
597 2756 651 2822 1,
682 2753 783 2812 78.
832 2749 1091 2810 Summae
1137 2753 1441 2831 impietatis
1487 2752 1632 2833 apud
1677 2756 1936 2834 antiquos
1982 2754 2316 2824 habebatur,
2349 2756 2399 2812 si
2430 2756 2558 2833 quis

516 2835 586 2894 ad
621 2837 800 2894 locum
831 2855 1053 2895 sacrum
1083 2839 1298 2896 urinam
1330 2839 1574 2911 faceret,
1606 2860 1663 2899 v.
1698 2838 2054 2898 Plutarchum
2089 2837 2184 2911 (de
2214 2837 2396 2898 Stoic.
2427 2858 2556 2917 rep.

516 2924 622 2991 22)
645 2942 671 2979 ε.
707 2917 771 2977 ἐν
801 2919 865 2979 δὲ
889 2920 974 2999 τῷ
998 2918 1240 3000 πέμπτῳ
1278 2918 1459 2982 πάλιν
1479 2923 1620 3006 nepa*
1650 2920 1889 3001 φύσεως
1915 2922 2070 3001 λέγει
2106 2920 2554 3005 (Χρύσιππος),

517 3005 711 3074 καλῶς
731 3003 840 3082 μὲν
869 3000 1265 3087 ἀπαγορεύειν
1283 3003 1390 3067 τὸν
1408 3005 1696 3069 Ἡσίοδον
1736 3007 1887 3091 (ἐργ.
1926 3013 2074 3082 757)
2122 3008 2207 3077 εἰς
2244 3005 2561 3085 ποταμούς

515 3087 622 3146 καὶ
657 3085 881 3171 κρνήας
917 3085 1148 3191 οὐρεῖν·
1201 3086 1287 3149 ἔτι
1328 3091 1395 3150 δὲ
1433 3094 1655 3168 μᾶλλον
1714 3089 1993 3153 ἀνεκτέον
2038 3089 2193 3153 εἶναι
2235 3094 2345 3153 τοῦ
2400 3089 2560 3176 πρὸς

512 3167 721 3251 βωμὸν
753 3170 954 3257 οὐρεῖν
979 3199 1017 3248 η
1045 3171 1362 3259 ἀφίδρυμα
1391 3179 1567 3236 θεοῦ.
1622 3178 1701 3236 cf.
1732 3178 1963 3238 Herald.
1994 3176 2066 3238 ad
2093 3176 2315 3238 Amol).
2362 3199 2421 3257 p.
2447 3184 2557 3242 47.

514 3256 649 3316 Inde
678 3255 736 3317 in
766 3259 1221 3338 inscriptionibus
1254 3261 1659 3342 sepulcralibus
1691 3263 1879 3323 solent
1908 3266 2310 3343 quammaxime
2342 3262 2559 3342 deprc-

516 3344 656 3414 cari,
687 3363 759 3402 ne
808 3346 930 3424 quis
964 3346 1058 3405 tali
1105 3349 1304 3405 iniuria
1345 3349 1608 3407 tumulum
1641 3349 1875 3408 afficiat.
1906 3349 1995 3409 cf.
2030 3348 2189 3409 Grut.
2219 3369 2275 3428 p.
2308 3353 2460 3420 792,
2500 3355 2556 3412 1.

517 3427 691 3487 Orell.
739 3450 795 3489 n.
848 3434 1008 3491 4781
1077 3450 1299 3489 nostum.
1344 3452 1437 3489 Am.
1487 3454 1648 3492 nvnc.
1699 3455 1984 3495 rvmuns.
2020 3456 2115 3495 nn.
2164 3454 2353 3494 unias.
2397 3454 2556 3493 ossa,

517 3532 848 3573 mecam-vn.
874 3533 1066 3575 rac-rx.
1095 3536 1335 3575 nonnus·
1396 3516 1598 3590 (Quam
1628 3521 1828 3579 iniuria
1862 3521 2106 3599 spuriam
2137 3530 2342 3580 censet
2372 3518 2556 3579 Orell.

516 3594 589 3655 ad
619 3597 756 3657 Hor.
802 3597 876 3656 A.
921 3598 984 3662 Ρ.
1026 3606 1172 3674 471,
1216 3621 1342 3660 nam
1389 3602 1447 3661 in
1486 3623 1683 3663 museo
1727 3606 1916 3665 Vatic.
1961 3604 2101 3665 vidit
2142 3617 2203 3665 et
2247 3607 2560 3684 exscripsit

514 3680 951 3756 Kellermann.).
998 3685 1250 3745 Fabretti
1296 3686 1376 3745 lX
1409 3707 1463 3764 p.
1497 3692 1642 3759 604,
1684 3694 1767 3751 43
1810 3710 1916 3749 ms·
1966 3711 2220 3750 minvs.
2266 3711 2361 3749 rm.
2406 3711 2555 3759 ovis».

517 3785 627 3823 mc.
653 3786 831 3825 vium.
860 3789 1070 3828 neu-r.
1105 3772 1153 3830 11
1183 3791 1239 3849 p.
1276 3775 1418 3843 110,
1449 3777 1574 3836 270
1606 3794 1721 3842 ονι.
1756 3795 1868 3832 mc.
1919 3797 2164 3835 ulxnnir.
2216 3796 2347 3835 Av’r.
2385 3796 2558 3834 esct-

518 3872 622 3908 nrr.
655 3872 883 3912 nunu.
919 3874 1076 3914 onos.
1107 3875 1360 3915 suvanos.
1392 3878 1480 3916 nr.
1505 3879 1752 3917 menos.
1778 3880 1989 3920 inu-os.
2028 3861 2260 3920 Petrou.
2295 3866 2399 3924 71.
2432 3862 2557 3921 Fea

517 3934 587 3994 ad
618 3934 752 3995 Hor.
782 3937 855 3996 Α.
888 3937 950 3997 Ρ.
994 3944 1142 4003 471.
1179 3939 1460 4001 Cardiuali
1488 3944 1627 4003 Iscr.
1661 3943 1838 4005 Velit.
1869 3967 1923 4025 p.
1963 3950 2102 4009 164.
2157 3944 2293 4006 Inde
2334 3966 2558 4007 summa

515 4023 713 4081 iniuria
745 4023 870 4095 ruit,
901 4026 948 4084 si
980 4027 1102 4104 quis
1132 4025 1203 4085 nd
1217 4027 1464 4105 effigiem
1482 4028 1721 4090 alicuius
1751 4032 2035 4104 minxerit,
2067 4033 2143 4092 cf.
2175 4033 2294 4093 Iuv.
2326 4032 2371 4105 1,
2408 4036 2555 4095 131.
