2764 4738
888 372 1617 485 rnoLEGoMENA.
2125 445 2274 488 cem

205 588 404 671 (E),
455 591 653 652 l'orma
698 587 1031 672 quadrata,
1080 588 1477 665 chartaceus,
1538 608 1706 654 saec.
1756 586 1906 653 XV.
1996 588 2273 659 Contulit

209 691 479 756 Orelli
501 712 586 754 us
618 692 660 754 l.
695 691 741 753 Ι.
800 689 917 754 Est
955 692 1017 754 in
1062 694 1273 756 eadem
1304 691 1673 757 bibliotheca
1704 693 2102 776 fragmentum
2135 715 2272 778 par-

206 793 417 857 vulum
468 793 703 856 codicis
744 790 947 857 Persii
989 814 1156 857 saec.
1192 789 1296 872 X,
1359 793 1514 876 qnod
1559 792 1864 875 egregiam
1910 795 2268 879 scripturam

206 906 551 973 monstrat,
614 915 727 977 qua
775 896 953 958 codd.
1005 893 1442 979 sangallenses
1485 906 1550 959 et
1589 893 2093 977 Einsiedlenses,
2154 899 2271 963 sibi

205 997 540 1075 simillimi,
592 999 840 1061 exarari
870 997 1185 1076 solebant3
1249 999 1329 1061 cl'.
1366 996 1696 1081 specimina
1735 997 1810 1062 ab
1844 996 2079 1062 Orellio
2111 1002 2272 1066 edita

203 1096 267 1160 in
313 1099 445 1162 ind.
500 1100 673 1162 lectt.
723 1098 934 1162 Turic.
990 1094 1377 1175 1835—36‚
1432 1099 1524 1162 ubi
1558 1100 1647 1176 ei,
1698 1088 1854 1182 quod
1890 1110 1933 1162 t.
1971 1097 2053 1180 ll,
2087 1103 2130 1169 9
2159 1126 2273 1169 ex-

208 1199 462 1263 hibitum
510 1211 644 1278 est,
708 1200 967 1266 maxime
1015 1201 1304 1264 convenit
1354 1200 1530 1263 huius
1576 1201 1897 1284 fragmenti
1945 1204 2268 1289 scriptura.

208 1297 514 1365 Continet
545 1314 664 1367 sat.
702 1301 785 1381 V,
820 1326 883 1366 v.
919 1300 1320 1380 104—139,
1368 1324 1581 1367 verum
1612 1303 1792 1378 inde,
1843 1323 1974 1367 cum
2007 1327 2067 1368 a.
2105 1305 2272 1373 1838

207 1406 561 1468 conferrem
587 1451 606 1482 ‚
653 1426 774 1467 non
809 1425 914 1468 eas
945 1405 1228 1469 lectionis
1271 1404 1403 1469 erui
1424 1450 1442 1482 ,
1488 1414 1557 1467 ut
1588 1405 1661 1468 de
1695 1405 1887 1488 pretio
1918 1409 2099 1472 statui
2132 1430 2271 1493 pos·

203 1505 323 1582 sit,
360 1506 522 1589 quod
556 1506 793 1589 integro
824 1508 1015 1571 codici
1049 1505 1430 1571 tribuendum
1461 1506 1558 1569 sit.
1603 1503 2085 1572 Prudentissimo
2116 1531 2268 1575 vero

205 1606 469 1671 consilio
501 1608 601 1671 vir
632 1609 1013 1673 doctissimus
1060 1619 1123 1671 et
1170 1607 1673 1684 humanissimus,
1723 1607 1821 1691 qui
1864 1609 2269 1676 bibliothecae

206 1710 263 1773 ei
325 1720 613 1793 praeest,
685 1707 761 1773 P.
815 1708 1089 1775 Gallus
1135 1707 1438 1787 Morel,
1511 1710 1964 1793 diligentissime
2025 1714 2271 1796 collegit

207 1811 492 1894 quicquid
525 1810 907 1894 antiquorum
941 1810 1117 1876 codd.
1153 1823 1469 1897 superest,
1517 1812 1697 1875 etiam
1729 1812 1938 1877 lacera
1969 1816 2269 1897 fragmina

204 1915 500 1978 librorum
542 1913 875 1978 involucris
922 1915 1287 1990 detrahens,
1339 1925 1405 1977 ut
1451 1923 1781 1978 serventur
1829 1926 1995 1979 certe
2028 1917 2268 1981 divitia-

205 2037 338 2079 rum
374 2016 822 2099 deperditarum
856 2015 1168 2099 reliquiae.
1218 2012 1311 2079 Ita
1344 2026 1590 2097 pnacter
1606 2013 1804 2079 Persii
1835 2018 2265 2100 fragmentum,

205 2116 452 2181 Horatii
487 2138 721 2201 quoque
753 2128 816 2181 et
847 2113 1126 2202 Virgilii,
1178 2114 1375 2180 Curtii
1420 2128 1482 2181 et
1514 2115 1835 2196 Terentii,
1881 2128 2060 2201 atque
2094 2120 2268 2185 huius
2315 2148 2332 2160 ’

207 2221 451 2303 quidem
485 2221 547 2283 ni
578 2221 758 2283 fallor
787 2221 954 2285 circa
983 2216 1039 2281 L
1073 2218 1216 2282 folia
1245 2219 1542 2285 servavit.

382 2320 542 2386 Cod.
608 2322 1010 2387 bibliothecae
1064 2319 1474 2386 universitatis
1542 2320 1967 2407 Erlangenszis
2026 2321 2261 2405 (Era),
2298 2324 2421 2380 Er!-

207 2425 613 2500 chartaceus,
665 2427 854 2491 forma
886 2425 1187 2501 maxima,
1233 2425 1725 2503 recentissimus,
1772 2425 2046 2488 continet
2082 2425 2270 2490 Gam-

189 2525 464 2610 sredum
480 2575 501 2605 ,
569 2528 856 2591 Persium
871 2575 892 2604 ‚
967 2525 1247 2589 Ovidium
1271 2572 1290 2600 ‚
1352 2524 1428 2588 V
1423 2527 1707 2611 &gilium
1727 2572 1746 2599 ‚
1818 2527 2172 2592 Terentium
2204 2529 2270 2591 in

208 2630 568 2712 excerptis,
624 2627 989 2693 Ciceronem
1033 2627 1124 2691 ad
1160 2627 1569 2691 Herennium.
1630 2625 1875 2693 Desinit
1917 2630 1977 2692 in
2024 2639 2143 2693 sat.
2180 2629 2264 2707 V,

208 2754 305 2796 vs.
363 2729 510 2794 118.
587 2729 740 2795 Cum
787 2733 1054 2796 editione
1103 2729 1369 2796 Weberi
1418 2727 1594 2813 Lips.
1647 2730 2077 2795 conferendum
2125 2730 2268 2794 mihi

208 2833 452 2897 curavit
484 2830 535 2892 tt
555 2854 588 2895 a
611 2843 730 2895 rtn
752 2855 788 2895 n
808 2835 917 2917 gii
950 2833 1312 2897 humanitas.
1360 2832 1539 2895 Alius
1558 2832 1754 2895 codex
1775 2831 2040 2895 eiusdem
2060 2831 2264 2896 biblio·

209 2936 428 2996 thecae
461 2944 558 2997 est
587 2933 821 3012 n.255‚
857 2935 1377 3012 membranaceus,
1418 2936 1608 2996 forma
1641 2934 1955 3018 quadrata,
1992 2934 2269 3015 quicom-

212 3036 579 3099 mentarium
600 3037 901 3114 continet,
929 3037 1084 3119 quod
1104 3057 1281 3121 supra
1303 3057 1360 3120 p.
1385 3033 1594 3098 CLXI
1613 3056 1858 3098 monere
1876 3033 2096 3099 oblitus
2110 3058 2265 3098 sum.

381 3153 544 3219 Cod.
592 3154 994 3218 bibliothecae
1033 3154 1543 3222 Laurentianae,
1604 3154 1752 3236 plut.
1800 3150 2101 3230 LXVlIl,
2149 3153 2258 3231 24,
2297 3156 2420 3209 Fl-

208 3258 291 3320 cf.
340 3254 644 3335 Bandiui,
695 3268 813 3320 cat.
867 3255 1022 3320 Bihl.
1073 3255 1267 3320 Laur.
1312 3253 1483 3318 Latt.
1519 3251 1580 3316 11
1612 3276 1667 3338 p.
1700 3252 1830 3320 850
1874 3255 2106 3337 (Ft.).
2153 3255 2271 3321 Est

206 3360 746 3436 membranaceus,
806 3361 998 3423 forma
1046 3358 1279 3422 minore
1313 3377 1484 3421 saec.
1519 3354 1616 3422 XI
1647 3358 1946 3441 scriptus,
1997 3358 2271 3422 continet

208 3457 526 3524 Aratonk
555 3481 840 3539 carmen,
898 3459 1144 3524 Aviani
1184 3459 1453 3535 fabulas,
1512 3459 1726 3522 librum
1757 3459 2057 3530 Homeri,
2119 3458 2269 3523 Per-

208 3565 364 3627 sium
398 3584 536 3627 cum
572 3563 831 3647 glossis,
881 3561 1112 3626 Bedam
1147 3562 1221 3625 de
1254 3561 1489 3625 metris.
1555 3559 1798 3625 Contuli
1829 3582 1887 3623 a.
1931 3559 2118 3625 18:39.

383 3679 541 3745 Cod.
593 3681 863 3744 eiusdem
918 3680 1358 3760 bibliothecae,
1424 3682 1571 3765 plut.
1623 3676 1968 3754 XXXVII,
2019 3678 2124 3755 20,
2178 3683 2259 3742 cl'.
2301 3700 2422 3755 Μ,

213 3780 468 3846 Bandini
502 3783 543 3846 l.
582 3781 623 3844 l.
660 3778 717 3844 lt
752 3804 811 3865 p.
846 3779 973 3844 256
1006 3781 1095 3858 (F
1116 3782 1214 3862 2.)
1238 3829 1256 3860 ,
1301 3784 1831 3858 membranaceus,
1881 3783 2068 3844 forma
2118 3804 2264 3864 qua·

211 3886 410 3961 drata,
459 3906 626 3949 saec.
665 3881 844 3961 xm,
893 3886 1166 3948 continet
1194 3883 1476 3950 Persium
1510 3908 1641 3952 cum
1675 3884 1892 3969 glossis
1926 3894 1988 3947 et
2023 3885 2261 3969 prolixo

213 3987 672 4050 commentario.
745 3983 989 4049 Contuli
1023 4006 1082 4048 a.
1119 3984 1309 4050 1839.

379 4087 543 4153 cod.
607 4086 1007 4152 bibliothecae
1076 4086 1403 4152 Gothmeae
1464 4111 1524 4151 n.
1588 4088 1709 4164 52,
1774 4091 1852 4151 cf.
1905 4085 2137 4152 lat-obsi
2201 4099 2263 4151 et
2301 4098 2362 4150 G.
