2764 4738
791 403 960 467 SAT.
993 407 1035 478 1,
1072 410 1194 470 125
1227 438 1307 451 -
1344 409 1486 469 128.
2077 401 2199 468 115

178 583 395 652 ponem
435 575 773 653 meritasque
798 573 1066 652 fraudes
1091 578 1323 656 palluit
1360 577 1522 652 (Hor.
1567 594 1743 635 carm.
1792 574 1886 647 III,
1927 580 2044 648 27,
2088 583 2196 649 27)

184 670 238 720 et
261 659 470 732 similia,
500 661 578 719 cf.
611 660 860 721 Huschk.
892 663 1059 721 anall.
1089 664 1241 724 critt.
1277 683 1331 742 p.
1353 667 1457 725 29.
1487 663 1749 739 Adspice
1776 671 1840 720 ct
1855 663 2021 734 hacc,
2049 682 2196 742 quac

184 763 284 823 ego
298 745 596 823 proferam,
611 744 843 824 sisorte
867 749 1066 818 audis,
1086 749 1164 808 cf.
1184 748 1322 809 Hor.
1358 767 1488 827 epp.
1518 746 1563 818 Ι,
1601 752 1698 817 17,
1727 751 1906 825 desp:
1939 747 2195 818 „Tamen

184 828 415 908 adspice,
437 830 634 910 siquid
653 842 715 891 ct
727 852 850 902 nos,
881 831 1027 912 qnod
1044 853 1211 893 cures
1244 835 1527 912 proprium
1558 833 1792 903 fecisse,
1822 833 2195 912 loquamur-3⁸⁶

183 916 266 995 qui
291 914 643 975 indicativum
672 917 845 977 habet
873 937 1003 997 epp.
1032 918 1077 987 1,
1094 923 1156 991 7,
1175 922 1287 981 392
1334 919 1620 996 ‚,1nspice,
1650 917 1699 977 si
1730 937 1959 996 possum
1988 917 2194 978 donata

179 1019 441 1078 repo-cre
474 1002 720 1073 laetus,“
751 1001 845 1061 ubi
872 1025 927 1063 v.
957 1006 1138 1082 intpp.
1171 1003 1260 1063 Dc
1289 1025 1384 1065 vv.
1417 1006 1481 1063 si
1486 1002 1661 1083 sorte
1687 1023 1742 1063 v.
1773 1022 1855 1061 vs.
1874 1009 1981 1066 45.
2012 1002 2193 1064 fland.

177 1084 403 1146 Turscll.
432 1086 484 1146 11
513 1107 568 1165 p.
602 1093 641 1150 7
646 1091 729 1149 35
760 1107 883 1168 sqq.
913 1090 1228 1148 Decoctius
1255 1087 1416 1161 dixit,
1447 1090 1580 1169 quia
1623 1086 1993 1168 decoquendo
2022 1090 2194 1149 multa

176 1190 342 1251 caque
376 1173 593 1231 inutilia
636 1172 1029 1246 absumuntur,
1072 1185 1135 1233 ut
1163 1192 1235 1235 ea
1264 1185 1475 1234 tantum
1508 1184 1761 1244 restent,
1793 1193 1937 1253 quac
1967 1174 2191 1235 roboris

171 1266 225 1317 ct
248 1258 451 1336 vigoris
479 1259 648 1336 plena
679 1269 826 1318 sunt.
853 1259 937 1319 Ita
968 1259 1336 1332 Quintilianus
1370 1259 1462 1334 (11,
1477 1264 1541 1331 4,
1556 1265 1595 1322 7
1600 1265 1657 1330 )=
1688 1257 2192 1329 „Materiam'cssc

170 1342 286 1401 volo
314 1341 687 1402 abundantem
711 1375 825 1415 —,
857 1346 1087 1404 multum
1136 1342 1264 1405 inde
1315 1347 1640 1424 decoquent
1673 1345 1867 1405 anni.“
1928 1342 2192 1405 Sidonius

165 1427 346 1508 Apoll.
363 1448 492 1509 epp.
510 1427 612 1499 IV,
629 1433 657 1489 1
683 1451 699 1488 ε
719 1427 1081 1501 „Actatulam
1097 1462 1185 1475 ——-
1203 1431 1570 1510 castigatoria
1584 1431 1893 1490 severitate
1910 1432 2191 1509 decoque—

168 1521 330 1572 ret.“
404 1513 848 1594 Decoquebatur
874 1518 1057 1575 vinum
1087 1536 1311 1596 qnoque
1345 1516 1536 1595 (Virg.
1571 1513 1784 1593 Georg.
1802 1513 1848 1586 1,
1876 1519 2049 1587 295),
2080 1536 2192 1595 quo

167 1595 567 1672 dulciusfierct,
593 1598 742 1660 unde
757 1600 960 1661 Cicero
976 1599 1073 1676 (dc
1089 1613 1235 1661 orat.
1259 1601 1355 1673 111,
1371 1605 1475 1674 26,
1493 1605 1638 1673 1⁰3)
1670 1602 1963 1659 decoctam
1990 1602 2191 1660 suavi-

165 1693 326 1743 tatem
343 1682 486 1744 dixit
503 1687 743 1744 nimiam.
760 1687 993 1746 Aurium
1009 1685 1232 1757 surdoe,
1260 1707 1404 1767 quac
1431 1685 1675 1746 auditum
1701 1684 1992 1756 hebetant,
2025 1687 2073 1745 si
2104 1689 2190 1745 ni-

165 1771 256 1828 mis
277 1767 453 1830 durae
479 1771 670 1830 factae
687 1783 836 1843 sunt,
865 1783 1032 1832 aceto
1054 1773 1414 1832 emolliuntur
1440 1772 1620 1844 (Cels.
1639 1768 1710 1830 dc
1742 1769 1943 1831 medic.
1970 1770 2075 1842 vl,
2102 1777 2190 1845 7),

164 1852 297 1914 nde
313 1857 529 1915 stoicus
541 1875 746 1915 aurem
763 1867 928 1916 aceto
944 1859 1098 1917 lotus
1119 1855 1326 1918 dicitur
1340 1858 1439 1932 (V,
1454 1862 1583 1929 86).
1627 1855 1778 1916 Idem
1809 1859 2192 1935 vaporatione

163 1939 235 2010 fit,
262 1951 319 2000 ct
348 1940 582 2001 Persius
637 1960 785 2013 cum,
831 1941 1148 2022 qui,audire
1180 1944 1353 2015 velit,
1406 1944 1541 2003 mdc
1577 1943 1632 2002 Ιι.
1665 1962 1720 2002 e.
1751 1944 1936 2020 poetis
1964 1942 2074 2001 illis
2104 1943 2191 2002 le-

161 2024 348 2104 gendis
371 2045 545 2087 aures
576 2026 686 2086 sibi
715 2047 961 2106 purgare
1005 2028 1181 2089 iubet.
1224 2030 1485 2088 Fer-vere
1516 2038 1701 2088 autem
1721 2070 1738 2098 ‚
1766 2024 1913 2106 quod
1954 2026 2027 2087 dc
2068 2029 2189 2087 acri

161 2109 332 2170 studio
362 2114 444 2172 ita
473 2113 603 2172 fere
634 2124 956 2191 usurpatur,
978 2124 1040 2172 ut
1067 2115 1123 2173 in
1155 2114 1353 2173 malam
1386 2116 1571 2192 potins
1595 2124 1812 2192 partem
1840 2122 2064 2189 vergat,
2095 2113 2188 2173 hic

163 2214 228 2255 eo
257 2197 483 2257 facilius
526 2199 658 2276 poni
689 2201 898 2277 potuit,
946 2219 1071 2259 cum
1115 2200 1227 2259 iam
1266 2201 1323 2259 in
1364 2220 1421 2258 v.
1464 2208 1751 2278 vaporata
1780 2199 1935 2257 notio
1977 2198 2187 2258 caloris

160 2281 297 2353 insit,
324 2292 388 2342 et
415 2285 474 2342 in
506 2282 824 2360 virgiliano
871 2283 1108 2363 (Georg.
1141 2284 1241 2356 IV,
1278 2289 1425 2356 169)
1450 2282 1663 2363 servet
1687 2303 1865 2362 opus,
1910 2304 2019 2363 quo
2050 2283 2187 2342 nihil

160 2369 254 2427 nisi
279 2368 477 2429 alacre
504 2367 744 2429 studium
782 2371 1149 2449 significatur,
1183 2371 1321 2430 satis
1347 2368 1612 2450 praesidii
1650 2389 1782 2431 esse
1821 2367 2080 2441 videtur,
2127 2380 2189 2429 ut

162 2473 207 2511 v.
220 2452 471 2533 ser-cere
501 2465 698 2514 nostro
723 2476 945 2536 quoquc
972 2457 1098 2516 loco
1128 2467 1405 2528 tucamur,
1429 2453 1502 2516 de
1529 2476 1621 2527 eo,
1655 2457 1748 2536 qni
1775 2455 1883 2515 hoc
1909 2456 2036 2533 ipso
2066 2466 2187 2514 stu·

159 2535 239 2598 dio
267 2542 540 2599 incensus
572 2552 683 2612 est,
713 2542 1084 2620 explicantes.
1150 2544 1443 2620 Crepe'da,
1477 2540 1729 2623 κρηπίς,
1763 2539 2038 2600 Graecum
2068 2541 2187 2600 cal-

155 2626 423 2685 ceamenti
453 2645 635 2704 genus
667 2628 772 2698 (cf.
823 2625 967 2687 Gell.
1007 2627 1160 2697 XIII,
1191 2632 1294 2690 21.
1340 2626 1586 2697 Becker,
1626 2625 1874 2684 Charikl.
1905 2625 1954 2684 11
1977 2646 2031 2704 p.
2059 2629 2185 2688 370

155 2716 273 2790 ιφ),
299 2731 425 2770 cnm
472 2710 704 2771 Romani
750 2712 960 2771 calceis
1004 2724 1331 2784 uterentur;
1380 2715 1572 2791 itaque
1619 2708 1851 2789 crepida
1890 2711 2016 2771 fere
2057 2731 2182 2770 cum

156 2797 307 2874 pallio
324 2796 709 2874 coniungitur,
726 2808 785 2856 ut
799 2796 1074 2858 Graecum
1090 2797 1374 2877 designet.
1388 2797 1548 2857 Sicut
1570 2807 1756 2855 autem
1773 2796 1879 2875 ipsi
1901 2794 2184 2866 Graeculi,

152 2882 220 2939 ita
256 2901 459 2942 eornm
489 2881 711 2942 habitus
753 2903 973 2963 quoquc
1008 2882 1273 2943 Romanis
1304 2881 1601 2961 despectui
1640 2891 1802 2952 crat,
1843 2901 1952 2940 non
2003 2881 2183 2940 solum

154 2964 430 3047 Scipionis
462 2967 804 3046 temporibus
840 2968 988 3041 (Liv.
1020 2968 1249 3039 XXIX,
1293 2973 1392 3040 19,
1421 2972 1557 3039 12),
1587 2986 1780 3026 verum
1816 2977 2017 3043 postea
2045 2986 2185 3045 qno·

153 3073 247 3132 quc
280 3052 478 3127 (Suet.
513 3052 639 3111 Tib.
671 3057 794 3125 13).
825 3051 962 3113 Inde
981 3052 1275 3132 tragoedia
1306 3053 1512 3114 Graeci
1525 3054 1843 3131 argumenti
1876 3053 2182 3130 crepidato

151 3150 342 3198 vocata
374 3148 472 3197 est
498 3138 601 3211 (Io.
636 3137 788 3217 Lyd.
831 3137 903 3198 dc
933 3159 1086 3218 mag.
1138 3140 1183 3211 1,
1213 3143 1315 3202 40.
1349 3140 1422 3198 cl.
1468 3138 1756 3198 Rcuvens.
1805 3138 2030 3196 collect.
2074 3137 2181 3195 litt.

150 3243 203 3302 p.
233 3228 316 3286 36
349 3243 479 3303 sqq.
527 3222 841 3285 Neukirch.
877 3221 949 3282 de
979 3225 1094 3284 fab.
1128 3235 1246 3303 tog.
1275 3245 1329 3303 p.
1368 3230 1491 3297 15).
1535 3226 1795 3295 Ludere,
1829 3221 1977 3302 quod
2010 3241 2184 3282 accu-

151 3312 320 3368 sativo
352 3328 660 3387 personae,
689 3328 834 3389 qnae
862 3306 1097 3380 ridetur,
1127 3312 1281 3388 iungi
1309 3311 1478 3381 solet,
1507 3310 1838 3368 insolentius
1865 3308 1958 3367 hic
1984 3327 2181 3386 praep.

149 3394 201 3452 in
225 3396 401 3454 habet
430 3392 731 3465 adiectam,
762 3394 856 3454 ubi
885 3414 981 3454 res
1009 3395 1265 3467 affertur,
1296 3414 1441 3475 quae
1467 3396 1579 3455 ioci
1604 3396 1894 3454 materiam
1925 3393 2180 3472 praebet.

150 3479 434 3538 Sordidus
462 3481 504 3538 i.
535 3499 593 3540 e.
633 3481 826 3551 cultui,
857 3500 966 3560 qno
1001 3479 1206 3540 Gracci
1239 3478 1511 3558 gaudent,
1541 3481 1817 3539 inimicus-
1884 3479 1990 3552 Qui
2022 3479 2182 3538 lusco

150 3560 331 3625 dicere
359 3575 549 3642 potest
577 3566 759 3638 lusce,
790 3567 839 3625 is
870 3564 1019 3624 o'mni
1055 3564 1252 3625 decori
1280 3577 1450 3645 atque
1486 3565 1707 3644 pulchri
1733 3584 1907 3624 sensu
1941 3565 2181 3624 destitu-

150 3657 234 3707 tus
260 3651 372 3721 sit,
405 3670 652 3710 necesse
700 3661 813 3723 est,
843 3670 967 3710 cum
996 3651 1163 3711 alicui
1206 3662 1441 3711 naturae
1490 3653 1658 3709 viium
1705 3650 1967 3720 obiiciat,
2011 3646 2178 3728 idque
2268 3666 2283 3685 *

153 3733 395 3813 impolite
438 3736 631 3794 faciat.
680 3735 822 3797 Hinc
850 3737 1052 3795 sumsit
1076 3736 1454 3816 Hieronymus
1491 3730 1565 3810 (c,
1604 3736 1782 3795 Iovin.
1828 3733 1880 3793 11
1920 3745 1963 3794 t.
2009 3734 2108 3805 IV,
2138 3737 2179 3796 2

151 3819 564 3896 p.214Ben.):
610 3819 801 3894 „Quid
825 3818 1082 3900 prodest,
1116 3823 1335 3882 luscum
1364 3839 1578 3881 vocare
1608 3822 1829 3880 luscum
1846 3824 1929 3877 ?“
1959 3820 2175 3889 Possit,

149 3922 264 3964 enm
293 3917 425 3964 ante
461 3904 688 3966 dixerat
708 3909 915 3985 gestit,
949 3927 1060 3966 non
1090 3904 1341 3967 debebat
1366 3905 1696 3966 offendere:
1743 3915 1931 3964 amant
1956 3906 2035 3963 ita
2060 3923 2180 3962 mo·

153 3986 271 4049 dnm
300 3994 526 4051 variare
569 4002 811 4069 poetae,
856 3992 940 4053 cf.
975 3992 1070 4064 111,
1103 3995 1186 4056 66
1209 4013 1332 4073 sqq.
1393 3992 1648 4064 Discite,
1678 3992 1823 4071 quid
1846 4009 2067 4061 sumus,
2095 4021 2174 4035 —

148 4076 287 4145 quii
310 4076 506 4149 habet,
530 4088 814 4155 quantum
848 4079 1090 4150 deceat,
1147 4098 1312 4156 quem
1343 4080 1489 4138 deus
1512 4079 1705 4138 iussit.
1733 4074 1891 4191 *Alia
1921 4074 2181 4153 exempla
