2764 4738
856 409 1032 520 SA'I'.¹
1059 411 1128 485 11,
1168 416 1254 476 45
1283 444 1368 457 —-
1400 414 1507 477 52.
2087 406 2210 474 131

204 580 326 644 Met.
363 581 407 654 Ι,
442 584 570 648 486
600 601 693 663 sq.
753 583 1095 643 Fortunare
1122 580 1357 643 deorum
1388 593 1482 643 est
1510 591 1572 642 et
1609 583 1666 641 in
1696 579 1963 660 precibus
1991 579 2215 644 videtur

205 669 433 730 solemne
461 669 680 740 fuisse,
723 688 780 728 v.
824 668 1099 728 Afranius
1143 687 1234 748 ap.
1265 664 1416 729 Nou.
1448 688 1497 727 s.
1529 688 1584 728 v.
1612 665 1944 746 sor-tunore
1976 673 2056 747 (p.
2091 673 2214 732 195

200 752 426 824 Neam:
473 753 631 816 Deos
662 773 775 832 ego
805 772 1022 826 omnes,
1053 764 1116 812 ut
1143 754 1520 814 fortunassint
1547 770 1773 832 precor.
1820 752 1943 814 Cic.
1978 772 2112 832 epp.
2143 751 2215 813 ad

200 836 331 898 divv-
358 838 424 910 11,
452 843 529 901 22
574 839 701 898 Tibi
731 840 1123 918 patrimonium
1152 836 1245 898 dei
1288 839 1598 898 fortunent.
1642 837 1772 897 Liv.
1817 838 1915 907 VI,
1960 843 2065 909 41,
2100 843 2213 901 12:

202 922 347 996 Quod
386 943 487 984 vos
532 925 759 996 faxitis,
804 922 945 984 deos
989 926 1156 983 velim
1201 925 1531 994 fortunare3
1587 924 1664 982 cf.
1707 923 1978 994 XXXIV,
2016 928 2080 996 4,
2109 926 2214 987 21.

201 1007 535 1069 Commodum
565 1010 693 1081 hic,
737 1009 831 1070 ubi
863 1007 934 1070 de
979 1006 1241 1088 augenda
1283 1029 1348 1068 re
1381 1009 1641 1068 familiari
1673 1028 1862 1069 sermo
1893 1020 2004 1080 est,
2034 1010 2216 1068 nomi-

199 1095 335 1154 navit
352 1104 600 1174 penates
633 1115 668 1153 a
684 1114 848 1173 penu
877 1093 1032 1167 dicti,
1067 1097 1158 1154 cui
1186 1104 1461 1172 praesunt
1487 1105 1548 1153 et
1576 1094 1736 1155 cuius
1767 1114 1959 1154 curam
1989 1105 2216 1173 gerunt,

199 1177 264 1240 ad
289 1200 442 1260 quem
486 1182 775 1258 pertinent
832 1199 978 1261 quae
1023 1178 1095 1238 ad
1124 1178 1545 1239 sustentandam
1591 1180 1855 1239 familiam
1883 1191 2216 1258 perpetuum

196 1266 246 1324 in
274 1286 420 1325 usum
451 1276 856 1338 asservantur;
902 1266 982 1326 cf.
1026 1264 1248 1325 doctam
1292 1265 1567 1325 Klauseni
1608 1262 2038 1343 disputationem
2072 1264 2216 1338 (Ae-

195 1369 324 1411 neas
355 1351 403 1411 11
430 1372 490 1430 p.
527 1355 653 1414 635
699 1357 869 1431 sqq.).
948 1353 1075 1427 Quo
1112 1370 1271 1429 pes-5.
1312 1362 1533 1429 pacto,
1577 1361 1638 1408 ut
1667 1350 1864 1410 Horat.
1899 1349 2023 1410 Sat.
2054 1351 2123 1422 Π,
2155 1356 2215 1423 7,

195 1439 297 1498 22:
336 1436 502 1509 „Quo
521 1447 691 1515 pacto
706 1437 1035 1514 pessime?“
1081 1436 1185 1509 Qui
1201 1447 1363 1514 potes
1378 1456 1617 1514 gregum
1647 1436 1853 1495 laetum
1885 1448 2215 1516 proventum

194 1540 438 1598 sperate,
470 1542 596 1581 cum
627 1524 884 1582 iunicum
910 1522 949 1580 i.
981 1539 1033 1582 e.
1065 1541 1364 1581 vaccarum
1382 1520 1622 1580 nondum
1653 1519 1724 1580 ad
1752 1532 2024 1580 maturam
2055 1534 2217 1581 aeta-

191 1616 296 1666 tem
334 1619 767 1686 provectarum,
825 1626 1057 1687 quarum
1106 1605 1177 1666 ad
1223 1607 1506 1666 sacrificia
1545 1608 1870 1685 potissimus
1913 1626 2050 1666 usus
2091 1616 2221 1666 erat

194 1693 286 1762 (cs.
315 1693 507 1752 titulos
537 1691 686 1771 apud
726 1692 935 1752 Mutat.
967 1697 1071 1764 21,
1104 1698 1179 1766 53
1234 1692 1437 1752 Maria.
1487 1693 1560 1751 fr.
1588 1691 1731 1753 Arv.
1774 1713 1830 1771 p.
1860 1695 2007 1754 212.
2040 1693 2216 1752 Orell.

191 1798 241 1837 n.
274 1783 480 1850 1518),
511 1788 764 1850 omenta,
799 1779 1043 1856 pinguis,
1074 1798 1183 1857 qua
1212 1779 1479 1837 intestina
1509 1778 1866 1837 involvuntur
1894 1778 2219 1837 membrana

194 1862 347 1936 (Plin.
377 1863 482 1934 XI,
514 1867 618 1935 37,
666 1868 768 1926 80.
811 1863 1030 1923 Arnob.
1060 1863 1165 1923 VII
1193 1884 1248 1942 p.
1280 1867 1400 1926 271
1438 1862 1581 1922 Elm.
1627 1861 1837 1923 Senec.
1872 1861 2013 1924 oed.
2046 1867 2218 1936 370),

191 1951 410 2028 quaein
452 1949 748 2009 sacrificiis
794 1948 1064 2010 urebatur
1104 1949 1318 2021 (Iuven.
1359 1947 1514 2032 xm,
1564 1952 1684 2011 117
1714 1953 1849 2027 sq.),
1892 1950 2219 2030 inflamma

191 2036 506 2112 liquescant
551 2035 652 2107 (ef.
700 2033 900 2093 Catull.
944 2033 1070 2106 XC,
1131 2038 1202 2096 6:
1263 2045 1589 2106 „omentum
1633 2034 1689 2094 in
1746 2035 1965 2093 flamma
2010 2036 2217 2113 pingue

188 2120 647 2201 liquefaciens“),
677 2140 800 2179 cum
832 2121 956 2198 ipse
987 2120 1300 2192 interimas,
1324 2120 1379 2177 in
1413 2119 1613 2198 quibus
1644 2138 1780 2198 spes
1809 2120 2005 2197 gregis
2035 2121 2221 2198 posita

190 2217 290 2265 est.
332 2204 551 2265 Tamen
587 2205 678 2264 hic
709 2207 971 2276 vincere,
1020 2206 1059 2263 i.
1090 2223 1145 2263 e.
1190 2206 1422 2284 assequi
1466 2201 1620 2283 quod
1663 2204 1784 2262 vult
1828 2201 2017 2278 (Ovid.
2069 2204 2215 2264 Met.

188 2289 279 2362 VI.
307 2295 454 2354 513.
484 2290 656 2349 Trist.
687 2289 785 2363 111,
815 2294 876 2361 9,
907 2294 1012 2362 23)
1045 2291 1320 2358 intendit,
1366 2292 1546 2362 extis,
1579 2309 1725 2369 quae
1756 2290 2222 2349 sacrificabantur

191 2376 333 2449 (Cat.
368 2376 443 2435 R.
494 2376 562 2436 R.
614 2380 754 2439 134.
798 2377 965 2454 Virg.
1019 2374 1233 2453 Georg.
1280 2375 1350 2446 Π,
1410 2379 1555 2447 194)
1603 2377 1724 2435 sive
1770 2376 2222 2453 porriciebantur

191 2460 462 2536 (Klausen
493 2459 564 2521 de
594 2481 769 2522 carm.
800 2463 873 2521 fr.
904 2461 1044 2521 Arv.
1092 2482 1146 2541 p.
1185 2466 1310 2534 11),
1355 2472 1417 2520 et
1445 2463 1635 2539 opimo
1650 2458 1846 2539 serto,
1894 2460 2043 2541 quod
2074 2473 2219 2533 erat,

188 2560 415 2607 auctore
447 2547 622 2606 Festo
653 2567 700 2606 s.
745 2568 821 2617 v„
855 2547 950 2607 libi
979 2566 1183 2625 genus,
1228 2545 1375 2625 quod
1405 2546 1663 2606 crebrius
1693 2544 1763 2604 ad
1793 2566 1960 2606 sacra
1992 2547 2223 2607 fereba-

188 2643 273 2692 tur
301 2633 420 2706 (vel
451 2633 902 2704 obmovebamr,
948 2630 1097 2711 quod
1140 2642 1269 2691 erat
1296 2633 1502 2691 iustum
1533 2629 1604 2691 de
1638 2631 1744 2690 bac
1774 2651 1838 2692 re
1870 2632 2221 2704 vocabulum,

187 2738 236 2777 v.
264 2719 387 2778 Cat.
437 2717 504 2777 R.
536 2717 608 2777 R.
648 2722 789 2780 134.
827 2722 1004 2790 141),
1048 2737 1157 2777 nec
1203 2719 1326 2776 sine
1358 2728 1553 2788 strue,
1597 2717 1779 2776 altero
1820 2735 2037 2795 genere
2084 2718 2217 2791 libi3

189 2814 475 2884 utrumque
523 2805 880 2882 coniungitur
922 2805 1090 2862 etiam
1135 2804 1191 2861 in
1236 2802 1440 2863 tabulis
1472 2802 1709 2861 fratrum
1738 2802 2049 2875 Arvalium,
2079 2824 2136 2862 v.
2172 2814 2217 2862 t.

188 2888 423 2949 XXXII.
454 2887 613 2948 XLII
643 2890 720 2949 cs.
752 2888 955 2947 Mai-in.
987 2909 1043 2967 p.
1074 2892 1226 2951 403.
1277 2886 1395 2948 Suo
1440 2907 1597 2946 more
1631 2887 1864 2947 Persius
1894 2889 2016 2967 ipsa
2044 2888 2221 2947 verba

190 2976 365 3045 affert,
398 2974 601 3053 quibus
645 2974 852 3035 laetam
883 2993 1045 3051 spem
1075 2993 1232 3032 suam
1263 2974 1528 3052 exprimit
1556 2971 1793 3044 stultus,
1845 2984 1907 3031 ut
1947 2992 2224 3052 praesen·

190 3062 260 3119 tia
287 3057 400 3120 sibi
430 3060 639 3138 fingat,
670 3078 815 3140 quae
862 3070 1053 3137 optat,
1100 3056 1281 3118 donec
1324 3057 2032 3136 omnibus‘pessumdatis,
2077 3078 2224 3138 quae

190 3144 471 3223 possidet,
530 3165 665 3205 sero
708 3146 819 3204 iam
850 3164 1008 3223 spem
1041 3163 1198 3204 suam
1242 3145 1568 3204 frustratam
1597 3142 1783 3213 videt,
1843 3155 1903 3203 et
1945 3146 2223 3223 suspiratt

188 3236 550 3312 nequicquam
595 3232 651 3289 in
714 3232 826 3289 imo
870 3228 1044 3289 fundo
1088 3250 1170 3289 sc.
1229 3249 1401 3291 areae
1445 3249 1697 3290 nummus
1749 3240 1872 3301 est,
1923 3230 1980 3289 h.
2030 3248 2088 3289 e.
2125 3248 2225 3288 ne-

192 3318 478 3396 quicquam
509 3313 731 3395 profudi
779 3334 921 3393 opes
966 3334 1143 3374 meas.
1191 3314 1455 3374 Confer-ri
1486 3325 1678 3392 potest
1707 3313 2033 3374 Hesiodium
2067 3329 2223 3394 (opp.

193 3405 368 3475 369ss
419 3395 583 3475 δειλὴ
637 3394 696 3459 δ’
747 3397 836 3459 ἐνὶ
871 3395 1138 3477 πύθμενι
1181 3396 1414 3477 φειδώ,
1478 3398 1624 3479 quod
1668 3402 1954 3478 expressit
2000 3399 2224 3461 Seneca

194 3493 341 3567 (epp.
376 3486 423 3559 I,
453 3490 555 3558 4›:
603 3483 751 3544 Sera
780 3488 1119 3564 parsimonia
1151 3486 1205 3544 iu
1239 3483 1412 3543 fundo
1441 3495 1552 3544 est.

351 3593 409 3631 v.
444 3574 718 3633 52—75.
770 3573 1059 3630 Crateras
1104 3567 1379 3648 producta
1420 3569 1611 3629 ultima
1651 3580 1712 3627 ut
1752 3566 1899 3648 apud
1928 3567 2225 3646 Virgilium

195 3655 332 3729 (Ecl.
363 3656 441 3728 V,
474 3660 576 3719 68.
605 3654 756 3716 Aen.
799 3656 843 3727 l,
889 3658 1074 3728 728),
1136 3656 1230 3734 qui
1274 3675 1402 3715 eam
1445 3655 1680 3731 corripit
1724 3653 1896 3728 (Aen.
1941 3653 2043 3726 IX,
2080 3657 2225 3724 165)

194 3740 543 3802 hemistichio
574 3739 646 3800 ab
675 3741 858 3801 Ennio
903 3739 1214 3819 desumpto.
1265 3740 1365 3798 Hic
1409 3741 1766 3800 accusativus
1811 3760 1937 3798 num
1981 3760 2015 3798 a
2045 3741 2227 3799 forma

198 3839 429 3887 cratera
459 3824 801 3887 derivandus
833 3828 929 3896 sit,
961 3824 1204 3885 dubitari
1234 3836 1441 3903 potest.
1509 3825 1743 3885 Romani
1773 3826 1920 3884 enim
1950 3826 2228 3884 nominum

198 3909 535 3974 Graecorum
566 3913 774 3972 tertiae
806 3910 1200 3971 declinationis
1231 3912 1610 3970 accusativum
1643 3907 1792 3969 haud
1820 3930 1952 3969 raro
1980 3912 2232 3970 nomina·

199 3997 357 4058 tivum
389 4000 607 4077 primae
649 3997 969 4068 habebant,
1016 3996 1266 4075 inprimis
1309 3997 1364 4054 in
1408 3996 1719 4054 nominibus
1757 3997 2038 4077 propriis,
2083 3994 2230 4075 quod

197 4089 372 4146 tamen
401 4085 683 4145 seriorum
728 4094 1044 4163 temporum
1075 4082 1388 4161 scriptores
1417 4082 1764 4162 potissimum
1795 4082 2009 4142 fecisse
2038 4080 2233 4142 viden-

1728 4166 1814 4229 ⁹*
