2764 4738
480 448 555 490 ee
1126 414 1858 485 PRoLEGoMENA.

694 565 873 662 Tunc
905 547 1148 661 crassos
1176 560 1472 656 transisse
1506 558 1633 653 dies
1665 538 1917 668 lhcemti.
1952 551 2280 668 palustrem

690 749 777 815 Et
805 719 918 816 sibi
950 716 1316 815 iZmJ¹²⁶¹seri
1344 712 1531 809 u'itam
1557 709 1916 827 ingemuere
1946 707 2218 802 relictam

482 882 547 935 et
575 869 663 951 V,
699 868 823 935 138
852 891 943 953 sq.
971 894 988 932 ε
1704 884 1726 925 ι

697 992 867 1088 Uaro
899 990 1273 1106 regustatum
1304 984 1490 1102 digito
1522 984 1835 1079 {erebi-are
1874 979 2132 1075 salinum

695 1126 1033 1261 Cbnteptus
1062 1128 1273 1259 bages.
1305 1171 1359 1235 si
1391 1170 1599 1233 uiucre
1632 1136 1764 1230 cum
1794 1167 1934 1230 ione
1972 1134 2198 1227 tendis.

487 1328 735 1395 Similes
780 1347 1130 1411 quamquam
1177 1346 1296 1388 non
1344 1342 1593 1407 prorsus
1633 1318 1871 1385 easdem
1908 1326 2083 1379 notas
2114 1315 2177 1379 in
2208 1312 2346 1375 cod.
2384 1308 2548 1374 Ber-

487 1433 662 1495 uensi
708 1418 951 1514 Virgilii
1000 1428 1225 1511 reperit
1272 1424 1347 1490 C.
1387 1423 1468 1489 G.
1510 1421 1805 1487 Miillerus
1848 1418 1942 1505 (v.
1977 1416 2183 1480 Anall.
2214 1412 2411 1478 Bern.
2446 1408 2547 1473 111

487 1532 614 1596 tab.
664 1530 781 1608 vl,
831 1551 996 1614 spec.
1043 1526 1160 1607 Vl,
1194 1550 1249 1591 c.
1283 1549 1341 1611 p.
1380 1523 1531 1611 10),
1581 1534 1642 1587 et
1686 1522 1946 1586 musicas
1991 1538 2129 1583 esse
2177 1514 2542 1590 declaravit,

487 1634 712 1698 similes
744 1643 807 1696 et
833 1632 1025 1716 ipsum
1056 1631 1119 1693 in
1153 1630 1351 1693 multis
1384 1626 1786 1691 bibliothecae
1827 1621 2102 1704 Sangall.
2140 1629 2203 1683 et
2232 1615 2542 1680 Einsiedl.

487 1733 655 1797 libris
687 1731 1115 1798 ecclesiasticis
1149 1731 1370 1794 vidisse
1390 1775 1408 1807 ‚
1450 1739 1513 1792 et
1541 1728 1692 1810 apud
1727 1723 1802 1788 F.
1842 1722 2136 1787 Wolfium
2167 1718 2413 1805 (Ueber
2441 1716 2544 1780 die

484 1831 674 1910 Lais,
716 1833 1082 1920 Sequenzen
1117 1832 1238 1896 und
1271 1829 1527 1894 Leiche.
1576 1827 1756 1891 Reid.
1798 1823 1986 1890 1841.
2024 1824 2148 1886 tab.
2185 1819 2236 1883 l.
2272 1816 2361 1900 ll)
2396 1838 2548 1881 con-

487 1936 659 2021 spici.
710 1933 987 2018 Denique
1022 1955 1142 1996 non
1177 1931 1681 2017 praetereundum
1704 1976 1723 2008 ,
1769 1927 1931 1991 inter
1960 1926 2197 2009 glossas
2230 1920 2367 1985 hnic
2401 1919 2543 1984 cod.

489 2038 820 2120 adscriptas
854 2037 1137 2119 quasdam
1171 2033 1547 2097 Teutonicas
1578 2031 1696 2112 legi
1717 2077 1735 2108 ,
1782 2049 1931 2111 quas
1972 2047 2083 2090 suo
2128 2025 2265 2088 loeo
2296 2024 2360 2086 in
2391 2041 2545 2085 ann.

489 2139 566 2202 ad
595 2139 788 2202 schol.
824 2135 1106 2214 exhibui,
1153 2155 1473 2200 recensum
1507 2143 1708 2196 autem
1740 2132 1803 2194 in
1833 2131 1962 2194 ind.
1998 2128 2215 2194 scholl.
2252 2124 2419 2188 dedi.

361 2244 459 2295 1³2
664 2236 822 2303 cod.
869 2260 933 2301 ιι.
969 2237 1095 2305 542
1125 2238 1215 2319 (B
1242 2237 1379 2317 2.),
1435 2233 1964 2306 membranaceae,
2025 2249 2196 2292 saec.
2241 2223 2310 2289 X
2350 2227 2552 2288 forma

490 2352 702 2405 octava
746 2341 1026 2424 scriptus.
1101 2340 1200 2403 Ab
1248 2338 1420 2402 initio
1467 2336 1711 2400 mutilus
1756 2344 1889 2411 est,
1939 2343 2003 2397 et
2043 2329 2256 2415 incipit
2298 2324 2386 2404 ll,
2431 2323 2548 2389 46.

492 2441 792 2507 Collatum
839 2442 1017 2506 habui
1064 2443 1223 2505 hunc
1270 2440 1539 2505 codicem
1584 2448 1815 2501 tantum
1861 2454 2051 2518 usqne
2095 2434 2173 2496 ad
2205 2441 2323 2495 sat.
2358 2429 2444 2505 V,
2495 2427 2552 2492 si

490 2544 729 2627 qnando
762 2543 891 2606 eius
922 2544 1219 2607 lectiones
1264 2563 1373 2625 per
1417 2552 1533 2604 sat.
1571 2539 1634 2606 V
1666 2550 1730 2604 et
1761 2533 1848 2600 Vl
1891 2536 2274 2611 afferuntur,
2324 2533 2552 2596 sactum

489 2647 551 2710 id
584 2656 680 2709 est
710 2643 1033 2709 Hauthalio
1066 2653 1316 2707 anctore
1338 2688 1357 2720 ,
1405 2642 1504 2725 qui
1536 2662 1670 2705 eum
1703 2639 1958 2704 subinde
1991 2645 2312 2701 memorat.

353 2751 402 2801 B
427 2751 456 2800 3
666 2744 823 2812 Cod.
874 2767 937 2808 ιι.
971 2744 1097 2811 327
1141 2744 1227 2820 (B
1255 2744 1393 2824 3.),
1444 2743 1841 2817 chartaceus,
1906 2759 2074 2816 non,
2134 2748 2201 2800 ut
2248 2734 2554 2801 Sinnerus

492 2849 613 2925 ait,
675 2847 1208 2924 membranaceus,
1269 2866 1438 2910 saec.
1480 2842 1600 2912 XI.
1676 2841 1849 2907 lnter
1880 2861 2105 2926 pancos
2135 2838 2237 2902 hic
2267 2846 2402 2913 est,
2451 2835 2557 2917 qui

492 2960 629 3033 post
672 2946 788 3028 1V,
836 2947 916 3011 13
961 2968 1205 3014 versum
1252 2948 1314 3010 in
1357 2946 1607 3010 scholiis
1652 2944 1959 3009 laudatum
1989 2943 2055 3006 in
2094 2952 2332 3005 textum
2374 2958 2558 3002 rece·

495 3061 739 3135 perunt.

357 3164 403 3215 B
428 3166 459 3215 4
668 3147 825 3215 Cod.
863 3171 926 3213 n.
958 3148 1086 3215 648
1125 3149 1215 3230 (B
1240 3150 1310 3233 4)
1334 3194 1353 3226 ,
1400 3147 1942 3223 membranaceus,
1989 3148 2186 3209 forma
2227 3142 2556 3225 quadrata,

497 3272 631 3317 cum
671 3251 920 3317 scholiis
964 3251 1392 3334 marginalibus
1436 3271 1605 3314 saec.
1652 3245 1811 3313 Xlu
1856 3249 2143 3332 scriptus.
2201 3244 2411 3309 Etiam
2453 3245 2561 3310 hic

497 3373 683 3440 nsque
715 3355 791 3417 ad
822 3364 941 3418 sat.
979 3349 1034 3416 V
1068 3351 1295 3416 lantum
1328 3352 1585 3415 collatus
1617 3360 1735 3413 est.

356 3478 460 3528 B5
669 3452 827 3518 Cod.
881 3476 946 3517 ιι.
982 3452 1106 3519 398
1150 3454 1236 3536 (Β
1265 3453 1379 3536 5),
1426 3451 1971 3529 membranaceus,
2020 3452 2216 3513 forma
2262 3448 2564 3531 quadrata

496 3556 695 3639 paullo
754 3558 1032 3632 minore,
1089 3576 1256 3618 saec.
1316 3550 1386 3615 X
1442 3555 1744 3637 scriptuS,
1822 3552 1962 3615 olim
2011 3550 2085 3613 F.
2132 3548 2560 3628 Danielis,

499 3659 715 3721 Aul-el.
745 3706 762 3736 ‚
798 3659 896 3747 qui
928 3678 1146 3722 nomen
1178 3677 1348 3719 sunm
1380 3657 1444 3719 in
1477 3658 1592 3718 fine
1625 3653 1966 3737 adscripsit.
2014 3650 2243 3717 Servat
2271 3652 2564 3736 antiquae

499 3759 965 3843 orthographiae
1002 3759 1294 3841 vestigia,
1329 3779 1573 3841 semper
1600 3767 1727 3829 sel,
1762 3755 1922 3818 haut
1948 3755 2255 3831 scribenS‚
2294 3754 2571 3837 (fundat

498 3856 581 3944 (Ι,
618 3856 766 3936 65),
814 3862 1001 3945 astate
1033 3858 1115 3940 (l,
1156 3858 1339 3937 123),
1389 3858 1653 3921 detunsa
1685 3854 1829 3933 (111,
1865 3856 2001 3936 54).
2067 3855 2184 3921 Hic
2231 3858 2374 3920 cod.
2422 3877 2566 3940 per-

497 3982 679 4044 saepe
714 3961 1103 4045 interpolatas
1135 3959 1431 4024 lectiones
1463 3961 1749 4036 exhibet,
1786 3959 2141 4041 quibusdam
2172 3959 2329 4023 locis
2360 3961 2563 4037 solus,

77 4105 297 4311 *A
500 4086 556 4127 e.
594 4086 652 4147 g.
681 4060 739 4140 1,
773 4061 901 4129 108
929 4083 1078 4128 eave
1106 4082 1216 4146 pro
1245 4062 1386 4125 vide
1396 4089 1421 4141 ,-
1464 4059 1581 4140 vl,
1614 4061 1654 4126 5
1683 4062 1897 4125 modos
1926 4081 2036 4145 pro
2066 4062 2274 4143 iocos5
2322 4058 2447 4140 vl,
2479 4059 2564 4126 21
