2764 4738
899 429 1067 490 SAT.
1098 428 1195 501 111,
1228 432 1309 493 53
1340 464 1424 475 --
1456 432 1557 491 56.
2121 418 2244 485 155

234 598 367 659 laed.
396 622 446 680 p.
488 604 609 663 150
665 621 788 681 sqq.
835 600 1035 660 lettres
1081 601 1411 678 arebeolog.
1463 601 1489 659 1
1535 620 1593 677 p.
1646 602 1729 662 32
1773 619 1897 680 sqq.
1946 600 2248 676 Welcker,

200 685 364 754 Ball.
392 686 459 745 A.
506 686 804 765 Litt.·Ztg.
850 707 905 746 a.
957 689 1118 748 1836
1168 687 1292 746 Oct.
1340 705 1393 762 p.
1445 690 1557 747 181
1610 705 1700 765 sq.
1777 689 2068 748 Bracatos
2112 687 2249 748 dicit

226 770 430 842 Medos,
459 774 585 851 quia
618 772 827 832 bracae
859 767 1251 854 ἀναξυρίδες,
1278 768 1546 829 θύλακοι
1576 770 1942 830 barbarorum
1947 775 2248 850 ,inprimis

225 855 526 926 Persarum,
556 860 781 935 insigne
808 858 1199 916 vestimentum
1221 867 1405 927 erant,
1437 857 1513 914 cf.
1533 854 1799 917 Perizon.
1834 857 2051 919 adAel.
2082 859 2159 920 V.
2180 859 2247 918 H.

226 942 339 1006 vll.
368 946 463 1004 32.
511 943 721 1020 Bottig.
771 942 849 1000 kl.
888 941 1054 1001 Scbr.
1099 942 1147 1000 11
1180 962 1233 1020 p.
1265 946 1390 1004 259
1422 960 1544 1040 ‚⁸qq'
1619 940 1912 1002 Severitas
1945 945 2246 1004 stoicorum

223 1028 570 1107 sequentibus
633 1029 998 1105 exprimitur3
1075 1029 1348 1085 iuventus
1405 1028 1682 1085 insomnis
1722 1029 2001 1106 invigilat
2048 1029 2248 1089 studiis

220 1113 627 1192 philosophicis,
675 1115 939 1183 detonsa,
975 1113 1101 1192 quia
1151 1113 1316 1170 stoici
1355 1111 1591 1190 capillos
1632 1112 1971 1184 tondebant,
2018 1114 2246 1174 barbam

219 1198 451 1268 alebant,
481 1200 560 1257 cf.
579 1198 719 1258 Luc.
740 1199 991 1258 Hermot.
1029 1202 1127 1259 18.
1157 1199 1279 1256 vitt.
1310 1208 1487 1256 auctt.
1519 1197 1693 1259 2011».
1715 1197 1833 1257 Sol.
1852 1211 1891 1258 t.
1909 1198 2003 1258 111.
2023 1221 2079 1278 p.
2097 1205 2244 1262 447.

220 1283 334 1362 Bip.
376 1282 613 1343 Scilicet
654 1282 719 1342 ἐν
754 1285 886 1364 χρῷ
932 1282 1251 1362 κείρεσθαι
1293 1282 1627 1341 athletarum
1672 1303 1792 1341 mos
1838 1295 1964 1343 erat
2025 1286 2128 1357 (cf.
2176 1284 2245 1345 Η.

220 1368 394 1428 Iunius
426 1368 497 1428 de
529 1389 691 1428 coma
725 1389 778 1446 p.
813 1373 956 1431 515.
990 1367 1196 1427 Muller
1225 1369 1592 1446 areb.§330‚
1616 1374 1697 1441 1),
1731 1371 1918 1449 itaque
1950 1390 2073 1429 eum
2106 1382 2247 1430 tam-

221 1473 370 1531 quam
400 1454 617 1513 virilem
664 1455 1050 1533 sequebantur
1094 1454 1258 1512 stoici
1304 1473 1376 1512 eo
1425 1455 1638 1531 magis,
1686 1454 1831 1533 quod
1864 1456 2248 1534 negligentior

219 1538 423 1597 babitus
455 1537 623 1599 simul
655 1550 813 1610 erat,
860 1558 1034 1619 quare
1069 1539 1358 1617 lugentes,
1393 1541 1548 1597 avari
1581 1540 1894 1618 (Theophr.
1927 1541 2083 1600 cbar.
2123 1547 2247 1615 10),

220 1633 273 1682 et
299 1628 514 1683 omuino
545 1626 639 1704 qni
670 1628 928 1702 corporis
960 1623 1165 1683 cultum
1197 1644 1305 1682 non
1338 1624 1612 1683 curabant
1630 1624 1736 1683 bac
1753 1636 1979 1685 tonsura
2010 1627 2247 1686 uteban-

221 1719 319 1780 tur,
345 1730 398 1768 v.
431 1710 570 1768 Hor.
603 1729 734 1788 epp.
766 1710 809 1779 I,
859 1715 958 1781 18,
1000 1712 1038 1770 6
1085 1729 1171 1787 sq.
1256 1710 1456 1768 Victus
1501 1712 1783 1788 asperitas
1830 1708 2249 1772 demonstratur

220 1812 285 1852 eo
313 1812 553 1874 quoque,
585 1794 733 1873 quod
774 1796 1011 1872 siliquis
1044 1796 1223 1872 pasci
1260 1792 1521 1853 dicuntur
1563 1804 1624 1853 et
1641 1797 1873 1872 grandi
1887 1798 2152 1874 polenta,
2187 1808 2248 1857 ut

216 1876 404 1938 Horat.
426 1901 557 1958 epp.
575 1881 644 1950 ΙΙ,
668 1886 721 1950 1,
744 1884 898 1942 123:
926 1880 1125 1950 „Vivit
1139 1880 1353 1957 siliquis
1369 1890 1586 1957 etpane
1605 1879 1920 1940 secundo.“
1950 1884 2242 1960 Siliquae,

216 1961 454 2046 κεράτια
501 1973 582 2040 (v.
623 1964 863 2023 Salmas.
907 1965 1150 2025 Exercc.
1195 1963 1336 2022 Plin.
1382 1985 1442 2042 p.
1493 1969 1618 2027 459
1652 1972 1806 2045 sqq.)
1853 1965 1925 2025 «le
1969 1968 2065 2026 vili
2097 1969 2245 2040 cibo,

213 2051 290 2108 εἰ.
323 2050 519 2110 Iuven.
551 2050 653 2121 XI,
701 2056 802 2111 58.
889 2052 1134 2108 Poleam
1177 2070 1251 2108 ex
1296 2049 1513 2108 hordeo
1545 2051 1732 2120 faeta,
1765 2050 1910 2130 quod
1941 2063 2242 2133 antequam

211 2136 558 2206 molebatur,
605 2135 932 2195 torrebatur
978 2134 1142 2207 (Plin.
1185 2135 1406 2205 XVIII,
1467 2141 1527 2207 7,
1565 2141 1661 2197 14.
1693 2136 1891 2208 XXII,
1936 2142 2040 2207 25,
2075 2142 2179 2211 59)
2211 2159 2245 2197 a

210 2219 446 2280 Graecis
479 2220 548 2280 ad
582 2220 864 2279 Romanos
909 2220 1128 2298 perlata
1174 2231 1259 2280 est
1315 2220 1478 2293 (Plin.
1525 2220 1734 2293 XVIII,
1779 2226 1840 2294 8,
1876 2227 1976 2296 19)
2011 2234 2069 2281 et
2098 2226 2248 2283 inter

208 2307 652 2385 simplicissimos
696 2318 755 2366 et
785 2308 1144 2365 tenuissimos
1177 2306 1334 2364 cibos
1367 2306 1791 2384 numerabatur,
1843 2306 1988 2366 unde
2020 2309 2244 2368 Attalus

205 2392 351 2471 apud
386 2392 667 2452 Senecam
701 2399 855 2471 (epp.
874 2392 995 2463 CX,
1017 2396 1118 2465 16)
1153 2390 1316 2450 dicit:
1362 2393 1690 2463 „Habemus
1722 2414 1943 2473 aquam,
1975 2395 2245 2455 babemus

205 2480 528 2557 polentam:
573 2479 689 2538 Iovi
734 2480 841 2557 ipsi
872 2479 1312 2537 controversiam
1358 2477 1429 2537 de
1463 2479 1737 2537 felicitate
1781 2480 2053 2538 faciamus
2074 2489 2134 2550 ;“
2166 2482 2243 2541 ef.

206 2584 331 2645 epp.
365 2563 552 2636 XLV,
587 2570 684 2625 11.
727 2598 814 2609 -—
880 2563 1126 2642 Antiqua
1158 2573 1284 2622 erut
1328 2562 1584 2627 doctrina
1616 2562 1685 2623 de
1715 2564 1888 2623 ardua
1920 2564 2245 2646 difficilique

206 2652 429 2720 semita,
462 2669 606 2728 quae
634 2647 704 2707 ad
718 2651 979 2707 virtutem
997 2648 1253 2717 duceret,
1285 2659 1346 2707 et
1362 2649 1474 2706 lata
1508 2649 1773 2728 facilique
1802 2651 1895 2708 via
1925 2650 1996 2708 ad
2032 2654 2244 2723 vitium,

205 2755 367 2815 quam
399 2745 530 2813 post
559 2733 864 2793 Hesiodum
898 2734 1064 2813 (Opp.
1095 2738 1221 2795 285
1252 2753 1377 2811 sqq.
1415 2735 1491 2792 ef.
1535 2733 1709 2792 Anth.
1745 2733 1811 2792 L.
1844 2755 1902 2794 n.
1945 2740 2108 2797 1077
2136 2737 2244 2809 Μ.)

204 2822 356 2880 multi
403 2830 931 2891 commemorarunt,
977 2820 1053 2878 cf.
1101 2820 1250 2878 Xen.
1294 2820 1465 2877 Mem.
1512 2819 1579 2890 11,
1616 2825 1672 2891 1,
1717 2824 1819 2881 20.
1854 2819 1994 2879 Plat.
2041 2841 2164 2900 rep.
2196 2822 2247 2881 11

207 2928 262 2985 p.
313 2910 441 2970 364
483 2904 560 2965 D.
594 2907 748 2983 legg.
802 2905 882 2964 lv
936 2925 990 2984 p.
1034 2910 1159 2967 718
1204 2904 1277 2965 Ε.
1385 2904 1560 2963 Huius
1635 2904 1945 2983 symbolum
2000 2906 2244 2965 litteram

206 2991 255 3051 Y
286 2991 556 3050 babuisse
588 2990 792 3050 dicitur
824 2989 1179 3069 Pythagoras
1215 2989 1437 3048 Samius
1471 2990 1571 3062 (cf.
1604 2990 1836 3068 Lange,
1867 3011 2043 3050 verm.
2077 2990 2242 3051 Scbr.

207 3082 711 3157 p.154)‚quare
756 3073 1043 3134 Ausonius
1091 3074 1225 3150 (eid.
1272 3075 1415 3145 XII,
1457 3074 1529 3135 de
1576 3076 1678 3133 litt.
1724 3096 1942 3135 monos.
1980 3081 2042 3148 9)
2076 3076 2243 3137 dicit.

207 3162 608 3243 „Pythagorae
625 3162 830 3221 bivium
862 3162 1031 3219 ramis
1049 3171 1218 3241 pateo
1250 3161 1526 3239 ambiguis
1556 3160 1651 3233 Υ,
1655 3170 1763 3221 ‘et
1793 3173 1989 3221 noster
2017 3164 2245 3222 Samios

208 3268 422 3307 ramos.
514 3246 633 3306 Hoc
678 3248 927 3325 explicat
968 3249 1288 3306 accuratius
1329 3266 1557 3307 carmen
1607 3247 1893 3326 antiquum
1942 3247 2136 3318 (Anth.
2178 3248 2243 3307 L.

205 3334 279 3405 V,
313 3337 436 3395 140
469 3332 538 3391 Β.
592 3336 752 3395 1076
795 3333 932 3403 Μ).
1001 3332 1264 3403 „Littera
1307 3332 1670 3409 Pythagorae
1715 3332 2036 3392 discrimine
2086 3345 2245 3392 secta

207 3419 422 3478 bicorni
468 3418 761 3478 Humanae
808 3420 958 3476 vitae
1005 3420 1252 3497 speciem
1298 3419 1600 3495 praeferre
1643 3417 1883 3477 videtur.
1971 3418 2114 3478 Nam
2156 3421 2246 3477 via

207 3506 426 3563 virtutis
459 3501 715 3562 dextrum
747 3505 888 3582 petit
918 3502 1306 3563 arduacallem
1324 3503 1738 3582 Difficilemque
1770 3501 1977 3563 aditum
2008 3506 2243 3583 primum

207 3588 592 3669 spectantibus
641 3589 841 3659 oll'ert,
904 3586 1020 3647 Sed
1068 3591 1319 3668 requiem
1379 3588 1619 3667 praebet
1679 3590 1855 3647 sessis
1912 3591 1967 3648 in
2027 3591 2244 3649 vertice

207 3695 444 3734 summo.
532 3674 705 3733 Molle
736 3684 988 3733 ostentat
1027 3676 1140 3733 iter
1163 3676 1254 3732 via
1298 3675 1447 3744 lata,
1480 3672 1582 3731 sed
1610 3673 1799 3732 ultima
1831 3686 1981 3733 meta
2014 3674 2244 3734 Praeci-

206 3763 342 3839 pitat
396 3771 597 3839 captos
642 3761 926 3839 volvitque
970 3779 1075 3837 per
1114 3778 1319 3836 aspera
1365 3767 1570 3817 saxa.“
1658 3759 1748 3817 Cf.
1783 3758 1946 3818 Serv.
1979 3758 2050 3818 ad
2077 3761 2241 3839 Virg.

206 3845 345 3906 Aen.
379 3845 480 3917 VI,
517 3848 672 3907 136:
725 3844 1039 3917 „Novimus
1057 3844 1440 3924 Pythagoram
1475 3843 1720 3903 Samium
1748 3846 1919 3903 vitam
1951 3845 2242 3904 humanam

208 3931 466 3991 divisisse
510 3932 566 3989 in
612 3927 831 3989 modum
877 3928 932 3988 Y
974 3930 1235 4003 litterae,
1284 3931 1506 3989 scilicet
1550 3928 1697 4009 quod
1741 3931 1919 4009 prima
1964 3942 2126 3989 aetas
2158 3933 2243 3990 in-

207 4029 359 4078 eerta
391 4018 500 4087 sit,
548 4017 751 4096 quippe
793 4033 940 4097 qnae
972 4013 1154 4075 adbuc
1184 4035 1249 4076 se
1281 4034 1390 4076 nec
1419 4016 1568 4074 vitiis
1600 4034 1707 4074 nec
1737 4016 2031 4075 virtutibus
2062 4015 2239 4076 dedit.

208 4103 418 4164 Bivium
466 4112 652 4162 antem
692 4100 747 4160 Y
790 4102 1019 4162 litterae
1066 4121 1100 4161 a
1145 4103 1435 4162 iuventute
1480 4102 1769 4181 incipere,
1830 4121 1940 4180 quo
1985 4112 2239 4183 tempore

755 4206 781 4239 0
