2764 4738
558 435 664 477 ιη
1205 410 1931 476 PROLEGOMENA.

639 580 1041 667 Magnificam
1070 579 1185 647 hos
1205 629 1223 662 ‚
1272 582 1367 648 his
1397 581 1554 648 bene
1585 582 1743 649 velle
1761 630 1780 663 ,
1824 582 1917 648 his
1946 581 2161 649 vivere
2190 584 2489 663 amicum3

643 681 979 750 Commoda
1009 696 1326 770 praeterea
1355 684 1589 770 patriae
1618 684 1733 751 sihi
1763 685 1955 770 prima
1985 695 2223 770 putere,

639 785 880 852 Deinde
910 799 1226 873 parentum
1250 834 1269 867 ,
1318 787 1502 853 tertia
1532 787 1649 853 iam
1679 798 2103 872 postremaque
2135 800 2369 855 nostra.

558 886 813 955 Videbis
843 890 904 954 in
937 889 1139 956 Persii
1163 889 1370 956 verbis
1402 889 1661 955 eundem
1691 907 1829 955 esse
1860 910 2107 955 sensum
2137 902 2318 975 atque
2341 893 2602 957 animum

557 1013 915 1077 expressum
938 1040 959 1072 ,
1005 1013 1350 1058 sermonem
1373 1040 1393 1069 ‚
1439 1002 1859 1077 praeterquam
1904 993 2061 1078 quod
2100 994 2294 1059 stoica
2341 994 2603 1079 philoso-

557 1095 698 1181 phia
726 1097 915 1160 tincta
947 1105 1043 1160 est
1083 1095 1407 1178 (virtutem
1452 1113 1576 1157 non
1608 1093 1916 1172 nominat,
1952 1095 2062 1159 sed
2093 1115 2311 1160 causas
2340 1102 2602 1182 rerum),

555 1198 804 1262 multum
865 1197 1172 1263 diversum
1222 1218 1362 1263 esse
1404 1216 1443 1260 ι
1486 1195 1784 1280 simplici,
1847 1196 2123 1279 prolixo,
2185 1208 2249 1262 at
2292 1219 2432 1264 cum
2463 1220 2608 1262 cou-

560 1299 852 1364 einuitate
896 1300 1017 1364 vim
1061 1299 1356 1384 quandam
1389 1316 1749 1383 generosam
1782 1298 2192 1384 coniungente
2223 1297 2448 1364 Lucilii
2478 1322 2608 1365 ser-

558 1422 766 1467 mone.
830 1398 1095 1467 Gravius
1140 1412 1272 1479 est,
1322 1399 1480 1485 quod
1528 1399 1602 1463 de
1641 1399 1833 1484 prima
1860 1398 2064 1467 Persii
2092 1402 2282 1466 satira
2312 1404 2605 1467 refertur.

556 1502 722 1569 Nam
767 1503 925 1587 quod
971 1504 1034 1567 iu
1081 1504 1207 1568 vita
1250 1501 1494 1584 antiqua
1541 1502 1803 1586 legitur.
1847 1502 1982 1567 Sed
2014 1524 2166 1567 mose
2206 1513 2347 1567 uta
2372 1504 2610 1569 scholis

560 1607 1012 1691 magistrisque
1055 1604 1346 1683 ditaeertit,
1411 1604 1570 1668 lecto
1624 1604 1786 1671 labro
1842 1605 2084 1671 Lucilii
2133 1605 2371 1670 deciam
2431 1607 2611 1671 velte-

560 1717 801 1771 meuter
842 1709 1082 1771 cataras
1133 1727 1500 1791 componere
1555 1709 1868 1782 iustificat
1930 1711 2107 1771 cuius
2162 1707 2320 1771 libri
2364 1710 2611 1772 unicium

559 1809 1458 1895 ummwsoet‚sffigmww‚
1504 1809 2611 1875 moerwwfflmmhmwmnoecmn

562 1923 742 1977 tanta
783 1914 1123 1977 recentium
1158 1921 1496 1997 poetarum
1542 1920 1607 1973 et
1662 1921 1983 1976 oratorum
2045 1914 2454 1976 insectatione
2474 1958 2496 1987 ,
2542 1921 2616 1975 ut

560 2018 746 2079 etiam
800 2013 1112 2079 Neronem
1158 2014 1507 2098 principem
1563 2013 1735 2076 illius
1790 2016 2085 2099 temporis
2127 2015 2486 2101 culpaverit
2527 2047 2611 2062 -

559 2118 712 2182 haee
739 2118 925 2200 igitur
951 2117 1029 2180 ad
1060 2117 1309 2200 primam
1339 2114 1589 2179 satiram
1625 2126 1905 2199 spectare
1935 2117 2317 2181 manifestum
2349 2126 2472 2180 est.
2537 2114 2608 2180 In

562 2218 675 2284 bac
720 2220 881 2284 euim
928 2218 1154 2304 primo,
1201 2217 1261 2281 in
1323 2218 1618 2302 prologo,
1664 2214 1780 2281 sibi
1837 2217 2101 2283 detrahit
2140 2225 2200 2297 ¹,
2263 2218 2488 2283 deiude
2548 2220 2609 2282 iu

559 2333 774 2407 poetas
820 2331 885 2387 et
928 2331 1205 2386 oratores
1252 2321 1345 2385 sui
1392 2319 1679 2404 temporis
1721 2320 2030 2405 ipsumque
2072 2319 2391 2387 Neronem
2434 2321 2616 2386 inve·

559 2424 725 2488 bitur
744 2471 762 2502 ,
794 2423 951 2509 quod
983 2424 1057 2488 de
1087 2424 1313 2490 ceteris
1344 2423 1549 2488 satiris
1580 2443 1704 2486 uon
1734 2422 1922 2487 valet.
1992 2419 2197 2507 ltaque
2228 2423 2390 2487 illam
2421 2420 2616 2488 Luci-

561 2527 705 2591 liaui
734 2526 870 2591 libri
902 2527 1294 2591 imitationem
1327 2526 1405 2590 ad
1436 2524 1593 2589 hauc
1622 2526 1994 2611 potissimum
2040 2527 2402 2591 reseremus.
2465 2523 2619 2590 Fuit

562 2639 762 2693 autem
809 2627 1031 2694 Lucilii
1074 2629 1262 2693 satira
1307 2629 1372 2691 in
1418 2648 1491 2693 ea
1536 2648 1606 2692 re
1653 2648 1889 2712 quoque
1921 2639 2253 2712 occupata,
2300 2638 2370 2692 ut
2395 2639 2615 2714 poetas

562 2732 929 2816 castigaret,
1003 2741 1124 2795 tam
1192 2729 1505 2809 Graecos,
1579 2731 1738 2794 sieut
1795 2728 2145 2814 Euripidem
2221 2740 2396 2794 taxat
2452 2732 2617 2817 apud

566 2831 825 2899 Gellium
859 2830 1034 2916 (Vll,
1068 2832 1179 2914 3),
1224 2855 1400 2917 quam
1443 2831 1781 2896 Romanos.
1848 2830 2262 2905 Notavithoc
2291 2833 2618 2919 praecipue

569 2935 801 3001 Gellius
844 2932 1086 3021 (XVII,
1125 2934 1239 3019 21)
1264 2962 1282 2999 ε
1355 2935 1580 3020 Neque
1619 2953 1852 3020 magno
1897 2935 2226 2997 mtervallo
2261 2946 2491 3021 postea
2540 2938 2614 3019 Q.

565 3038 813 3104 Ennius
859 3047 919 3101 et
958 3040 1146 3101 iuoeta
1183 3035 1500 3101 Caecilius
1529 3044 1593 3100 et
1646 3036 1973 3101 Terentius
2002 3058 2078 3100 ac
2105 3036 2375 3102 subinde
2403 3037 2623 3102 Pacu-

562 3144 701 3204 vius
719 3187 738 3215 ,
804 3150 866 3204 et
921 3139 1190 3204 Pacuvio
1248 3141 1371 3203 iam
1425 3160 1571 3202 sene
1616 3139 1844 3203 Amas
1857 3187 1880 3217 ,
1950 3139 2306 3224 clariorque
2350 3148 2505 3202 ωηο
2550 3142 2619 3203 in

552 3245 862 3329 poematis
905 3262 1118 3306 eorum
1162 3241 1587 3312 obtrectandis
1631 3240 1919 3306 Lucilius
1945 3239 2126 3324 suit,
2186 3241 2288 3304 ubi
2330 3262 2619 3324 magnam

563 3346 625 3408 iu
672 3345 787 3410 hac
832 3365 1092 3410 censura
1141 3342 1503 3410 Lucilianae
1561 3344 1790 3408 satirae
1848 3353 2079 3428 partem
2135 3343 2374 3428 posuit,
2437 3343 2620 3408 cuius

561 3458 800 3511 restant
829 3448 1005 3511 etiam
1035 3447 1155 3511 alia
1186 3447 1467 3532 vestigia.
1518 3444 1872 3511 Clarissime
1908 3443 2192 3510 Horatius
2230 3449 2378 3528 (sat.
2409 3442 2467 3524 1,
2507 3442 2617 3525 10,

568 3544 653 3612 52
682 3552 880 3632 sqq->2

733 3650 841 3715 Nil
874 3654 1061 3716 comis
1092 3652 1309 3735 tragici
1339 3660 1530 3715 mutat
1557 3648 1830 3715 Lucilius
1862 3648 2043 3715 Atti?

738 3753 888 3818 Nou
919 3755 1079 3818 ridet
1108 3774 1324 3818 versus
1355 3752 1519 3817 Enni
1551 3752 1854 3836 gravitate
1885 3752 2174 3826 minoreS‚

739 3854 891 3920 Cum
926 3856 999 3920 de
1029 3875 1098 3918 se
1127 3855 1394 3939 loquitur
1423 3877 1546 3919 nou
1579 3865 1647 3919 ut
1674 3856 1904 3919 maiore
1935 3854 2293 3941 reprensis?

571 4048 590 4098 l
640 4044 931 4095 Detrahere
979 4042 1170 4106 elicui,
1222 4043 1259 4094 i.
1297 4058 1348 4094 e.
1386 4043 1642 4107 irridere,
1688 4043 1756 4095 οἳ.
1809 4043 1966 4096 schol.
2018 4039 2059 4104 1,
2113 4042 2206 4094 582
2255 4040 2440 4104 (Iano)
2466 4058 2620 4093 nemo

633 4131 733 4180 per
759 4114 1056 4166 absentiam
1093 4111 1375 4164 detrahere
1403 4117 1605 4180 potest.
