2764 4738
792 434 1057 498 SCHOL.
1087 434 1192 498 AD
1225 433 1395 496 SAT.
1435 433 1507 510 V,
1542 440 1753 500 1—8.
2172 430 2300 500 319

947 674 1443 739 SATIRA
1527 677 1601 736 V.

430 849 489 906 1.
543 845 792 905 Vatibus
822 846 918 906 hic
948 867 1068 906 mos
1097 858 1202 907 est.
1261 845 1420 907 Hanc
1461 847 1692 906 satiram
1735 843 1930 905 scribit
1972 843 2042 905 ad
2077 846 2294 906 Coruu-

253 939 402 1000 tum,
447 932 500 988 in
532 951 641 1010 qua
673 951 774 990 eos
807 933 993 1011 culpat
1025 944 1225 1011 poetas
1245 976 1263 1003 ,
1309 935 1401 1014 qui
1434 934 1619 992 solent
1647 929 1718 990 ad
1751 929 2001 990 ornanda
2032 952 2133 991 sua
2164 952 2293 991 car·

253 1017 437 1087 mina,
482 1027 743 1095 tanquam
774 1019 886 1076 sint
914 1020 1110 1096 gravia
1143 1030 1203 1077 et
1231 1016 1517 1090 difficilia,
1563 1029 1785 1076 centum
1818 1017 2036 1095 linguas
2069 1029 2129 1076 et
2158 1038 2294 1076 cen-

252 1110 367 1159 tum
406 1121 582 1160 voces
632 1122 982 1180 exposcere,
1029 1101 1399 1183 quodcunque
1445 1123 1586 1183 opus
1630 1103 1805 1163 velint
1845 1102 2138 1174 scribere,
2169 1105 2292 1162 sive

251 1183 438 1257 bella,
479 1189 599 1245 sive
646 1186 994 1265 tragoedias.
1057 1188 1209 1248 Dicit
1251 1201 1439 1248 autem
1482 1189 1588 1247 sibi
1634 1189 1704 1245 iis
1749 1187 1980 1246 vocibus
2011 1209 2150 1266 opus
2181 1209 2292 1247 uon

251 1290 421 1342 csse,
463 1275 654 1351 utique
701 1274 790 1352 qui
837 1272 1077 1333 mediam
1123 1286 1184 1334 et
1226 1275 1393 1334 vilem
1441 1273 1656 1333 satirici
1702 1274 1966 1333 carminis
1998 1275 2290 1333 materiam

250 1357 466 1415 scribit.
565 1356 951 1436 Superciliosa
1008 1370 1269 1437 poemata
1326 1358 1704 1419 scribentibus
1750 1379 1871 1417 mos
1918 1369 2009 1417 est
2054 1359 2289 1417 forsitan

249 1442 396 1500 intra
439 1461 503 1502 se
552 1455 751 1522 optare
795 1443 936 1516 boc,
982 1446 1225 1524 alioquin
1269 1446 1321 1504 in
1367 1445 1520 1505 nullo
1551 1445 1854 1505 carminum
1887 1456 2145 1503 notorum
2176 1445 2289 1504 tale

251 1525 455 1607 aliquid
489 1539 672 1586 votum
706 1540 820 1590 est.

420 1617 478 1675 3.
524 1614 754 1673 Fabula
810 1634 917 1673 seu
966 1624 1203 1675 moesto.
1279 1612 1498 1674 Sensus
1545 1624 1670 1674 cst:
1745 1614 1865 1673 sive
1916 1611 2289 1693 tragoediam,

248 1698 371 1757 sive
403 1697 553 1758 bella
583 1697 928 1759 describant.
1066 1702 1294 1760 Moesta
1325 1698 1502 1770 dixit,
1533 1720 1653 1759 rem
1685 1709 1958 1758 moestam
1989 1700 2290 1777 scripturo,

248 1786 508 1862 qnoniam
540 1804 736 1845 omnes
778 1785 902 1846 fere
949 1783 1280 1863 tragoediae
1313 1784 1629 1845 sceleribus
1682 1794 1947 1845 constant
1990 1795 2050 1844 et
2089 1804 2290 1845 earum

127 1865 136 1873 ’
247 1881 580 1947 argumenta
611 1889 684 1930 ex
714 1870 884 1929 rebus
917 1870 1189 1930 luctuosis
1233 1881 1543 1931 sumuntur.
1712 1873 2023 1942 Ponatur,
2070 1871 2289 1930 scriba-

247 1966 373 2027 tur,
403 1967 465 2013 ut
495 1954 639 2014 idem
673 1955 904 2015 Persius
947 1963 1002 2014 ¹:

664 2060 772 2101 nee
796 2062 1018 2120 ponere
1050 2043 1242 2101 lucum
1273 2041 1560 2120 arufices.

248 2126 522 2196 litanda,
570 2146 603 2184 a
647 2130 805 2185 vocis
843 2126 1258 2206 magnitudine,
1303 2128 1395 2187 vel
1439 2128 1556 2185 oris
1598 2123 1956 2197 diductione,
1997 2126 2091 2186 vel
2122 2126 2288 2186 etiam

248 2210 318 2269 ab
352 2211 543 2270 babitu
576 2230 980 2290 personarum,
1024 2233 1162 2292 quas
1195 2215 1376 2271 acturi
1409 2213 1710 2291 accipiunt.

423 2301 489 2357 4.
541 2299 810 2358 Vulnera
854 2318 963 2358 seu
1008 2300 1261 2369 Parthi,
1313 2300 1435 2357 sive
1485 2296 1719 2357 heroico
1750 2297 1998 2357 carmine
2042 2297 2287 2356 virorum

248 2382 473 2441 sortium
523 2382 673 2441 facta
715 2384 995 2443 narranda
1041 2388 1170 2443 sint.
1234 2383 1579 2463 Specialiter
1621 2385 1840 2442 Parthi
1879 2383 2104 2443 nomine
2152 2403 2285 2442 usus

248 2479 370 2538 est,
419 2488 544 2527 cum
587 2470 935 2546 generaliter
981 2470 1221 2530 Parthos
1252 2469 1530 2529 barbaros
1562 2469 1865 2547 significet.
1928 2468 2048 2529 Hoc
2081 2479 2140 2529 et
2170 2468 2288 2527 Ho-

249 2555 424 2612 ratius
445 2559 470 2591 2
498 2555 609 2611 ait:

500 2642 634 2697 Aul
664 2638 914 2698 labentis
945 2656 1094 2715 equo
1125 2640 1452 2718 descripsit
1475 2639 1721 2698 vulnera
1754 2639 1985 2697 Parthi.

419 2725 477 2784 5.
526 2724 812 2798 Quorsum
843 2724 1031 2783 haec?
1074 2734 1184 2783 aut
1209 2733 1481 2803 quantas.
1530 2724 1651 2783 Boc
1682 2721 1848 2781 dicit:
1893 2720 2037 2796 Quid
2067 2723 2289 2802 proficit

246 2807 353 2867 boc
373 2850 392 2880 ,
436 2818 497 2866 ut
540 2809 878 2867 carminibus
923 2819 1144 2868 centum
1177 2829 1279 2868 ora
1309 2812 1561 2888 poscas?
1600 2806 1866 2887 Nunquid
1897 2808 2074 2867 babes
2105 2810 2159 2866 in
2191 2829 2287 2867 ro-

244 2893 387 2953 bore
420 2903 482 2951 et
510 2892 885 2954 crassitudine
917 2905 1135 2953 tuorum
1168 2896 1506 2973 scriptorum
1551 2904 1661 2952 tam
1699 2896 1998 2952 immensas
2028 2891 2286 2966 delicias,

243 2989 308 3038 nt
350 2980 567 3058 possint
605 2991 826 3038 centum
872 2981 1119 3057 patentia
1148 2984 1174 3019 ³
1203 2999 1304 3038 ora
1350 2980 1627 3059 implere?
1683 2998 1830 3059 quae
1863 2988 2020 3038 tanta
2048 2980 2286 3039 materia

244 3077 367 3138 est,
400 3075 460 3123 ut
489 3074 711 3123 centum
744 3065 949 3142 linguis
980 3085 1120 3143 opus
1153 3066 1224 3124 sit
1244 3069 1314 3125 *ἲ

418 3155 477 3212 7.
517 3152 755 3208 Grande
787 3151 1052 3209 locuturi
1074 3151 1342 3210 nebulas.
1391 3147 1638 3209 Grandia
1668 3149 1939 3208 locuturis
1971 3145 2284 3208 huiusmodi

244 3232 429 3313 poetis
473 3233 914 3295 concedendum.
1088 3237 1396 3307 Nebulas‚
1464 3234 1520 3293 id
1565 3245 1658 3295 est
1699 3254 1878 3294 vanos
1924 3232 2154 3313 spiritns
2198 3233 2284 3293 di·

244 3319 409 3381 cendi
441 3340 515 3380 ex
547 3321 702 3380 fonte
735 3319 1016 3381 Helicone
1039 3333 1303 3399 captent,
1344 3332 1406 3380 ut
1449 3321 1675 3380 insolita
1706 3332 1766 3379 et
1795 3318 2002 3380 tumida
2035 3321 2285 3379 carmina

163 3401 174 3409 “
247 3405 516 3465 scribant.
561 3404 696 3465 Ideo
729 3406 1000 3465 Helicona
1033 3419 1257 3485 petunt,
1306 3409 1435 3487 quia
1464 3406 1642 3465 Musis
1675 3425 1843 3465 sacer
1873 3416 1982 3465 est.

415 3495 475 3552 8.
519 3493 598 3549 Si
634 3492 844 3569 quibus
894 3502 1003 3551 aut
1044 3494 1320 3552 Procnes.
1385 3492 1469 3551 Illi
1514 3492 1736 3551 scilicet
1766 3491 2037 3550 Helicona
2069 3500 2285 3568 petant,

244 3576 442 3656 quibus
490 3579 836 3654 propositum
903 3587 963 3637 et
1020 3578 1229 3637 libitum
1277 3590 1364 3637 est
1409 3578 1655 3636 carmina
1704 3577 1793 3636 vel
1842 3575 2165 3654 tragoedias
2212 3571 2282 3633 de

241 3662 415 3722 rebus
444 3662 718 3721 luctuosis
749 3664 968 3722 facere.
1031 3660 1175 3722 Nam
1207 3663 1429 3723 Procne
1462 3661 1533 3721 ob
1565 3674 1815 3740 stuprum
1848 3663 2104 3733 sororis,
2136 3658 2284 3740 quod

247 3848 272 3899 1
314 3847 460 3899 Pers.
499 3845 540 3910 1,
580 3848 647 3900 70
672 3863 750 3914 sq.

241 3918 278 3970 2
313 3916 435 3965 Hor.
475 3923 575 3966 sat.
617 3914 682 3979 ΙΙ,
726 3917 774 3979 1,
818 3915 900 3968 15.

243 3984 275 4034 3
304 3988 583 4050 patientia
619 3985 764 4048 vulg.

244 4055 277 4105 4
313 4053 368 4103 ln
395 4053 505 4103 cod.
535 4051 654 4103 Par.
683 4053 822 4108 8272
845 4061 926 4104 cst
961 4052 1053 4104 boc
1078 4051 1277 4104 schah:
1319 4053 1484 4121 „offa
1522 4054 1724 4121 propria
1757 4053 1950 4106 dicitur
1982 4054 2154 4121 aliqua
2191 4053 2281 4119 (ἲ)

310 4136 424 4173 cum
462 4136 592 4189 pane
627 4122 952 4189 commixtio,
990 4136 1122 4189 quae
1157 4123 1311 4188 vulgo
1346 4124 1571 4176 tor-tella
1608 4131 1888 4189 vocatum„
