2764 4738
49 4219 197 4341 ff
218 4293 235 4308 „

234 4313 587 4578 X

464 410 657 455 exui
754 393 759 397 ’
1125 378 1849 448 PROLEGOMENA.

467 555 804 623 Cornutum
824 605 843 637 ,
883 575 1060 639 quem
1090 550 1350 619 Nerone
1378 554 1743 641 imperatore
1774 561 2048 617 maturae
2076 553 2297 619 aetatis
2325 553 2521 619 fuisse

465 671 746 736 constat,
801 668 864 721 et
906 668 1049 721 ante
1090 653 1396 734 Probum,
1443 675 1618 740 quem
1663 652 1876 721 eodem
1907 665 2180 740 tempore
2211 657 2522 741 incepisse

468 774 634 828 certe
677 759 1124 847 grammaticam
1168 776 1469 822 exercere
1514 756 1774 835 scimus,
1821 754 2144 843 Virgilium
2197 759 2524 823 annotavit

467 864 765 928 Aemilius
812 865 1050 947 Asper,
1118 859 1388 924 eiusdem
1431 858 1569 923 aevi
1612 860 1797 925 fuerit
1838 879 2096 925 necesse
2148 872 2265 925 est.
2341 859 2522 924 Hane

469 965 931 1051 disputationem
979 984 1102 1026 non
1141 960 1225 1027 ita
1270 961 1456 1025 firmis
1501 960 1871 1045 argumentis
1914 963 2064 1041 niti,
2123 973 2189 1026 ut
2216 962 2404 1047 {non‚
2465 962 2522 1026 si

471 1069 709 1155 quando
757 1087 917 1132 nova
961 1064 1229 1129 subsidia
1275 1064 1508 1147 prolata
1557 1064 1824 1141 fuerint,
1886 1065 2082 1129 everti
2121 1064 2344 1148 possit,
2391 1084 2519 1127 non

470 1192 565 1232 me
597 1170 784 1253 fugit,
820 1168 926 1232 sed
961 1165 1060 1230 ubi
1091 1165 1210 1229 alia
1242 1164 1551 1242 deficiunt,
1585 1166 1687 1229 vel
1717 1166 1883 1230 hisce
1915 1167 2201 1230 utendum
2232 1166 2437 1248 putavi
2469 1173 2518 1226 ¹.

476 1268 783 1336 Obtinebo
827 1268 1053 1353 igitur,
1100 1266 1174 1330 ab
1218 1264 1332 1330 hac
1362 1277 1535 1349 parte
1568 1266 1716 1330 nihil
1747 1267 1990 1333 obstare
2010 1312 2029 1344 ‚
2078 1268 2221 1351 quin
2249 1289 2286 1332 a
2317 1266 2523 1332 Probo

471 1371 726 1459 Berytio
756 1370 906 1435 haec
937 1370 1167 1435 scholia
1197 1370 1467 1453 profecta
1497 1369 1655 1447 sint,
1704 1389 1864 1452 quae
1901 1380 2112 1453 postea
2145 1381 2429 1455 corrupta
2458 1380 2527 1434 et

476 1483 794 1537 contracta
825 1488 963 1536 esse
994 1482 1230 1556 repeto.
1294 1466 1525 1534 Verum
1557 1480 1794 1534 restant
1821 1471 1921 1535 vel
1950 1470 2039 1534 sic
2068 1471 2350 1554 antiquae
2382 1493 2527 1537 eru-

474 1576 721 1640 ditionis
751 1574 901 1638 satis
933 1574 1097 1637 clara
1140 1572 1440 1656 vestigia,
1489 1582 1553 1635 et
1593 1573 1725 1636 sola
1769 1572 1871 1636 illa
1915 1570 2231 1637 annotatio
2275 1576 2352 1637 ad
2400 1574 2524 1639 ecl.

476 1673 593 1755 vl,
628 1674 707 1740 31
768 1670 1038 1740 ostendit
1092 1675 1426 1739 doctrinam
1469 1672 1845 1757 grammatici
1889 1685 1952 1737 et
1993 1685 2275 1739 accurate
2322 1676 2527 1760 dispu-

477 1779 647 1843 tandi
688 1778 1011 1843 rationem.
1083 1773 1317 1839 Eadem
1373 1776 1720 1840 luculenter
1770 1776 2180 1856 demonstrat,
2230 1777 2369 1861 qnid
2414 1779 2524 1856 sit,

476 1881 639 1963 quod
666 1878 800 1943 aliis
829 1877 981 1942 locis
1012 1896 1046 1939 a
1082 1873 1305 1940 Servio
1329 1922 1347 1956 ,
1397 1889 1461 1941 ut
1489 1877 1749 1942 vidimus
1769 1923 1787 1955 ,
1835 1894 2129 1960 quaerere
2172 1880 2247 1943 de
2277 1900 2345 1943 re
2377 1902 2529 1963 qua-

476 1984 611 2046 dam
645 1980 864 2046 dicitur
889 1977 1155 2043 Probus.
1203 1974 1366 2042 Nam
1396 1978 1479 2042 ita
1509 1979 1641 2064 ipse
1673 1976 2134 2064 disputationem
2166 1982 2524 2046 exorditur:

476 2084 798 2148 Hactenus
854 2079 1128 2145 breviter
1145 2124 1166 2155 ,
1222 2098 1390 2143 nunc
1403 2126 1426 2157 ‚
1499 2090 1574 2142 ut
1612 2083 1810 2145 omnis
1851 2084 2128 2166 quaestio
2186 2092 2527 2160 tractetur,

479 2185 808 2271 quaeritur
826 2229 847 2260 ,
922 2202 1004 2245 an
1055 2191 1248 2267 poeta
1303 2190 1605 2267 quattuor
1660 2176 1811 2245 soles
1871 2190 1936 2246 et
1990 2181 2090 2246 lais
2133 2184 2198 2246 in
2242 2183 2529 2249 omnibns

469 2286 791 2373 principia
818 2304 1028 2347 remus
1058 2286 1385 2346 convenire
1413 2282 1762 2368 confirmet,
1795 2295 1857 2348 et
1886 2295 2097 2371 postea
2113 2285 2205 2373 (p.
2228 2278 2526 2369 3531..)2

488 2388 875 2469 Quaeramus
921 2388 1125 2470 igitur
1166 2405 1249 2449 an
1293 2394 1358 2454 et,
1395 2387 1491 2449 iba·
1525 2387 1698 2450 sicut
1734 2386 1839 2450 laic
1880 2396 2180 2472 quattuor
2209 2391 2532 2474 pm'ncepia

480 2489 794 2573 designet.
841 2485 915 2550 In
946 2487 1059 2553 hac
1092 2487 1499 2572 disputatione
1532 2489 1607 2553 de
1640 2498 1920 2572 quattuor
1949 2491 2263 2554 elementis
2292 2492 2534 2573 quaerit

481 2601 546 2656 et
574 2591 882 2673 congestis
913 2590 1188 2654 omnibus
1222 2587 1465 2673 Virgilii
1506 2591 1699 2668 locis,
1759 2591 1860 2673 qui
1901 2592 1976 2655 ad
2025 2592 2178 2656 hanc
2220 2594 2533 2675 quaestio·

483 2712 621 2757 nem
650 2702 963 2777 spectant,
1010 2691 1333 2776 diligenter
1374 2692 1439 2754 in
1478 2692 1718 2777 singula
1755 2692 2005 2775 inquirit
2033 2704 2096 2758 et
2123 2694 2389 2759 adhibita
2420 2717 2536 2759 an·

480 2796 779 2878 tiquorum
823 2795 1185 2880 scriptorum
1227 2793 1452 2877 insigni
1495 2794 1704 2879 eopia,
1752 2805 1933 2877 atque
1974 2793 2349 2861 Graecorum
2382 2815 2535 2879 quo·

481 2913 597 2981 que
626 2894 1111 2981 philosophorum
1145 2901 1172 2937 ²
1201 2905 1264 2959 et
1291 2905 1606 2980 poetarum
1636 2894 2000 2961 testimoniis
2030 2908 2316 2962 accurate
2345 2917 2536 2963 enar-

482 2998 633 3064 ratis
664 3017 905 3062 omnem
933 3017 1063 3064 rem
1091 3013 1322 3062 summa
1336 2995 1648 3082 diligentia
1661 3008 1840 3082 atque
1863 3018 2008 3063 cura
2025 3000 2298 3084 exponit.
2335 2998 2531 3065 Tales

487 3100 875 3184 quaestiones
902 3101 969 3177 ii,
1006 3099 1104 3183 qui
1135 3109 1345 3184 postea
1373 3108 1614 3185 poetam
1639 3101 2047 3185 explicarunt,
2081 3100 2258 3172 facile
2281 3102 2534 3184 negotio

485 3205 828 3288 discerpere
858 3203 1103 3284 suisque
1133 3201 1287 3266 locis
1317 3201 1557 3284 singula
1588 3221 1891 3286 apponere
1927 3213 2276 3288 potuerunt.
2352 3200 2535 3284 Quae

485 3305 621 3370 huic
651 3316 851 3370 autem
882 3304 1102 3370 similia
1129 3303 1256 3368 sint
1296 3303 1655 3368 eruditionis
1696 3305 1871 3389 copia
1912 3315 1977 3370 et
2021 3304 2358 3390 disputandi
2398 3303 2538 3369 dili·

554 3510 650 3561 hoc
684 3511 907 3574 dicitur,
958 3509 1071 3561 cuni
1121 3509 1194 3561 sit
1239 3505 1419 3561 Ulixes
1453 3510 1617 3561 hostis
1654 3509 1895 3559 Aeneae?
1948 3507 2182 3575 Asper.
2241 3501 2350 3560 Non
2389 3508 2539 3560 inde·

553 3595 709 3644 core,
749 3580 838 3630 sed
877 3580 1133 3646 pathetice
1173 3616 1188 3630 .
1229 3615 1243 3630 .
1286 3615 1300 3630 .
1340 3579 1641 3645 magnifice,
1695 3578 1934 3645 qnoniam
1969 3580 2147 3629 eadem
2177 3578 2444 3629 erroribus
2482 3586 2538 3630 et

587 3648 795 3699 ericnlis
831 3648 1126 3714 patiebatur
1165 3647 1385 3698 Aeneas.

489 3718 515 3770 1
582 3718 677 3767 nde
715 3733 812 3767 non
851 3716 1066 3767 refutari
1105 3731 1253 3784 posse
1290 3715 1421 3767 bane
1456 3715 1757 3767 sententiam
1794 3721 1948 3781 puto,
2001 3713 2132 3780 quod
2182 3713 2396 3765 Servius
2441 3714 2537 3778 (ad

553 3782 742 3849 Geor-g.
783 3785 823 3847 l,
862 3784 986 3850 277)
1022 3784 1239 3837 Probu—
1277 3784 1503 3837 Cornnto
1539 3784 1838 3851 praeponit,
1881 3784 2032 3834 cuius
2068 3783 2120 3834 in
2156 3785 2252 3834 hac
2288 3799 2346 3834 re
2382 3783 2536 3848 louge

550 3855 723 3903 minor
757 3855 1044 3904 auctoritas
1079 3861 1196 3918 est,
1235 3870 1384 3921 quam
1420 3853 1604 3906 scholl.
1645 3852 1834 3903 Veron.

484 3925 519 3979 2
553 3921 738 3973 Obiter
796 3935 1004 3985 moneo,
1071 3938 1205 3989 qnae
1258 3939 1289 3973 e
1342 3921 1573 3975 Platonis
1638 3921 1772 3971 libro
1826 3922 1955 3990 περὶ
2008 3918 2187 3989 ψυχῆς
2244 3920 2540 3971 afferuntur

556 3992 631 4057 (p.
670 3991 772 4044 352
798 3989 919 4052 1..),
956 3989 1060 4055 legi
1096 3993 1148 4043 in
1184 3990 1455 4043 Phaedone
1490 4007 1539 4059 p.
1579 3990 1642 4044 ⁹⁷
1671 3989 1766 4055 B.,
1805 3991 1936 4057 apud
1970 3987 2189 4041 Probum
2225 3996 2398 4041 ante-
2435 4004 2538 4040 non

550 4060 757 4125 integra
788 4066 1020 4114 exstare·
2077 4105 2080 4110 ⁴

2487 4221 2506 4253 Ι
