2764 4738
891 417 1626 485 PRoLEGothA.
2140 442 2288 490 cxc:

222 593 514 670 mutarit,
563 608 719 674 quae
762 589 962 655 minus
1005 603 1176 657 recte
1222 592 1421 678 posita
1463 590 1599 658 visa
1643 589 1805 671 sint,
1853 601 1916 655 et
1959 591 2048 656 sic
2076 602 2286 657 aucto-

223 715 352 759 rem
385 678 863 778 interpolatione
899 694 1264 778 corruperit.
1330 692 1546 775 Qualis
1587 694 1848 778 suspicio
1891 693 1953 756 in
1997 692 2096 757 Fl.
2133 691 2286 760 iulio

226 816 304 859 eo
334 797 577 860 facilior
605 806 738 874 est,
775 815 908 859 cum
940 795 1074 860 sine
1106 796 1463 881 antigrapho
1488 817 1555 861 sc
1587 806 1862 861 tentasse
1893 797 1978 860 ait
2007 792 2286 861 Persium

228 898 590 963 emendare.
684 894 893 977 Quare
953 898 1027 961 dc
1071 896 1145 961 iis
1190 899 1343 964 locis
1392 899 1717 963 videndum
1763 909 1897 978 est,
1957 899 2058 981 qui
2103 900 2287 964 talem

227 1001 640 1085 suspicionem
673 998 841 1064 alere
872 999 1221 1064 videantur.

400 1133 500 1198 Eo
534 1135 719 1219 igitur
744 1135 1044 1219 pertinet,
1079 1135 1233 1218 quod
1264 1135 1421 1221 prol.
1456 1134 1495 1200 3
1526 1145 1664 1221 post
1691 1136 1947 1200 memini
1968 1135 2136 1200 addit
2164 1156 2283 1211 me,

228 1247 291 1302 et
334 1261 401 1302 v.
451 1235 491 1299 5
539 1257 644 1321 pro
686 1236 976 1300 inusitato
1021 1238 1296 1301 lambunt
1335 1239 1616 1323 ponitur,
1665 1239 1822 1322 quod
1863 1238 2287 1323 interpretatio

231 1340 365 1404 eius
410 1362 476 1403 v.
531 1350 663 1417 cst,
711 1338 1008 1403 ambiunt.
1089 1338 1223 1405 Sat.
1274 1337 1329 1420 Ι,
1377 1339 1458 1403 31
1505 1364 1611 1406 vv.
1661 1341 1819 1426 quid
1857 1341 1963 1403 dia
1999 1349 2289 1425 poemata

227 1449 501 1505 narrent
545 1441 625 1503 ita
674 1442 883 1505 reficta
929 1453 1110 1505 suut:
1159 1445 1299 1528 quis
1346 1441 1455 1505 dia
1487 1451 1785 1528 poemata
1826 1452 2083 1517 narret,
2132 1442 2286 1526 quod

228 1545 457 1609 factum
521 1541 762 1607 videtur
819 1542 895 1606 ob
954 1556 1310 1628 sequentem
1369 1545 1716 1610 recitatoris
1793 1545 2283 1630 descriptionem.

229 1642 286 1720 1,
319 1644 408 1709 44
439 1667 552 1731 pro
582 1666 758 1729 quem
790 1667 879 1709 ea:
908 1646 1168 1710 adverso
1201 1645 1412 1709 dicere
1434 1645 1588 1728 jeci
1623 1647 1835 1731 legunt
1865 1668 1952 1710 ea:
1982 1647 2124 1709 ado.
2160 1645 2282 1711 dic.

208 1748 340 1831 sas
383 1756 514 1827 est,
558 1749 717 1830 quod
762 1748 998 1813 facilius
1044 1748 1350 1832 explicatu
1406 1746 1764 1829 videbatur3
1823 1749 2154 1832 eademque
2213 1751 2288 1813 de

231 1871 421 1915 causa
450 1846 508 1929 Ι,
543 1847 628 1913 59
654 1850 948 1916 exhibent
977 1851 1226 1913 imitata
1253 1858 1351 1912 est
1380 1871 1490 1936 pro
1523 1850 1789 1934 genuino
1820 1851 2095 1927 imitari,
2129 1851 2289 1934 quod

226 1952 568 2037 repositum
600 1963 697 2017 est
725 1947 803 2016 ab
831 1973 943 2029 eo,
992 1951 1090 2034 qui
1121 1952 1240 2015 toci
1271 1962 1638 2016 structuram
1671 1973 1792 2015 non
1826 1951 2007 2036 cepit.
2080 1951 2290 2018 Usita·

227 2054 353 2118 tius
381 2053 636 2118 verbum
657 2053 1095 2140 praegrandis
1124 2052 1511 2117 substitutum
1559 2064 1654 2118 est
1684 2054 1903 2117 rariori
1945 2055 2290 2139 vegrandia

228 2153 283 2234 1,
317 2154 430 2220 97.
498 2153 689 2220 Certo
732 2157 988 2222 consilio
1036 2166 1325 2219 mutatum
1370 2154 1565 2219 videri
1605 2163 1839 2239 potest,
1887 2158 2044 2240 quod
2087 2153 2171 2234 11,
2210 2156 2290 2222 13

229 2279 344 2344 pro
375 2279 743 2343 expungam
772 2256 955 2322 Rom.
989 2277 1362 2342 expungas,
1405 2255 1548 2341 ΜΡ.
1584 2276 1924 2343 expugnas
1952 2258 2167 2337 habet,
2222 2271 2291 2325 ut

232 2361 312 2426 ad
359 2361 538 2427 deum
584 2363 930 2440 referatur,
991 2358 1087 2444 qui
1132 2357 1208 2423 ab
1252 2379 1443 2424 avaro
1487 2358 1841 2436 invocatur,
1906 2372 1971 2426 et
2010 2363 2291 2448 sequenti

230 2484 333 2528 vs.
380 2484 491 2548 pro
535 2462 752 2528 dubiae
796 2462 1223 2547 explicationis
1266 2460 1459 2527 verbo
1502 2460 1759 2527 ducitur
1801 2464 2098 2531 exhibent
2142 2490 2292 2531 con·-

233 2564 432 2630 dieur.
485 2564 664 2649 Quod
696 2565 921 2650 legitur
949 2561 1064 2643 111,
1096 2561 1184 2627 29
1229 2585 1665 2650 censoremque
1706 2567 1895 2650 potuit
1922 2567 1982 2630 id
2014 2567 2091 2631 ob
2122 2568 2290 2634 inso-

234 2670 463 2734 lentem
521 2669 949 2753 repetitionem
1006 2666 1224 2752 reponi
1282 2688 1394 2752 pro
1448 2687 1872 2743 censoremve,
1934 2690 2289 2754 quamquam

234 2771 399 2834 facili
446 2790 658 2835 errore
701 2789 936 2853 quoque
979 2769 1290 2853 procreari
1334 2769 1543 2853 potuit.
1615 2767 1704 2833 At
1746 2770 2015 2834 ciusdem
2062 2773 2293 2836 satirae

232 2896 298 2937 v.
334 2870 421 2936 46
466 2883 529 2936 et
565 2874 784 2936 insano
828 2872 1014 2936 lectio
1059 2870 1238 2934 codd.
1285 2870 1428 2955 Mp.
1476 2869 1654 2934 Rom.
1701 2881 1836 2935 orta
1867 2884 1962 2936 est
1990 2892 2072 2935 ex
2102 2872 2290 2936 inter-

231 2975 582 3060 polatione,
629 2975 703 3037 de
746 2993 864 3057 qua
905 2996 970 3039 v.
1020 2993 1163 3036 ann.
1217 2992 1307 3036 cr.
1375 2969 1511 3036 Sat.
1547 2970 1661 3050 lv,
1697 2971 1780 3036 34
1815 2973 2086 3061 frigas,
2133 2974 2291 3057 quod

235 3087 338 3141 est
382 3076 448 3140 in
491 3076 632 3161 Mp.
683 3075 905 3154 Rom„
967 3094 1361 3157 quamquam,
1428 3085 1494 3137 ut
1549 3076 1826 3159 exempla
1880 3097 2058 3160 supra
2106 3078 2290 3142 allata

232 3188 619 3256 monstrant,
667 3188 730 3242 et
775 3175 1244 3242 describentium
1292 3194 1504 3239 errore
1554 3175 1730 3241 facile
1772 3181 1914 3263 poni
1957 3180 2154 3264 potuit
2181 3200 2290 3264 pro

213 3280 446 3366 figas,
495 3290 590 3344 est
636 3290 836 3342 tamen
878 3281 1143 3343 fortasse
1189 3278 1265 3341 ab
1297 3299 1372 3342 eo
1406 3290 1784 3358 correctum,
1832 3280 1932 3364 qui
1961 3281 2291 3346 dictionem

233 3392 435 3446 cutem
465 3383 533 3444 in
574 3382 708 3445 solo
731 3380 957 3466 figere
999 3401 1119 3444 nou
1155 3380 1499 3456 intellexit;
1547 3380 1824 3466 idemque
1866 3382 2181 3447 dicendum
2214 3384 2292 3448 de

230 3506 333 3549 vs.
367 3483 476 3563 35,
522 3482 623 3546 ubi
652 3483 834 3548 lectio
867 3480 1045 3548 codd.
1078 3482 1220 3567 Mp.
1253 3481 1435 3547 Rom.
1471 3482 1543 3546 lei
1563 3505 1805 3559 mores,
1851 3506 1984 3548 cum
2030 3505 2065 3549 a
2111 3484 2294 3550 libra-

232 3587 345 3652 riis
390 3607 583 3673 prono
628 3606 838 3650 errore
885 3605 995 3669 pro
1038 3587 1104 3648 in
1144 3604 1350 3646 mores
1388 3584 1612 3669 scripta
1646 3606 1786 3650 esse
1817 3586 2046 3669 possit,
2094 3587 2290 3670 potuit

232 3701 440 3754 tamen
486 3687 562 3752 ab
609 3708 685 3752 eo
729 3705 964 3771 quoque
1010 3685 1290 3751 consulto
1330 3687 1583 3770 reponi,
1630 3686 1730 3768 qui
1774 3697 2139 3751 structuram
2184 3687 2291 3752 de-

233 3812 462 3877 spuere
505 3791 573 3853 in
617 3809 821 3853 mores
880 3799 945 3853 ut
994 3788 1381 3853 audaciorem
1437 3789 1750 3875 corrigere
1793 3789 2006 3854 voluit.
2091 3788 2290 3855 Inter·

235 3892 475 3979 polandi
523 3893 686 3956 ratio
725 3902 892 3976 patet
932 3888 994 3954 in
1027 3891 1298 3955 eiusdem
1329 3889 1556 3955 satirae
1587 3913 1652 3957 v.
1688 3888 1766 3954 51
1801 3891 1861 3953 in
1891 3913 1996 3956 vv.
2046 3889 2295 3977 Respue

235 3995 410 4082 quod
431 4016 560 4058 non
591 4014 697 4074 es,
743 3993 847 4057 ubi
877 4013 1010 4058 eum
1042 3993 1278 4077 vulgari
1310 4014 1527 4058 errore
1556 4013 1666 4078 pro
1698 4014 1760 4056 es
1788 3993 2076 4078 scriptum
2109 3993 2293 4058 fuerit

239 4106 366 4176 est,
412 4107 711 4162 mutatum
741 4106 840 4161 est
869 4094 1048 4160 etiam
1090 4117 1156 4159 v.
1204 4114 1423 4182 respue
1461 4095 1527 4160 in
1571 4102 1864 4182 respuat,
1911 4094 2292 4182 coniungen-
