2764 4738
752 434 1021 521 senon.
1049 456 1158 520 An
1190 456 1360 523 sAT.
1391 457 1465 535 11,
1494 463 1788 525 ess—⁵9.
2161 454 2294 525 289

420 631 525 691 55.
567 628 722 688 Hinc
762 627 920 687 illud
954 628 1177 702 sabaei't,
1221 626 1280 690 id
1317 640 1441 704 est,
1485 632 1675 694 evenit
1703 649 1738 691 ο
1768 628 1868 691 tali
1897 628 2292 705 dissolutione,

248 721 314 772 ut
352 731 494 772 auro
536 723 702 793 putes
745 714 970 773 numina
998 712 1309 787 delectari,
1353 713 1504 796 quod
1542 726 1603 776 tu
1632 714 1849 795 diligis,
1893 726 1955 778 et
1992 717 2063 776 iis
2104 718 2290 778 vultus

249 796 608 858 deaurandos
651 798 964 858 existimes.
1144 802 1332 861 ovato
1376 803 1499 861 sive
1547 800 1695 882 quod
1740 821 1849 863 ovo
1879 800 2292 880 perfunduntur

247 893 507 954 statuae,
538 894 600 943 ut
627 883 863 943 bractea
893 884 1092 944 melius
1122 886 1520 960 inhaerescat3
1566 888 1688 947 sive
1717 884 1865 967 qnod
1895 887 2129 948 bractea
2158 888 2290 948 talis

248 978 376 1042 est,
423 969 603 1048 qualis
634 969 727 1028 ovi
757 968 1100 1029 membrana.
1276 974 1500 1045 ovato,
1552 974 1682 1053 quia
1711 970 1953 1033 medinm
1983 974 2076 1034 ovi
2105 973 2287 1036 simile

247 1063 342 1113 est
367 1072 543 1126 auro3
588 1053 697 1113 boc
728 1064 852 1125 est,
897 1055 953 1113 in
984 1053 1203 1115 modum
1232 1059 1345 1116 ovi.

396 1143 524 1203 bo.
580 1140 734 1199 Nam
774 1138 1023 1218 fratres
1079 1144 1240 1200 inter
1302 1143 1545 1201 ahenos.
1645 1140 1939 1203 *Acron
2009 1141 2288 1216 tradit,

248 1221 440 1304 quod
480 1225 551 1283 in
597 1225 937 1304 porticu⁴¹
967 1224 1243 1305 quondam
1272 1221 1701 1306 *Apollinis
1753 1227 2087 1288 Palatini
2131 1229 2290 1288 fue·

244 1311 406 1369 rint
444 1307 493 1369 1,
534 1307 931 1369 Danaidum
973 1311 1317 1389 effigies,
1362 1322 1438 1373 et
1480 1322 1747 1373 contra
1789 1333 1917 1374 eas
1959 1312 2087 1373 sub
2118 1310 2288 1373 divo

244 1392 556 1454 totidem
632 1406 1036 1475 equestres
1109 1397 1453 1457 filiorum
1525 1394 1857 1479 Aegypti
1897 1405 1940 1457 ¹.
2026 1397 2133 1459 Ex
2185 1398 2287 1459 iis

245 1490 490 1539 antem
534 1481 810 1539 statuis
850 1479 1204 1561 quaedam
1235 1480 1691 1543 dicebantur
1715 1482 2288 1564 postulantibus

244 1583 380 1643 per
420 1583 739 1625 somnum
783 1562 962 1626 dare
1007 1568 1338 1630 oracula.
1355 1566 1388 1595 *
1454 1565 1575 1628 Alii
1617 1578 1805 1629 autem
1848 1570 2059 1629 fratres
2091 1573 2289 1643 ae'nos,

245 1649 537 1710 Pollucem
566 1662 630 1710 et
656 1650 988 1722 Castorem,
1022 1654 1113 1732 qui
1143 1654 1335 1733 utique
1366 1654 1578 1714 fratres
1608 1654 1873 1727 fuerunt,
1900 1663 1961 1714 et
1988 1652 2290 1735 aliquando

244 1746 419 1795 noete
466 1734 683 1796 Persen
729 1734 1103 1799 Macedoniae
1161 1758 1360 1816 regem
1415 1739 1822 1799 nunciaverunt
1874 1740 2082 1800 victum
2113 1745 2172 1812 ²,
2228 1741 2288 1799 in

245 1840 482 1902 qnorum
504 1822 716 1900 templo
745 1823 1086 1882 somniorum
1115 1824 1463 1903 interpretes
1494 1823 1689 1884 baberi
1719 1824 1939 1896 solent,
1987 1825 2080 1905 qui
2111 1844 2287 1904 puros

246 1925 288 1966 a
327 1906 529 1986 pituita
570 1908 726 1967 visus
771 1908 1053 1967 bominum
1097 1908 1480 1988 exponebant.
1634 1907 1853 1970 Aliter.
1886 1910 2024 1969 Cum
2054 1909 2292 1970 Romani

242 1992 571 2072 pestilentia
628 1992 986 2066 laborarent,
1047 1992 1255 2054 Castor
1306 2005 1366 2054 et
1410 1993 1611 2054 Pollux
1651 1996 1707 2054 in
1739 1996 1982 2055 somniis
2028 1996 2288 2075 populum

243 2087 618 2150 monuerunt,
662 2078 860 2158 quibus
902 2077 1170 2139 remediis
1213 2079 1395 2138 morbi
1425 2090 1793 2154 curarentur,
1837 2091 1898 2141 et
1926 2080 2063 2141 licet
2092 2100 2291 2140 eorum

248 2162 462 2222 multae
493 2174 693 2223 essent
721 2174 943 2224 statuae
974 2163 1226 2237 Romae,
1272 2174 1457 2224 tamen
1489 2166 1635 2243 [cum
1665 2185 1775 2224 non
1806 2167 2020 2245 essent]
2049 2176 2289 2247 paratae

244 2258 376 2307 sunt
404 2247 515 2307 illis
547 2249 796 2321 similes,
827 2268 967 2329 quas
998 2260 1201 2328 postea
1231 2246 1468 2309 Romani
1498 2249 1934 2311 deauraverunt.

419 2337 523 2397 5⁷.
568 2335 806 2395 Somnia
832 2335 1080 2437 pitu-tta,
1116 2354 1215 2433 quot
1236 2337 1705 2415 purgatissima,
1737 2334 1795 2398 id
1824 2346 1916 2398 est
1943 2346 2125 2410 certa,
2156 2337 2287 2417 quia

245 2419 450 2498 pituita
483 2419 644 2499 'pleni
690 2420 823 2479 nibil
855 2421 978 2482 veri
1022 2420 1319 2481 somniant.
1389 2424 1616 2483 &Meneta
1662 2433 1848 2483 autem
1892 2434 1984 2483 est
2025 2424 2287 2502 purgatio

247 2503 510 2576 cerebri,
569 2505 661 2565 vel
708 2505 939 2566 morbus
994 2507 1360 2584 gallinarum,
1411 2509 1504 2588 qui
1555 2528 1631 2568 ex
1670 2506 1952 2568 edacitate
2011 2511 2287 2582 nascitur,

245 2587 397 2649 unde
441 2592 662 2662 evenit,
707 2602 769 2651 ut
806 2593 1027 2670 gravati
1082 2592 1338 2652 homines
1384 2612 1581 2653 somno
1625 2613 1736 2653 non
1780 2593 1925 2653 bona
1957 2595 2172 2653 somnia
2201 2595 2287 2652 vi-

245 2671 439 2735 deant.
514 2674 732 2736 Sensus
778 2695 919 2756 ergo
963 2687 1088 2737 est.
1145 2677 1290 2737 Nam
1332 2678 1543 2739 fratres
1586 2678 1736 2740 inter
1778 2683 1990 2752 aiinos,
2049 2698 2285 2800 quorum

247 2778 445 2821 sacras
476 2761 702 2840 effigies
732 2772 902 2821 ovato
933 2782 1073 2822 auro
1102 2761 1392 2842 perducis,

419 2850 520 2909 58.
580 2847 904 2926 praecipua
939 2858 1150 2921 sunto,
1212 2846 1269 2908 id
1315 2858 1441 2921 est,
1514 2848 1627 2907 sint
1683 2848 1973 2927 praecipui
2030 2845 2287 2920 honoris,

245 2931 429 3012 magis
460 2931 715 3004 colendi,
756 2932 1174 2992 honoratiores.
1217 2933 1326 2992 Est
1354 2945 1540 2993 autem
1564 2934 1887 3012 praecipui
1909 2929 2255 2992 adverbium.

419 3021 522 3080 59.
565 3020 801 3078 Aurum
819 3061 838 3090 ,
872 3036 1016 3077 vasa
1044 3020 1293 3077 Numae.
1337 3020 1506 3080 Alter
1533 3038 1737 3078 sensus
1767 3029 1894 3078 ests
1939 3016 2084 3077 Dum
2114 3028 2285 3101 ovato

248 3121 388 3162 auro
433 3102 658 3181 effigies
702 3103 855 3173 linit,
899 3104 1112 3182 expulit
1154 3105 1438 3183 antiquum
1483 3102 1736 3164 ordinem
1779 3104 2109 3174 ministerii,
2155 3103 2287 3182 quia

223 3185 432 3247 'Numa
483 3188 758 3260 instituit,
815 3189 1014 3268 quibus
1069 3189 1197 3248 aliis
1254 3187 1433 3250 modis
1476 3200 1739 3269 oporteat
1791 3189 2055 3249 venerari
2122 3186 2283 3247 deos.

243 3270 432 3332 Numa
475 3270 813 3351 Pompilius,
872 3293 979 3334 rex
1023 3273 1430 3348 Romanorum,
1488 3276 1640 3335 vasis
1697 3273 1957 3334 fictilibus
2004 3293 2138 3333 usus
2196 3283 2286 3332 est

248 3359 418 3419 etiam
466 3355 539 3417 ad
584 3358 917 3436 religionem
964 3357 1229 3431 deornm,
1276 3380 1350 3419 ex
1399 3382 1507 3440 quo
1547 3359 1730 3419 Numa
1759 3358 1939 3419 dictus
1970 3370 2093 3430 est,
2137 3355 2287 3438 quod

243 3443 560 3503 numinibus
619 3441 960 3504 deserviret.
1049 3445 1194 3504 Nam
1246 3447 1454 3524 primns
1510 3445 1819 3524 religiones
1868 3445 2080 3504 invenit
2137 3441 2284 3524 apud

245 3526 556 3588 Romanos.
746 3531 1155 3608 Saturniaque
1201 3533 1431 3608 empuli!
1474 3550 1644 3590 acra.
1724 3529 1968 3590 Saturno
2025 3531 2171 3588 enim
2228 3531 2285 3587 iu

244 3613 408 3674 Italia
449 3624 761 3692 regnante,
810 3634 912 3675 aes
956 3617 1012 3674 iu
1059 3636 1165 3675 usu
1211 3617 1345 3688 fuit,
1394 3613 1541 3695 quod
1588 3618 1754 3675 etiam
1797 3626 1995 3695 postea
2034 3615 2092 3673 in
2137 3611 2283 3674 aede

248 3697 476 3758 Saturni
508 3697 888 3761 condebatur.
936 3699 1085 3760 unde
1116 3718 1417 3759 aer-amum
1447 3699 1651 3760 dictum
1683 3711 1788 3760 est.
1846 3693 2104 3759 Nondum
2136 3703 2283 3759 enim

245 3786 350 3845 fuit
391 3794 688 3862 argentum
734 3805 921 3865 neque
964 3805 1180 3845 aurum.
1239 3784 1379 3845 Illud
1426 3788 1572 3846 enim
1617 3805 1717 3845 aes
1760 3805 1871 3845 una
1900 3796 2063 3864 parte
2095 3785 2283 3864 capite

245 3868 363 3930 lani
394 3880 644 3929 notatum
676 3882 822 3944 erat,
855 3871 1037 3930 altera
1066 3891 1240 3944 nave,
1268 3891 1377 3952 qua
1408 3870 1683 3932 Saturnus
1715 3873 1937 3950 fugiens
1967 3869 2040 3930 ad
2069 3869 2280 3930 ltaliam

246 4005 271 4057 1
309 4003 386 4056 Ita
412 4002 696 4056 Lindenbr.
719 4001 801 4072 (ut
817 4006 979 4056 refert
1012 4004 1295 4057 Passovius
1332 4021 1398 4057 ex
1434 4006 1662 4073 exemplo
1701 4005 2020 4070 Christiano,
2057 4007 2109 4056 in
2137 4004 2284 4057 Ham-

311 4071 556 4137 burgensi
594 4075 722 4125 nibil
761 4076 956 4139 inveni)
992 4074 1140 4126 Reiz.
1177 4075 1434 4140 Aegisthi
1462 4081 1589 4126 cett.

240 4142 274 4196 2
308 4140 374 4195 V.
416 4150 648 4196 veterum
684 4144 996 4212 scriptorum
1029 4143 1169 4196 locos
1203 4144 1339 4213 apud
1374 4141 1620 4197 Rlauscn.
1658 4144 1787 4197 Aen.
1824 4141 1869 4194 11
1905 4161 1957 4213 p.
1989 4145 2107 4224 665.

324 4233 561 4273 mastos.
1791 4218 1869 4277 19
