2764 4738
937 447 1105 510 SAT.
1136 450 1234 523 VI,
1265 455 1348 514 28
1378 486 1462 496 —
1493 454 1595 514 33.
2125 448 2255 515 219

154 649 159 656 ·
214 640 323 678 uon
368 620 580 679 clarum
626 639 822 680 sonum
864 619 1050 681 reddit
1094 623 1291 701 (intpp.
1326 621 1497 701 Prop.
1534 622 1577 692 I,
1603 627 1663 691 7,
1695 624 1829 692 18),
1869 619 2016 681 unde
2062 620 2134 682 de
2180 623 2248 682 iis

213 705 452 777 dicitur,
497 724 642 784 quae
686 707 932 765 obscura
975 717 1144 786 atque
1185 708 1455 786 ignobilia
1486 706 1610 782 (Sil.
1643 707 1706 765 It.
1741 707 1889 776 VIII,
1915 711 2060 769 248.
2096 707 2244 767 Stat.

212 791 394 849 Theb.
438 791 535 861 IV,
576 795 726 862 259)
775 803 934 862 sunt,
979 804 1038 850 et
1084 795 1299 851 inutilia
1345 794 1471 852 fere
1513 803 1572 850 et
1613 813 1722 850 uon
1771 793 2028 871 perfecta
2073 804 2251 865 notat,

211 896 545 955 quamquam
576 888 712 936 vota
735 879 920 936 surda
949 875 1219 937 audacius
1252 877 1402 938 dicta
1434 888 1581 937 sunt.
1612 880 1780 936 Iacet
1807 882 1932 956 ipse
1961 880 2019 936 in
2051 879 2251 937 littore

212 963 559 1038 naufragus»,
622 972 687 1020 et
723 982 840 1021 una
878 965 979 1020 dei
1014 965 1086 1021 de
1117 983 1354 1042 puppe,
1403 964 1495 1023 ubi
1535 964 1796 1022 collocati
1837 974 2000 1022 erant
2047 961 2247 1034 (Hand.

209 1047 383 1105 Turs.
416 1047 463 1105 II
490 1067 545 1125 p.
577 1051 744 1118 195).
816 1046 1091 1107 Soleb‘aut
1137 1051 1282 1107 enim
1335 1051 1389 1107 in
1441 1068 1625 1129 puppe
1672 1047 1904 1107 deorum
1953 1048 2251 1107 simulacra

211 1134 362 1210 picta
390 1143 559 1212 atque
590 1143 785 1191 aurata
817 1135 947 1211 poni
984 1154 1087 1212 pro
1113 1135 1323 1204 tutela3
1368 1132 1444 1193 cf.
1477 1134 1639 1211 Virg.
1670 1133 1816 1193 Aeu.
1845 1134 1922 1206 X,
1960 1138 2079 1195 170
2109 1153 2251 1204 „au-

210 1229 337 1277 rato
370 1218 625 1294 fulgebat
652 1220 932 1295 Apolline
963 1220 1234 1298 puppis.“
1297 1218 1571 1279 Similiter
1608 1221 1885 1277 Minerva
1926 1217 2072 1297 apud
2117 1218 2248 1277 Val.

209 1303 296 1363 ΡΙ.
336 1302 486 1373 VIII,
519 1307 662 1364 203.
711 1301 871 1362 Ovid.
899 1303 1072 1362 Trist.
1103 1305 1146 1375 I,
1182 1308 1280 1375 10,
1315 1310 1342 1365 1
1381 1325 1542 1384 sqq.;
1603 1306 1828 1375 Dione,
1863 1303 1962 1362 Sil.
1999 1305 2065 1362 It.
2097 1303 2252 1374 XIV,

209 1392 356 1449 410.
394 1387 557 1447 Ovid.
594 1389 727 1446 Her.
758 1388 914 1458 XVI,
950 1392 1069 1450 112
1098 1410 1219 1469 sqq.
1253 1391 1330 1448 cf.
1361 1389 1656 1448 Ruhnken.
1693 1389 1831 1447 diss.
1865 1388 1935 1447 de
1967 1390 2156 1447 tutelis
2192 1399 2253 1448 et

210 1473 521 1551 insignibus
556 1475 772 1531 navium
807 1481 961 1551 (opp.
991 1479 1116 1536 257
1136 1482 1311 1555 sqq.).
1355 1475 1512 1533 Deos
1542 1486 1711 1533 vocat
1740 1476 2028 1551 ingentes,
2060 1486 2120 1532 ut
2151 1494 2253 1532 ua-

210 1560 383 1635 vigii,
437 1558 585 1636 quod
642 1559 841 1616 infelix
886 1558 1161 1637 perdidit,
1217 1560 1650 1636 magnitudinem
1699 1561 1994 1636 significet.
2076 1561 2253 1617 Costa

211 1647 367 1701 ratis
396 1644 633 1701 lacerae
663 1644 778 1702 iam
807 1644 975 1702 obvia
1006 1655 1097 1703 est
1125 1647 1382 1721 mergis,
1432 1647 1507 1703 cf.
1545 1645 1683 1703 Hor.
1715 1644 1879 1723 epod.
1911 1644 1988 1716 X,
2029 1650 2104 1706 21
2128 1665 2249 1722 sq.=

211 1729 453 1804 „Opima
498 1726 698 1807 quodsi
731 1726 943 1806 praeda
974 1749 1148 1788 curvo
1194 1732 1356 1789 litore
1408 1729 1677 1787 Pon-recta
1725 1750 1953 1807 mergos
1997 1731 2252 1800 iuverisss‘

213 1813 402 1890 (Virg.
435 1811 647 1890 Georg.
678 1813 720 1881 I,
748 1817 923 1885 361).
983 1815 1158 1872 Nune
1186 1825 1250 1872 et
1276 1817 1346 1871 de
1377 1817 1593 1892 cespite
1637 1814 1735 1885 (cf.
1769 1814 1994 1874 Petron.
2025 1835 2077 1873 c.
2109 1817 2254 1883 120,

210 1919 262 1955 v.
299 1903 375 1959 71
406 1917 523 1977 sq.=
585 1909 682 1956 aut
723 1899 824 1956 alit
867 1899 1071 1957 herbas
1118 1900 1347 1976 Cespite
1394 1901 1574 1958 laetus
1621 1906 1782 1976 ager)
1825 1902 1996 1970 vivo,
2045 1901 2252 1958 virenti

211 1983 377 2056 (Hor.
408 2002 586 2041 carm.
623 1983 668 2053 I,
702 1988 800 2051 19,
836 1988 921 2052 3),
954 2004 1116 2063 quem
1156 1985 1435 2062 frugibus,
1468 1987 1519 2042 in
1552 1986 1831 2061 granariis
1856 1982 2117 2055 conditiS,
2150 2005 2252 2062 op-

208 2072 389 2148 ponit,
419 2065 655 2146 frange
695 2070 926 2145 aliquid
945 2114 963 2144 ‚
1014 2071 1244 2146 largire
1288 2071 1487 2148 inopi,
1533 2089 1607 2128 ne
1633 2071 1873 2129 oberret
1892 2073 2088 2148 pietus
2107 2114 2128 2141 ,
2177 2089 2254 2129 ex

208 2173 371 2213 more
396 2155 792 2230 naufragorum
824 2154 889 2226 (I,
919 2158 1057 2224 89),
1090 2157 1149 2212 in
1184 2156 1391 2214 tabula
1418 2156 1732 2227 caerulea,
1767 2158 1897 2235 quia
1922 2175 2076 2215 mare
2109 2166 2252 2214 tem-

210 2249 436 2317 pestate
465 2238 740 2296 turbidum
776 2250 1191 2317 repraesentat.

384 2343 437 2384 v.
468 2327 738 2386 33-40.
785 2327 909 2383 Sed
941 2336 1076 2383 cett.
1135 2325 1234 2384 His
1272 2323 1535 2384 versibus
1578 2324 1883 2386 admonitio
1913 2327 2251 2397 continetur,

266 2429 357 2468 tae
415 2429 491 2468 ex
545 2410 766 2487 vulgari
810 2410 1091 2486 cogitandi
1138 2413 1356 2469 ratione
1404 2430 1530 2469 eum
1583 2430 1617 2471 a
1656 2410 1892 2472 consilio
1940 2412 2255 2471 liberaliter

208 2492 439 2554 swendi
481 2493 766 2554 dimovere
812 2499 1010 2574 possit.
1073 2496 1154 2554 Ea
1186 2497 1450 2575 bipartita
1481 2507 1599 2567 est,
1647 2495 1902 2555 desumto
1935 2498 2005 2555 ab
2036 2500 2122 2555 ira
2150 2497 2254 2556 be-

208 2579 367 2639 rvlis
399 2581 471 2639 ob
501 2582 836 2638 imminutam
869 2601 982 2640 rem
1012 2582 1375 2650 santiliarem,
1423 2591 1482 2639 et
1509 2602 1543 2639 a
1571 2601 1777 2640 severo
1819 2581 2059 2652 iudicio,
2106 2580 2254 2660 quod

207 2667 306 2725 alii
333 2667 550 2724 austeri
580 2686 791 2724 morum
823 2686 1098 2725 censores
1127 2666 1197 2726 de
1226 2686 1298 2726 eo
1331 2668 1489 2725 ferre
1516 2668 1752 2745 possint.
1801 2670 1992 2726 Coena
2006 2666 2252 2746 funereis

208 2748 420 2830 duplex
444 2761 534 2810 est
566 2752 670 2823 (cf.
707 2752 748 2809 I.
775 2750 841 2810 G.
872 2751 1197 2823 Hoffmann,
1230 2749 1300 2810 de
1327 2751 1495 2829 epulo
1530 2752 1694 2810 ferali
1727 2763 1871 2811 vett.
1911 2756 2095 2814 1693.
2144 2752 2247 2812 W.

207 2836 658 2915 Tropauueger,
703 2834 773 2895 de
821 2838 1000 2913 epulis
1041 2848 1177 2895 vett.
1219 2838 1419 2915 gentil.
1470 2838 1714 2915 sepulcr.
1764 2843 1973 2910 1710).
2032 2837 2253 2909 Altera,

209 2941 358 3002 quae
396 2923 757 2980 silicernium
797 2921 1139 2993 vocabatur,
1186 2942 1515 3002 quamquam
1566 2920 1618 2980 id
1649 2923 1978 2981 vocabulum
2009 2922 2079 2980 ad
2110 2923 2255 2982 alte-

207 3027 331 3066 rum
367 3025 587 3085 quoque
618 3026 798 3084 genus
827 3007 1155 3065 translatum
1185 3008 1442 3078 videtur,
1488 3005 1870 3087 περίδειπνον
1907 3008 2252 3079 (Hemsterb.

208 3091 282 3150 ad
326 3091 468 3150 Luc.
517 3103 666 3150 cont.
693 3096 838 3163 22),
869 3091 1098 3170 feralis
1147 3111 1326 3151 coena
1366 3092 1583 3166 (Iuven.
1638 3093 1705 3160 V,
1749 3097 1851 3154 85.
1897 3093 2066 3169 Apul.
2100 3093 2252 3152 Flor.

208 3199 264 3256 p.
295 3181 422 3239 362
451 3177 658 3248 Elm.),
705 3178 1001 3235 constabat
1043 3198 1076 3237 e
1123 3179 1243 3235 sale
1286 3190 1346 3235 et
1389 3178 1629 3237 lentibus
1677 3178 1848 3254 (Plut.
1896 3179 2086 3235 Crass.
2125 3181 2251 3258 19),

210 3264 368 3331 ovis,
402 3263 617 3320 lustrali
650 3263 777 3321 cibo
807 3263 947 3335 (Iuv.
978 3262 1095 3336 Ι.Ι.)
1115 3307 1131 3333 ,
1166 3265 1287 3320 sim.
1307 3306 1323 3333 ,
1357 3275 1417 3321 et
1445 3263 1515 3321 ad
1547 3283 1743 3340 rogum
1776 3264 1863 3321 vel
1895 3264 1948 3321 in
1977 3265 2253 3342 sepulcris

210 3347 636 3427 apponebatur,
697 3348 791 3405 ubi
851 3349 1039 3406 talium
1095 3350 1368 3427 reliquiae
1429 3351 1786 3406 inveniuntur
1832 3347 1921 3417 (R.
1956 3348 2257 3420 Rochette,

210 3436 383 3513 antiq.
427 3432 609 3491 ehu-eu.
655 3432 728 3491 IlI
758 3454 810 3509 p.
851 3436 969 3495 148
1000 3440 1182 3513 sqq.),
1229 3435 1435 3491 nemini
1479 3435 1789 3492 mortalium
1835 3432 2154 3511 tangenda,
2199 3436 2254 3492 in

208 3539 372 3598 quam
401 3538 510 3576 non
544 3520 650 3575 nisi
682 3518 1043 3576 abiectissimi
1077 3530 1133 3577 et
1162 3520 1512 3596 rapacissimi
1545 3539 1738 3577 manus
1768 3520 2125 3588 inferebant,
2171 3521 2251 3579 cf.

210 3604 452 3663 Gutber.
500 3601 572 3662 de
612 3605 733 3662 iure
772 3606 1009 3662 manium
1039 3603 1081 3672 1,
1108 3608 1212 3666 26.
1261 3604 1626 3662 Kircbmauu.
1671 3602 1742 3662 de
1774 3606 1889 3662 fun.
1928 3605 2025 3676 IV,
2051 3611 2091 3665 4
2123 3626 2249 3685 sqq.

208 3690 412 3749 Altera
439 3688 658 3766 epulum
689 3689 826 3758 fuit,
868 3687 1016 3769 quod
1062 3690 1262 3748 funere
1301 3700 1538 3768 peracto
1584 3690 1778 3747 amicis
1820 3701 1880 3747 et
1906 3693 2253 3749 necessariis

211 3773 464 3833 defuncti
509 3773 846 3852 parabatur,
904 3773 1093 3853 idque,
1139 3794 1250 3853 quo
1292 3777 1469 3851 magis
1515 3772 1758 3833 heredes
1806 3778 2008 3834 mortui
2056 3776 2255 3834 honori

210 3857 549 3929 studebant,
602 3879 671 3916 eo
715 3859 916 3917 lautius
968 3870 1027 3917 et
1068 3859 1412 3918 luxuriosius
1455 3860 1870 3931 instruebatur3
1930 3860 2057 3940 quid
2107 3860 2254 3939 quod

210 3943 355 4003 baud
397 3964 530 4002 raro
576 3944 779 4021 populo
823 3946 1089 4004 universo
1135 3946 1336 4024 epulae
1370 3945 1639 4004 funebres
1672 3943 1980 4019 dabantur,
2020 3948 2096 4004 cf.
2131 3948 2252 4005 Liv.

209 4030 356 4100 VIII,
388 4034 492 4091 22.
526 4029 795 4098 XXXIX,
823 4034 926 4091 46.
960 4030 1078 4088 Cic.
1112 4051 1165 4107 p.
1195 4029 1340 4088 Mur.
1372 4034 1475 4101 36,
1503 4035 1603 4092 75.
1639 4029 1797 4090 Suet.
1825 4030 1990 4089 Caes.
2022 4036 2123 4093 26.
2151 4036 2255 4093 38.

214 4114 317 4174 1)ἰο
351 4116 417 4174 C.
456 4114 585 4185 XL,
609 4118 711 4176 49.
743 4114 976 4186 LXVII,
1002 4119 1061 4178 9.
1095 4116 1459 4175 Kircbmann.
1492 4116 1530 4174 l.
1559 4117 1595 4175 Ι.
1627 4116 1722 4185 IV,
1746 4124 1806 4178 5.
1857 4117 1997 4175 Tale
2033 4118 2254 4195 epulum
