2764 4738
530 419 664 487 274
997 420 1263 485 scum..
1310 420 1417 484 AD
1451 420 1621 484 sA'r.
1665 420 1713 495 1,
1748 425 2127 486 ito—115.

534 604 598 655 et
622 592 911 655 Iuvenalis
940 598 995 654 ¹:

834 676 1123 738 Maneant
1137 721 1157 749 ,
1191 680 1300 756 qui
1322 680 1560 756 nigrum
1592 680 1652 736 iu
1684 679 1945 738 candida
1973 686 2240 737 metat.

708 768 851 826 111.
895 765 1093 840 Euge.
1143 763 1300 824 Haec
1332 783 1467 843 pars
1497 764 1771 823 orationis
1807 774 1900 823 est
1927 763 2077 821 laus.

708 853 854 910 112.
902 851 1028 908 Hoc
1067 851 1239 908 iuvat
1252 892 1274 920 ,
1320 848 1457 921 hic,
1509 850 1743 926 inquis,
1792 859 1949 907 veto.
2013 846 2241 926 Inquis‚
2289 841 2447 924 quod
2491 845 2599 905 boc

534 932 786 995 delectet
832 952 1002 994 aures
1045 952 1275 1005 eorum,
1319 945 1384 993 ut
1427 936 1725 994 veritatem
1767 953 1876 992 non
1925 931 2176 992 audiant.
2247 929 2313 990 Si
2356 932 2438 989 ita
2485 941 2598 1002 est,

533 1021 830 1079 consentio
875 1031 937 1079 et
978 1038 1090 1097 ego
1129 1019 1405 1078 voluntati
1450 1024 1582 1078 tuae
1627 1037 1816 1098 aeque
1858 1016 2042 1078 audeo
2087 1018 2343 1077 carmina
2392 1027 2496 1075 tua
2542 1017 2597 1075 ia

535 1125 811 1186 quoquam
842 1104 1080 1174 vitiare,
1127 1125 1238 1163 non
1271 1106 1498 1165 veritati
1528 1102 1632 1163 scd
1661 1105 1932 1163 voluntati
1967 1115 2097 1162 tuae
2129 1103 2499 1171 inserviens,
2541 1111 2603 1160 ut

534 1192 748 1268 pueris,
783 1208 855 1249 ne
886 1190 939 1248 in
974 1189 1099 1248 loco
1129 1208 1299 1249 sacro
1329 1190 1670 1260 micturiunt,
1699 1190 1964 1267 anguium
1987 1191 2210 1268 pictura
2242 1188 2458 1247 terrori
2488 1198 2602 1246 est.

534 1275 691 1353 Ergo
723 1286 834 1333 tam
866 1272 1051 1334 valide
1085 1272 1431 1333 interdicunt
1458 1272 1703 1345 divites,
1732 1294 1807 1334 ne
1837 1278 2260 1352 vituperentur,
2303 1292 2477 1352 quam
2508 1273 2605 1351 qni

535 1361 777 1440 aliquem
824 1360 1006 1418 locum
1066 1360 1228 1419 urina
1279 1360 1549 1419 infectum
1595 1360 1755 1420 olere
1806 1361 2003 1419 nolunt
2055 1368 2118 1419 et
2162 1360 2407 1436 pingunt
2454 1354 2602 1417 daos

535 1456 842 1524 serpentes
872 1446 1029 1504 iuxta
1058 1446 1513 1505 consecrationis
1555 1443 1994 1505 similitudinem.
2168 1445 2368 1503 Fet-vit
2406 1444 2605 1521 prisea

536 1528 945 1591 cousuetudine
977 1528 1117 1589 dixit
1148 1527 1490 1609 profeciat.
1669 1532 1898 1590 oletum
1920 1575 1939 1602 ,
1988 1530 2170 1589 locum
2204 1527 2501 1607 putidum,
2545 1530 2604 1587 ia

536 1636 648 1696 quo
693 1615 881 1675 solent
925 1617 1085 1694 pueri
1127 1616 1405 1693 mingere.
1585 1610 2068 1697 Ἀλληγορικῶς,
2126 1615 2260 1673 uolo
2304 1633 2399 1674 me
2444 1615 2603 1694 qais-

536 1720 701 1781 quam
733 1702 1036 1780 vituperet.
1083 1699 1187 1761 Hic
1218 1702 1379 1780 quasi
1411 1698 1666 1761 secunda
1703 1719 1950 1779 persona
1981 1701 2253 1780 loquitur.

713 1791 860 1849 113.
920 1787 1109 1864 Pinge
1170 1788 1317 1845 duos
1365 1804 1633 1864 angues,
1695 1785 1801 1845 sul)
1861 1786 2056 1865 specie
2107 1785 2449 1863 religionis,
2504 1785 2601 1864 qni

536 1875 754 1932 meiere
784 1871 1043 1931 volentes
1075 1882 1483 1932 summoveant.
1527 1870 1655 1931 Mos
1681 1881 1828 1942 erat,
1860 1882 1924 1931 ut
1951 1870 2265 1931 tabernarii
2296 1871 2602 1949 cupientes

538 1970 761 2017 terrere
794 1975 1035 2035 pueros,
1111 1976 1182 2016 ue
1227 1957 1550 2034 mingerent
1592 1975 1697 2036 per
1736 1958 2040 2017 stationum
2070 1975 2300 2017 suarum
2332 1956 2602 2034 angulos,

537 2044 839 2122 pingerent
881 2060 1052 2122 supra
1079 2040 1221 2101 duos
1252 2061 1507 2120 angues,
1556 2039 1761 2103 deinde
1807 2041 2220 2103 interdicerent
2264 2042 2602 2102 micturien-

539 2128 722 2198 tibus‚
774 2125 1147 2187 ostendentes
1177 2128 1513 2205 religionem
1545 2128 1679 2188 loci.-
1721 2126 1837 2187 Per
1868 2126 2015 2208 quod
2047 2124 2317 2207 designat
2347 2146 2603 2186 sacrum.

541 2214 814 2287 Quoniam
837 2218 898 2282 2,
945 2214 1157 2292 inquit,
1201 2214 1365 2292 pueri
1410 2214 1459 2272 si
1503 2211 1731 2272 videant
1773 2214 1956 2291 pictos
2002 2211 2324 2284 dracones,
2372 2232 2605 2273 sacrum

538 2299 723 2358 locum
753 2298 1140 2358 existimantes
1169 2297 1426 2377 mingere
1457 2299 1570 2359 illie
1601 2299 1942 2372 cessabunt,
1987 2300 2068 2358 ita
2096 2298 2262 2369 volo,
2316 2309 2383 2358 ut
2410 2298 2605 2358 nullas

539 2394 712 2463 poeta
739 2384 915 2443 faciat
943 2383 1187 2456 oletum,
1220 2383 1278 2443 id
1308 2396 1398 2444 cst
1442 2387 1677 2444 satiram
1697 2427 1716 2456 ,
1762 2384 1910 2464 apud
1944 2404 2051 2444 me.
2110 2384 2606 2445 Tabes-uariorum

540 2488 682 2614 «ἐι-39
712 2469 975 2549 exemplo
1004 2470 1323 2572 interrogat
1351 2471 1622 2531 amicumz
1661 2470 1765 2530 vis
1795 2491 1831 2529 a
1861 2487 1949 2530 me
1982 2470 2261 2531 neminem
2294 2468 2608 2530 maledici?

580 2573 739 2615 estne
757 2595 776 2624 ,
807 2573 955 2633 quac
985 2566 1122 2614 vitta
1151 2575 1264 2614 uon
1294 2575 1329 2613 o
1369 2566 1589 2627 orteat,
1619 2566 1879 2634 tangere.

717 2643 857 2702 114.
919 2641 1128 2699 Secue‘t
1180 2576 1452 2700 Lucill'ius
1505 2642 1728 2701 urbem.
1804 2638 1952 2714 Quid
1997 2642 2183 2718 ergo?
2256 2636 2427 2712 Quod
2472 2639 2602 2699 aliis

540 2727 727 2796 licuit,
757 2725 889 2783 mihi
921 2745 1033 2784 uon
1063 2725 1297 2786 licebit?
1341 2726 1513 2788 Certe
1544 2728 1819 2798 novimus,
1853 2725 2127 2785 Lucilium
2155 2725 2212 2784 in
2242 2724 2389 2784 urbe
2421 2723 2605 2784 Roma

545 2810 996 2889 satirographum
1056 2812 1134 2870 ita
1190 2812 1472 2871 invectum
1520 2831 1654 2872 esse
1698 2814 1757 2871 in
1798 2812 1971 2883 vitia,
2033 2820 2095 2870 ut
2138 2808 2442 2870 videretur
2490 2830 2604 2869 non

540 2916 732 2956 mores
776 2897 1103 2975 carpsisse,
1162 2894 1266 2956 sed
1311 2895 1567 2956 homiues
1610 2897 1945 2957 vulnerasse
1991 2906 2055 2956 et
2095 2914 2363 2955 necasse.
2442 2895 2604 2967 Quos

542 2983 688 3043 enim
735 3000 846 3040 uon
891 2982 1235 3060 vituperavit
1262 2993 1325 3042 et
1351 2983 1610 3041 vitiavit?
1666 2980 1977 3042 Considera
2020 2983 2292 3060 Lupum,
2340 2982 2604 3040 Matium

541 3077 604 3128 et
641 3067 786 3125 alios
830 3086 1103 3146 proceres
1147 3078 1380 3128 nostrae
1423 3067 1792 3146 reipublicae.
1864 3067 1991 3128 Nec
2046 3076 2234 3126 tamea
2290 3067 2347 3126 ei
2405 3068 2607 3126 nocuit

540 3150 836 3213 iracundia
865 3153 1273 3224 laceratorum,
1319 3150 1423 3214 sed
1473 3154 1703 3232 profuit.
1769 3153 1854 3212 Ita
1884 3163 2072 3212 autem
2114 3154 2373 3211 invectus
2407 3153 2522 3211 fuit
2548 3154 2607 3211 ia

540 3239 681 3297 vitia
733 3238 905 3298 nimio
960 3238 1157 3298 furore
1211 3236 1539 3300 iracundiae
1593 3236 1793 3312 datus,
1841 3248 1906 3298 ut
1948 3238 2249 3316 frangeret
2288 3238 2607 3315 genuinum

541 3324 788 3382 illorum.

718 3412 861 3470 115.
913 3408 1213 3466 Genuinus
1245 3409 1474 3486 proprie
1506 3406 1670 3479 dens,
1701 3409 1795 3488 qai
1825 3406 1928 3467 sub
1957 3408 2122 3485 genis
2152 3417 2276 3477 est,
2306 3407 2404 3485 qni
2436 3405 2605 3467 simul

539 3513 663 3553 cum
693 3491 919 3552 homine
953 3493 1205 3552 nascitur
1233 3503 1294 3553 et
1323 3512 1436 3554 una
1465 3513 1592 3554 eum
1621 3512 1695 3553 eo
1723 3494 1954 3564 interit,
1986 3493 2079 3571 qui
2108 3489 2254 3551 dens
2284 3511 2320 3551 a
2354 3490 2605 3552 Graecis

544 3573 949 3660 σωφρονητήρ
982 3582 1009 3618 ³
1062 3587 1318 3638 vocatur.
1401 3578 1512 3639 Vel
1566 3576 1769 3640 dentes
1828 3577 2203 3638 veliementer
2265 3575 2603 3637 mordentes

536 3665 793 3740 genuini
820 3660 1100 3737 dicuutur,
1133 3682 1273 3743 quos
1305 3663 1511 3725 Graeci
1543 3658 1911 3735 κυνόδοπας
1936 3663 2247 3744 appellant.
2289 3661 2411 3723 Alii
2445 3664 2603 3725 eius-

544 3831 569 3886 1
611 3831 723 3883 luv.
761 3829 848 3894 111,
882 3831 969 3883 30.

542 3901 577 3954 2
614 3899 742 3963 Les.
780 3899 1244 3966 quemadmodum.

540 3968 574 4021 3
608 3967 736 4033 Les.
773 3964 1166 4038 σωφρονιστήρ.
1206 3969 1377 4022 Gloss.
1416 3968 1480 4020 Η.
1520 3968 1700 4035 Steph.
1740 3985 1789 4038 p.
1820 3967 1920 4021 66:
1968 3967 2109 4018 Deus
2140 3968 2452 4032 genuinus,
2502 3983 2603 4016 oao-

610 4033 904 4157 Ξςονιστὴρ
954 4029 1134 4093 odonis.
1186 4054 1236 4105 p.
1280 4038 1407 4092 1012
1460 4036 1724 4103 Genutm',
1773 4034 2223 4108 σωφρονιοεῆρες.
2274 4034 2598 4102 δοκέωσι,

682 4123 777 4158 ovs

697 4102 708 4121 '
778 4122 816 4156 α
845 4099 1037 4171 μύλην.

513 4495 666 4636 ἰ
