2764 4738
882 424 1615 495 PROLBGOMENA.
2057 450 2279 498 cxxxv

213 600 401 666 hono
432 597 602 664 inter
626 598 911 664 animalia
940 610 1175 679 teneat,
1209 601 1478 686 cogitat,
1525 610 1635 667 aut
1663 595 1813 685 (111,
1845 598 1962 685 84)
1992 603 2278 668 mnndum

216 703 296 769 dc
338 698 537 767 nihilo
577 703 803 767 factum
846 722 986 767 ease
1029 714 1092 768 et
1134 702 1198 767 in
1238 702 1494 768 nibilum
1548 704 1857 768 redactum
1915 704 1990 768 iri
2043 716 2288 783 monet,-

218 816 435 891 aperte
481 804 906 870 demonstrant
944 805 1207 890 vestigia
1257 805 1570 870 doctrinae
1623 804 2029 885 christianae,
2083 828 2122 872 a
2166 826 2282 890 qua

222 922 361 973 enm
394 917 670 972 cetu-uun
698 906 1041 985 abstineat,
1070 902 1169 970 his
1197 906 1350 972 locis
1378 907 1551 991 quasi
1580 917 1799 993 sponte
1829 926 1898 973 se
1927 908 2117 973 menti
2148 909 2288 973 eius

224 1008 530 1094 praebuit.
598 1006 834 1073 Eodem
876 1007 1303 1087 referendum,
1361 1009 1520 1094 quod
1574 1007 1692 1091 (V,
1728 1007 1882 1091 180)
1924 1009 2000 1075 de
2044 1006 2290 1074 Ποῖα-ι

224 1110 493 1177 dian-is
551 1108 841 1189 tradidit,
918 1128 1171 1196 quornm
1228 1111 1505 1175 notitiam
1565 1131 1648 1176 ex
1704 1131 1868 1176 novo
1921 1119 2287 1176 testamento

227 1212 443 1278 hahuit
504 1211 620 1297 (cf.
683 1210 953 1293 Winer,
1014 1212 1179 1280 Bibl.
1240 1212 1697 1279 Realwiirterb.
1760 1210 1793 1277 l
1850 1234 1912 1300 p.
1960 1210 2088 1278 572
2113 1212 2283 1297 sq.);

227 1315 433 1381 veteri
493 1312 675 1381 alicui
734 1316 1130 1399 grammatico
1187 1337 1296 1382 cos
1355 1326 1537 1380 notos
1593 1315 1825 1394 fuisse,
1897 1314 2060 1380 band
2126 1316 2290 1381 veri-

226 1418 428 1483 simile
480 1427 603 1481 est.

401 1515 590 1600 Quod
634 1518 690 1582 ai
731 1518 866 1601 quis
908 1517 1095 1597 baec,
1152 1538 1309 1603 quac
1352 1519 1699 1605 speciminis
1754 1517 1955 1603 grafia
2014 1516 2289 1582 exhibita

228 1629 408 1697 sunt,
457 1629 769 1703 totamque
800 1619 1216 1685 commentarii
1246 1620 1515 1686 indolem
1557 1619 2080 1697 consideraverit,
2127 1638 2290 1685 sum-

231 1740 389 1783 man
431 1720 575 1785 veri
616 1719 882 1804 speciem
922 1721 1148 1788 habere
1192 1723 1532 1800 concedet,
1593 1738 1733 1787 esse
1777 1738 1914 1785 eum
1957 1719 2033 1783 ab
2077 1720 2290 1783 eodem

232 1818 522 1886 commo
567 1821 902 1907 codemque
941 1833 1216 1909 tempore
1267 1824 1641 1908 profectum,
1688 1822 1789 1905 qui
1832 1821 1899 1885 in
1941 1817 2290 1886 Iuvenalem

231 1922 709 1989 commentatios
765 1925 1152 2009 conscripsit.
1240 1922 1304 1990 ls
1359 1934 1571 2011 postea
1628 1924 1866 1988 demum
1921 1922 2033 1986 An
2052 1939 2293 1986 naeus

232 2036 493 2091 vocatus
538 2035 639 2091 est
678 2025 755 2090 ab
794 2025 908 2105 iis,
955 2028 1058 2111 qui
1100 2027 1177 2091 de
1220 2036 1619 2113 praeceptore
1671 2023 1877 2091 Persii
1920 2025 2289 2109 cogitarunt,

235 2146 371 2192 enm
402 2126 654 2192 obscnn'
683 2127 846 2193 iliius
874 2129 1191 2214 scriptoris
1221 2129 1444 2194 nullam
1475 2127 1751 2193 notitiam
1780 2126 2101 2192 baberent.
2137 2121 2292 2189 Cum

232 2249 388 2296 vero
419 2229 487 2293 in
517 2248 596 2294 eo
623 2229 1009 2315 reperiantur
1037 2231 1329 2316 quaedam
1350 2277 1371 2310 ‚
1418 2249 1573 2316 quac
1610 2250 1649 2294 a
1692 2228 2081 2315 grammatico
2111 2228 2292 2311 longe

232 2332 585 2417 antiquiore
629 2350 703 2397 ac
748 2331 1023 2400 doctiore
1063 2340 1229 2398 orta-
1258 2332 1425 2412 sint,
1476 2332 1788 2417 quaeritur
1828 2331 2180 2415 quibusnam
2213 2352 2297 2395 ex

237 2434 513 2500 sontibus
559 2455 633 2500 ea
675 2434 889 2501 bansta
930 2436 1079 2502 sint.
1146 2435 1305 2501 Aliis
1336 2434 1584 2501 scholiis
1613 2446 1795 2519 atque
1827 2435 1989 2499 notis
2019 2455 2088 2499 se
2118 2451 2289 2498 usum

237 2556 383 2603 esse
428 2539 564 2623 ipse
603 2537 839 2602 indicat
879 2534 1230 2616 Cornutus,
1286 2558 1422 2602 cum
1469 2535 1624 2621 baud
1667 2555 1811 2601 raro
1856 2538 2124 2600 aliorum
2152 2556 2295 2601 sen-

237 2641 471 2705 tentias
503 2650 570 2705 et
598 2640 1043 2727 explicationes
1072 2639 1289 2705 afferat
1313 2636 1401 2722 (Ι,
1433 2637 1541 2706 75.
1572 2636 1684 2703 99.
1719 2635 1867 2702 103.
1896 2636 2041 2703 134.
2076 2635 2160 2716 11,
2184 2635 2290 2703 36.

236 2740 352 2806 ⁴8.
386 2737 497 2805 56.
544 2737 663 2822 111,
695 2740 803 2807 31.
852 2736 937 2821 V,
968 2742 1083 2825 9),
1144 2742 1221 2808 de
1266 2741 1480 2827 quibus
1524 2752 1730 2806 tamen
1785 2742 2127 2807 accuratius
2171 2753 2299 2804 non

241 2846 467 2909 refert.

417 2943 693 3009 Primum
751 2954 954 3009 autem
1008 2943 1074 3009 in
1115 2943 1632 3029 hecquaestione
1672 2945 1871 3011 locum
1915 2943 2099 3008 habet
2139 2942 2301 3008 vita

244 3046 568 3128 Persii,
630 3067 784 3131 quae
828 3047 893 3111 in
944 3046 1259 3112 codicibus
1315 3047 1762 3113 recentioribus
1822 3059 1887 3113 et
1941 3045 2301 3110 editionibus

247 3147 575 3229 Cornuto,
636 3149 808 3214 euius
855 3149 1291 3215 commentario
1341 3150 1675 3234 praemissa
1716 3160 1848 3226 est,
1914 3148 2297 3213 adscribitur.

245 3249 349 3319 Ea
391 3272 428 3315 a
472 3252 784 3338 permultis
814 3252 1053 3336 quidem
1096 3249 1248 3317 VV.
1296 3249 1440 3316 DD.
1490 3248 1887 3317 Suetonio
1932 3239 2226 3315 tribuitur¹
2257 3260 2300 3328 ¹,

247 3354 426 3420 nulla
453 3355 572 3418 alia
604 3355 678 3419 de
710 3375 892 3419 eausa
912 3401 933 3434 ‚
986 3374 1162 3437 quam
1206 3353 1366 3437 quod
1412 3354 1664 3419 aliorum
1695 3354 2064 3437 quorundam
2094 3364 2305 3438 pocta—

248 3479 387 3523 rum
419 3457 581 3522 vitae
613 3456 690 3520 ad
721 3476 857 3519 eum
888 3467 1199 3540 auctorem
1230 3457 1626 3534 referuntur,
1674 3468 1956 3540 tanquam
2000 3454 2201 3538 operis
2231 3453 2306 3523 dc

250 3560 452 3647 poetis
498 3559 703 3624 tenuia
750 3569 814 3622 et
856 3558 1062 3622 lacera
1104 3560 1466 3641 fragmenta.
1538 3556 1773 3623 Verum
1819 3558 1971 3622 haec
2002 3557 2307 3620 sententia

252 3685 391 3728 cum
421 3662 485 3726 in
520 3661 869 3725 universum
902 3660 1077 3724 dubia
1108 3682 1224 3726 nee
1254 3681 1338 3724 ex
1386 3661 1549 3724 omni
1590 3671 1762 3746 parte
1807 3662 1976 3724 firma
2017 3659 2135 3738 sit,
2187 3668 2306 3722 tum

252 3767 317 3830 in
363 3774 578 3829 nostra
623 3763 788 3827 omni
834 3774 1006 3827 caret
1047 3762 1478 3840 fundamento,
1539 3782 1612 3828 ea
1674 3764 1829 3827 enim
1888 3781 2188 3845 nunquam
2249 3762 2310 3825 in

259 3920 286 3976 1
344 3917 410 3972 G.
449 3918 700 3971 Bnrtbins
742 3917 908 3971 Advv.
957 3916 1055 3982 ΧΙ,
1107 3918 1208 3971 2⁷2
1280 3915 1466 3969 Extat
1496 3917 1681 3969 Persii
1731 3921 1883 3981 vita,
1935 3932 2096 3984 quam
2143 3932 2242 3982 ego
2277 3934 2313 3967 a

326 3990 591 4041 Suetonio
625 3991 895 4053 scriptam
935 3991 1051 4039 suis
1086 3986 1151 4038 de
1185 3990 1365 4037 causis
1415 3990 1703 4052 existimo,
1746 4002 2032 4054 perperam
2077 3986 2311 4037 relatam

326 4058 911 4179 cgrxnmentatonm
949 4057 1104 4109 illum
1121 4090 1143 4119 ,
1179 4059 1297 4140 siue-
1324 4054 1565 4108 Amaeoum
1580 4091 1605 4119 ,
1639 4059 1750 4108 sive
1785 4071 1970 4116 secus,
2009 4054 2310 4143 Cornutum
