2764 4738
769 432 1034 502 scum..
1064 433 1174 497 AD
1204 434 1372 498 SAT.
1404 436 1474 510 11,
1504 439 1808 502 aiv—48.
2182 433 2312 502 287

253 605 365 666 Vel
411 614 611 665 tuceta
656 602 917 667 dicuntur
962 606 1121 678 loca,
1197 607 1252 665 in
1309 605 1510 688 quibus
1571 618 1775 667 musae
1828 625 2033 667 earnes
2092 628 2311 688 ponun-

255 701 347 750 tnr
385 697 428 750 ¹.
558 689 767 752 lterum
800 693 920 771 agit
948 689 1020 751 de
1054 692 1332 750 hominnm
1363 693 1747 771 optationilma
1768 734 1786 765 ‚
1819 712 1943 752 cnm
1973 702 2205 771 petant,
2248 705 2312 754 nt

253 778 436 836 fortes
467 777 581 835 sint
610 796 854 854 corpore
873 818 892 849 ,
923 787 985 836 et
1015 774 1214 837 eadem
1247 776 1518 838 fortitudo
1543 797 1724 859 usque
1759 789 2096 857 perseveret
2125 781 2180 838 iu
2212 799 2308 840 ae-

252 871 513 932 nectam,
543 860 646 921 sed
678 862 788 922 hoc
819 882 856 922 a
884 861 991 922 diis
1024 883 1133 921 non
1164 873 1354 940 potest
1382 863 1656 936 concedi,
1690 862 1819 923 dum
1849 862 2094 945 quotidie
2128 866 2308 944 ipsum

253 965 463 1026 eorpus
494 947 726 1025 crapula
758 949 1154 1026 corrumpitur.

424 1035 529 1094 43.
574 1035 881 1111 Iovemque
910 1042 1224 1093 morantur
1238 1076 1260 1104 ,
1303 1031 1359 1092 id
1392 1043 1479 1092 est
1509 1053 1543 1090 a
1575 1032 1847 1093 beneficis
1878 1035 2148 1095 retinent.

428 1121 537 1178 44.
585 1120 723 1177 Rem
751 1128 988 1177 struere
1019 1128 1267 1195 exoptas
1299 1136 1468 1177 caeso
1500 1119 1640 1177 bove
1661 1161 1680 1190 ,
1731 1116 1787 1177 id
1818 1130 1942 1192 est,
2001 1120 2306 1181 sacrificio.

249 1200 374 1262 Hoc
419 1200 588 1261 dicit:
638 1201 783 1262 Sunt
825 1204 952 1275 alii,
997 1204 1091 1283 qui
1137 1214 1377 1281 poscunt
1420 1203 1527 1263 sibi
1572 1205 1910 1282 patrimonia
1950 1208 2151 1283 augeri
2191 1226 2307 1266 non

247 1289 373 1347 sine
405 1286 629 1359 damno,
662 1299 722 1348 et
751 1299 1015 1367 petentes
1046 1286 1291 1360 divitiae,
1330 1290 1437 1367 ipsi
1470 1290 1625 1366 priua
1655 1288 1982 1368 impendunt
2008 1292 2306 1351 sacrificiis

249 1370 508 1432 deorum.
569 1372 642 1432 Et
680 1374 828 1434 bene
873 1371 947 1433 ad
990 1371 1253 1433 invidiam
1284 1393 1456 1433 caeso
1488 1375 1631 1433 bove
1659 1372 1829 1447 dixit,
1874 1377 2038 1457 quasi
2067 1388 2307 1437 auctore

248 1459 337 1516 rei
369 1457 698 1532 familiaria,
746 1460 967 1527 cultura
997 1460 1145 1519 enim
1176 1458 1377 1519 bovum
1410 1457 1693 1519 ditescunt
1714 1460 1989 1522 homines.
2135 1464 2305 1521 Mer-

249 1545 418 1602 curio
461 1541 595 1603 ideo
639 1504 779 1603 dixit
823 1544 1160 1604 sacrificium
1193 1545 1424 1617 facere,
1469 1542 1616 1624 quod
1647 1543 1787 1606 deus
1819 1558 1911 1606 est
1939 1547 2117 1619 lucri,
2164 1567 2307 1628 quo-

248 1626 415 1688 modo
447 1648 621 1709 supra
659 1634 685 1669 2
712 1627 856 1689 dixit
885 1630 1220 1690 Herculem.

1432 1725 1493 1776 et
1519 1736 1551 1775 ο
1584 1735 1639 1773 st

508 1800 637 1858 Sub
667 1809 872 1859 rastro
902 1811 1110 1880 crepet
1135 1801 1381 1878 argenti
1404 1801 1553 1860 mila·
1572 1803 1736 1861 seria
1768 1802 1980 1861 dextro

513 1886 795 1945 Hercule.

252 1964 372 2029 Sed
400 1969 555 2029 illum
584 1969 726 2030 dixit
755 1969 1072 2030 absconditi
1103 1971 1245 2032 lucri
1275 1991 1408 2032 esse
1437 1970 1796 2050 praesidem,
1826 1970 2170 2032 Mercurium
2201 1994 2306 2035 au·

251 2065 366 2115 tem
412 2053 691 2115 evidentis
737 2056 899 2116 lucri.
1071 2059 1212 2119 Rem
1251 2067 1491 2116 struere
1535 2067 1803 2136 exoptat.
1868 2058 2008 2117 Dum
2042 2071 2304 2138 exoptas,

246 2151 311 2199 nt
353 2143 591 2218 negotia
633 2151 731 2200 tua
785 2142 1153 2221 impleantur,
1213 2141 1501 2202 Mercurio
1560 2143 1852 2202 sacrificas
1898 2164 2070 2203 caeso
2134 2145 2302 2217 bov,e

249 2224 485 2296 dicens,
529 2236 591 2285 ut
621 2226 958 2304 locupletior
987 2228 1296 2300 efficiaris,
1340 2239 1402 2287 et
1444 2228 1717 2307 gregilma
1762 2230 1871 2288 tuis
1903 2230 2148 2289 feturam
2181 2230 2303 2309 ple-

249 2312 375 2372 nius
421 2310 649 2372 tribuat.
711 2312 817 2373 Cui
862 2312 1206 2373 Mercurium
1253 2311 1467 2374 inducit
1521 2302 1995 2393 respondentem·
2044 2315 2166 2389 Qua
2209 2335 2306 2377 ra-

247 2400 404 2457 tione
437 2397 581 2458 haec
612 2398 711 2458 tibi
744 2400 1107 2476 contingant,
1154 2419 1278 2458 cum
1310 2398 1559 2480 quotidie
1589 2400 1830 2473 vitulas,
1883 2421 2029 2481 quae
2060 2412 2306 2481 poasent

248 2502 486 2562 gregem
517 2484 927 2563 multiplicare,
959 2482 1236 2544 occidas?

421 2573 529 2630 45.
584 2571 680 2629 Da
695 2567 1028 2647 fortunare
1048 2580 1338 2649 penates,
1373 2568 1430 2629 id
1460 2580 1581 2641 est,
1614 2571 1935 2631 fortunatos
1967 2572 2186 2632 facere.

424 2658 529 2716 46.
583 2656 708 2730 Quo
731 2655 986 2733 pessime
1006 2665 1211 2733 pacto.
1258 2654 1362 2714 Hic
1395 2657 1558 2735 quasi
1586 2655 1905 2715 Mercurius
1935 2655 2301 2734 respondeat.

252 2738 377 2811 Quo
423 2750 595 2819 pacto
641 2759 868 2819 possum
912 2759 1129 2818 augere
1171 2760 1291 2799 rem
1337 2751 1523 2811 tuam,
1567 2760 1693 2799 cum
1726 2741 1867 2813 hoc,
1922 2739 2070 2819 quod
2102 2741 2301 2815 habes,
2349 2737 2353 2741 ’

251 2843 551 2884 consumas
585 2835 645 2885 et
675 2823 974 2904 disperdas
1004 2825 1222 2884 hostias
1253 2823 1563 2885 faciendo?
1618 2825 1730 2886 Vel
1777 2837 1937 2886 certe
1979 2825 2213 2886 Persius
2245 2829 2302 2886 in

253 2928 380 2970 eum
411 2908 771 2988 indignatur,
811 2910 903 2970 vel
933 2911 1233 2971 invehitur.

423 3000 529 3057 47.
575 2997 841 3055 Ium‘cum
887 3006 1075 3055 autem
1119 2998 1198 3055 ait
1256 2997 1644 3055 iuvencarum.
1720 2996 2000 3055 lumi-eff
2041 2994 2303 3056 dicuntur

250 3090 438 3140 aetate
470 3079 770 3141 viridiores
801 3101 1051 3153 vaccae,
1086 3082 1238 3141 inter
1265 3081 1472 3141 vitulas
1503 3090 1562 3141 et
1594 3097 1823 3140 vaccae.
1872 3083 2105 3141 Ium'ces
2136 3082 2303 3141 femi-

249 3185 357 3226 nae
377 3206 396 3236 ,
441 3166 681 3224 iuvenci
703 3166 936 3226 masculi
968 3163 1253 3229 dicuntur.
1431 3166 1664 3225 lunico:
1704 3177 1892 3226 autem
1923 3164 2185 3226 dicuntur
2212 3177 2303 3226 te-

249 3269 426 3310 nerae
458 3253 664 3311 aetatis
693 3250 907 3322 hoves,
939 3271 1085 3331 quae
1117 3253 1225 3311 iam
1258 3262 1561 3312 cesserunt
1587 3252 1813 3324 vitulis,
1844 3250 2081 3311 necdum
2111 3261 2301 3311 tamen

249 3334 322 3395 ad
365 3356 633 3394 summam
677 3334 1109 3415 magnitudinem
1157 3348 1565 3416 pervenerunt.
1627 3335 1905 3396 Dicuntur
1934 3349 2121 3397 autem
2152 3356 2185 3396 a
2215 3338 2302 3402 itt-2

248 3421 508 3494 venibus,
538 3419 686 3482 unde
715 3423 1132 3501 comparativus
1156 3423 1360 3494 iunior,
1393 3423 1523 3503 quia
1554 3423 1667 3481 sint
1697 3423 1951 3483 iuniores
1982 3422 2299 3483 iuvenibus.

255 3509 502 3566 omenta
533 3517 720 3566 autem
750 3519 881 3568 aunt
910 3507 1305 3580 membranae,
1349 3526 1496 3587 quae
1527 3518 1661 3567 exta
1691 3509 2001 3568 continent.

423 3612 525 3671 48.
571 3611 856 3669 Attamen
888 3610 987 3668 ln’c
1015 3611 1189 3668 emm.
1250 3608 1410 3669 Bene
1457 3606 1540 3669 ait
1583 3610 1857 3682 vincere,
1907 3607 2053 3691 quod
2098 3629 2301 3689 euper-

249 3695 482 3754 atitione
542 3713 647 3754 sna
707 3693 1014 3755 contendat
1070 3694 1414 3754 Mercurium
1473 3714 1772 3773 superare.
1961 3697 2163 3772 Opima
2224 3696 2303 3753 ait

248 3780 445 3860 pingui
489 3780 582 3839 vel
626 3780 820 3860 pleno.
992 3781 1235 3839 Ferrum
1280 3790 1467 3840 autem
1511 3799 1695 3858 genus
1740 3790 1833 3840 est
1860 3783 2027 3860 panis
2059 3781 2149 3841 vel
2184 3781 2301 3853 libi,

252 3980 277 4034 1
322 3986 506 4033 tuceta
537 3981 798 4034 dicuntur
824 3985 881 4033 in
906 3983 1033 4034 ollis
1055 3988 1247 4034 tunsae
1275 3997 1466 4035 carnee
1498 3998 1597 4035 em.
1629 3982 1834 4036 Marcil.

248 4050 284 4172 5ill
318 4051 893 4188 Elostofiqqsteph.p.
932 4113 1582 4187 127·1αηεω,δάμαλιε.
