2764 4738
871 422 1039 485 SAT.
1069 425 1112 496 1,
1145 428 1227 488 65
1257 459 1340 469 --
1372 427 1476 486 66.
2100 419 2187 488 95

196 597 302 657 237
327 602 429 675 sq.)
457 595 542 656 vel
572 594 777 674 argilla
804 595 927 654 sive
971 595 1199 655 maioris
1244 595 1437 674 operis
1477 602 1758 673 protypou
1791 596 1912 655 sive
1943 594 2182 674 sigillum

192 680 461 758 fingebant,
490 683 722 759 primum
753 682 1135 741 instrumentis
1166 677 1496 760 quibusdam
1528 680 2026 762 (Modellirstdbe)
2057 692 2185 744 ute·

189 765 383 837 baum,
422 785 612 826 verum
656 786 782 826 cum
824 768 936 825 iam
991 785 1176 844 paene
1218 766 1538 844 perfectum
1580 776 1742 824 esset
1783 784 1946 843 opus,
1991 764 2183 845 digitis

188 851 516 910 subtilissima
558 871 819 932 quaeque
865 849 1212 912 elaboranda
1252 861 1440 911 erant.
1558 849 1647 910 Eo
1716 862 1879 910 certe
1937 853 2188 930 pertinet

187 935 312 1016 quod
340 934 472 995 dixit
506 936 837 1017 Polycletus
884 935 1057 1016 (apud
1098 936 1246 996 Plut.
1294 935 1724 1038 Symp.Qu.11
1726 957 1809 1035 p·
1858 940 1983 1000 636
2013 936 2084 995 Β.
2118 936 2184 996 C.

185 1021 245 1081 de
270 1023 407 1100 prof.
433 1024 564 1082 virt.
596 1043 652 1102 p.
683 1026 765 1122 86
811 1022 932 1097 Α.),
971 1016 1386 1102 χαλεπώτατον
1419 1015 1575 1080 εἶναι
1609 1016 1678 1082 τὸ
1713 1015 1914 1121 ἔργον,
1952 1016 2097 1083 ὅταν
2122 1019 2187 1081 ἐν

185 1101 327 1185 ὄνυχι
364 1103 396 1167 ὁ
421 1103 606 1181 πηλὸς
630 1104 888 1185 γένηται.
973 1105 1111 1167 Inde
1161 1107 1330 1165 facile
1376 1117 1569 1185 potest
1595 1107 1865 1186 perspici,
1906 1104 2185 1188 quomodo

183 1210 259 1261 ea,
297 1193 486 1272 quibus
530 1212 744 1252 summa
784 1193 1066 1271 perfectio
1113 1190 1413 1252 tribuenda
1457 1189 1785 1264 videbatur,
1829 1190 1902 1250 ad
1940 1212 2185 1271 unguem

169 1275 320 1353 fieri,
350 1277 436 1337 vel
463 1276 612 1357 quod
642 1278 835 1337 verbis
878 1279 1061 1356 magis
1103 1277 1173 1337 ad
1204 1277 1499 1337 artificium
1541 1288 1767 1357 spectat
1807 1279 1950 1337 duci
1975 1279 2079 1353 (cf.
2109 1277 2184 1349 V,

183 1366 269 1424 ⁴0.
295 1362 405 1422 Iuv.
436 1363 472 1421 l.
505 1366 568 1436 l.)
600 1361 876 1423 dicantur.
950 1363 1294 1443 Quamquam
1323 1382 1499 1441 saepe
1531 1361 1731 1422 dubius
1762 1363 2026 1435 haereas,
2059 1374 2187 1423 utro

184 1447 296 1507 talia
321 1447 620 1508 reserenda
651 1450 785 1519 sint,
814 1450 1152 1527 praesertim
1182 1468 1308 1508 cum
1333 1469 1403 1508 ne
1435 1451 1588 1528 ipsos
1619 1446 1839 1528 quidem
1871 1450 2186 1527 scriptores

181 1530 273 1591 boe
311 1552 532 1612 semper
571 1534 631 1593 in
672 1545 965 1593 numerato
1009 1534 1276 1593 babuisse
1332 1532 1645 1593 videantur.
1728 1531 1859 1592 Alia
1903 1533 2186 1612 exempla,

182 1614 377 1678 Graeca
407 1620 776 1697 potissimum,
817 1640 874 1680 v.
921 1617 1070 1698 apud
1115 1616 1449 1678 Schneider.
1496 1618 1612 1678 lex.
1655 1637 1743 1695 gr.
1777 1618 2080 1699 Wyttenb.
2112 1617 2188 1679 ad

182 1699 307 1761 ΡΙιιι.
333 1702 401 1763 de
431 1706 581 1783 prof.
624 1707 757 1764 virt.
803 1724 859 1783 p.
891 1708 973 1767 86
1002 1704 1076 1764 Α.
1117 1704 1299 1783 Intpp.
1330 1704 1543 1784 Plu-yn.
1589 1724 1645 1784 p.
1677 1708 1800 1768 289
1833 1723 1919 1784 sq.
2008 1704 2083 1765 Ut
2110 1702 2188 1764 ad

181 1799 402 1848 nostrum
449 1792 634 1849 locum
671 1801 957 1861 revertar,
1001 1792 1340 1849 sententiam
1385 1809 1493 1869 per
1530 1808 1595 1849 se
1639 1790 1996 1870 perspicuam
2036 1786 2188 1849 baud

180 1873 248 1931 ita
271 1874 415 1936 clare
444 1874 706 1935 elocutus
736 1886 830 1934 est
859 1886 1049 1954 poeta.
1081 1875 1213 1954 Ipsa
1226 1876 1373 1934 enim
1389 1877 1668 1934 iunctura
1701 1877 1805 1949 (cf.
1842 1873 2048 1935 Seuec.
2066 1875 2186 1949 1.1.)

177 1954 357 2018 dicitur
397 1979 627 2038 ungnes
666 1979 901 2021 severos
942 1961 981 2018 i.
1027 1980 1081 2020 e.
1145 1971 1413 2020 accurate
1467 1960 1855 2021 examinantes
1904 1980 2021 2039 per
2064 1964 2188 2020 leve

177 2041 456 2123 effundere
486 2046 544 2104 b.
575 2065 630 2105 e.
675 2046 934 2106 iunctura
976 2058 1087 2105 tam
1118 2056 1249 2125 apta
1279 2056 1405 2117 est,
1437 2056 1501 2104 ut
1528 2065 1781 2122 ungues,
1811 2044 1939 2104 dum
1971 2048 2188 2107 exami-

177 2141 323 2203 nant,
351 2131 611 2190 labantur
640 2151 814 2210 super
842 2131 1061 2210 planam
1092 2152 1160 2191 ac
1191 2132 1374 2191 levem
1419 2131 1798 2209 superficiem.
1871 2131 1944 2190 V.
1989 2130 2186 2213 effin-

180 2214 301 2273 dere
326 2217 644 2295 explicatur
672 2216 801 2278 loco
834 2216 1095 2277 Senecae
1127 2225 1245 2295 (ep.
1266 2215 1328 2287 C,
1367 2221 1396 2277 1
1430 2235 1485 2294 p.
1519 2219 1602 2278 96
1634 2215 1825 2276 Scbw.
1831 2222 1891 2289 ),
1922 2216 2015 2275 ubi
2049 2216 2188 2277 dicit

179 2296 242 2359 de
280 2303 683 2382 compositione
727 2301 964 2362 Fabiani
1009 2302 1252 2382 Papirii.
1312 2301 1456 2360 Puta
1500 2320 1673 2375 esse,
1741 2300 1890 2384 quod
1936 2301 2078 2364 dicis
2126 2311 2188 2360 et

173 2382 385 2462 efflauit
405 2388 604 2459 verba,
635 2409 745 2447 non
775 2390 931 2471 fingi,
980 2391 1212 2468 primum
1245 2388 1417 2447 babet
1463 2389 1572 2446 ista
1615 2407 1710 2448 res
1757 2409 1913 2447 snam
1943 2389 2183 2466 gratiam

174 2481 230 2528 et
253 2484 335 2532 est
377 2472 554 2534 decor
596 2477 857 2552 proprius
903 2476 1173 2534 orationis
1224 2474 1432 2532 leniter
1470 2472 1687 2552 lapsae.
1744 2472 1884 2534 Illud
1922 2493 2038 2553 per
2061 2476 2184 2533 leve

169 2567 340 2616 autem
383 2570 622 2620 sumtum
675 2559 900 2619 videtur
943 2580 1017 2619 ex
1044 2561 1175 2618 loco
1216 2559 1434 2618 Horatii
1479 2557 1625 2630 (Sat.
1666 2557 1738 2630 11,
1785 2564 1846 2629 7,
1891 2562 1973 2622 86
2033 2564 2182 2638 sq.).

169 2639 337 2703 Tere}
365 2656 537 2724 atque
567 2644 838 2704 rotundus
882 2646 1106 2707 externi
1145 2664 1218 2703 ne
1265 2643 1395 2723 quid
1427 2645 1614 2703 valeat
1634 2663 1751 2723 per
1790 2645 1916 2702 leve
1941 2645 2176 2703 morari.

169 2758 245 2772 —
267 2729 524 2789 Alterum
555 2731 626 2788 ab
657 2742 783 2790 arte
815 2731 1100 2789 fabrorum
1131 2740 1370 2788 sumtum
1402 2740 1524 2802 est3
1568 2740 1630 2788 ut
1659 2729 1714 2787 bi
1745 2731 1891 2789 enim
1923 2730 2183 2807 apposita

170 2814 383 2890 regula,
428 2835 576 2895 quae
615 2835 789 2874 curva
829 2826 1252 2893 cognoverunt,
1293 2813 1608 2874 extendunt
1654 2814 1749 2886 (V,
1782 2818 1888 2887 38)
1932 2825 1991 2873 et
2022 2824 2182 2873 recta

172 2897 382 2970 faciunt,
413 2902 494 2959 ita
523 2910 694 2978 poeta
735 2920 937 2961 versus
980 2913 1174 2961 rectos
1206 2900 1404 2959 facere
1443 2899 1633 2959 callet.
1705 2899 1946 2959 Utuntur
1992 2910 2180 2959 autem

172 2982 298 3043 labri
328 2986 578 3045 funiculo
609 2986 779 3045 rubro
809 2987 1004 3047 colore
1035 2986 1231 3055 oblito,
1264 2985 1543 3056 rubrica,
1590 3004 1735 3065 quae
1768 2980 2001 3058 σπάρτη
2032 2982 2181 3062 apud

172 3065 402 3150 Hesycb.
435 3091 487 3129 s.
518 3091 593 3141 v.,
625 3069 827 3148 φοίνιξ
863 3065 1063 3130 κανών
1104 3069 1249 3149 apud
1280 3069 1607 3148 Euripidem
1641 3070 1835 3144 (Herc.
1884 3070 1996 3128 fur.
2027 3072 2176 3141 945)

172 3167 405 3226 vocatur,
437 3167 499 3216 et
540 3157 690 3216 inter
719 3156 1005 3215 fabrorum
1038 3157 1408 3215 instrumenta
1438 3167 1808 3226 recensetur,
1851 3176 1908 3213 v.
1937 3152 2174 3216 Antbol.

174 3234 271 3299 Pal.
306 3241 403 3311 VI,
456 3244 595 3313 1⁰3,
642 3245 681 3302 5
713 3261 833 3321 σιμ
873 3245 1022 3312 205,
1054 3245 1119 3304 3.
1156 3240 1398 3301 Salmas.
1439 3240 1682 3301 Exercc.
1717 3240 1858 3299 Plin.
1889 3260 1945 3319 p.
1992 3241 2176 3303 1156.

174 3322 314 3396 Quod
342 3326 655 3385 observare
687 3327 840 3398 licet,
881 3327 1107 3397 fabros,
1149 3338 1210 3385 ut
1257 3346 1422 3406 quam
1465 3327 1891 3386 accuratissime
1922 3336 2179 3398 cernant,

173 3427 260 3469 ιιιιο
287 3421 501 3471 tantum
532 3412 697 3471 oculo
713 3413 814 3483 uti,
843 3411 1078 3470 alterum
1109 3410 1396 3481 claudere,
1427 3410 1483 3470 id
1512 3431 1616 3490 pro
1634 3429 1789 3471 more
1807 3431 1912 3471 suo
1925 3410 2178 3483 Persius,

174 3496 338 3556 talium
366 3516 561 3557 rerum
601 3494 845 3573 diligens
876 3496 1233 3568 observator,
1263 3495 1452 3567 addit,
1495 3507 1559 3557 ut
1598 3496 1819 3575 plenam
1856 3496 2178 3576 claramque

175 3597 229 3641 ex
276 3585 400 3662 ipsa
451 3583 570 3641 vita
611 3583 843 3660 petitam
902 3583 1202 3660 imaginem
1248 3581 1535 3642 exhibeat.
1613 3580 1885 3641 Similiter
1938 3581 2178 3641 Lucian.

174 3661 914 3746 learomenipp.14.'E⁷rei
943 3665 1047 3725 και
1074 3662 1217 3737 τούς
1234 3664 1516 3737 τέκτονας
1535 3662 1821 3736 πολλάκις
1843 3663 2180 3767 ἑωρακέναι

174 3772 258 3848 μοι
285 3752 453 3812 δοκῶ
474 3749 723 3855 θατέρῳ
762 3752 850 3830 τῷ
875 3746 1216 3830 ὀφθαλμῶν
1249 3747 1493 3828 ἄμεινον
1524 3746 1680 3834 πρὸς
1720 3746 1865 3821 τοὺς
1923 3746 2181 3821 κανόνας

177 3828 604 3906 “ammae
638 3832 714 3896 τὰ
758 3832 927 3908 ξύλα.
1025 3835 1200 3937 Greg:
1244 3836 1393 3897 Naz.
1437 3856 1565 3896 ene.
1610 3838 1812 3916 virgin.
1860 3841 1984 3900 554
2013 3856 2175 3937 sqq-2

170 3909 296 3996 Ἠδη
328 3920 438 3982 καί
460 3916 573 3979 τιν’
604 3915 821 3981 ὄπωπα
843 3917 1185 3993 λιθοξόον’
1150 3918 1229 3995 ηέ
1247 3916 1365 3981 τιν’
1399 3916 1592 4022 ἔργων
1617 3916 1780 4004 ἶδριν
1808 3920 2174 4022 δουρατεων,

176 4001 427 4077 ”meuc
451 4004 558 4065 και
592 4002 952 4107 φράδμονας
984 4002 1214 4090 arduae
1240 4004 1442 4080 ἰθείην
1476 4002 1819 4084 στάθμησιν
1860 4001 2008 4079 ἐπὴν
2048 4004 2180 4064 δια-

178 4088 583 4175 τεκμήρωπαι,
609 4088 696 4160 ὥς
735 4088 993 4167 φαέων
966 4091 1171 4173 ἕτερον
1206 4088 1376 4169 μέν’
1341 4085 1463 4153 υπὸ
1504 4088 1900 4174 βλεφάροισιν
1926 4086 2174 4163 ἔδησαν,
