2764 4738
608 419 775 480 SA’r.
813 419 858 492 1,
889 421 1202 484 92-106.
1256 422 1375 480 107
1407 450 1496 462 --
1530 421 1669 480 108.
2088 414 2214 481 109

193 590 500 671 praeberet.
591 588 895 668 Utrumque
940 585 1191 647 videmus
1222 607 1258 645 a
1299 586 1518 646 Catullo
1563 586 1939 658 celebratum,
1979 588 2214 648 alterum

193 677 449 755 singulari
479 675 731 734 carmine
775 673 931 747 (LXI
961 673 1213 750 [LXIIID
1235 715 1251 742 ‚
1293 673 1530 731 alterum
1573 672 1829 752 episodio
1863 674 2103 752 longiori
2132 676 2219 733 in-

193 774 336 821 serto
380 759 539 820 LXII
588 758 854 838 [Lxlv]‚
913 762 1034 821 251
1082 764 1273 838 sqq.),
1328 767 1498 837 atque
1541 758 1997 829 observavimus,
2053 779 2218 819 unum

193 867 374 906 eorum
406 865 689 915 versuum,
716 864 854 925 quos
896 844 1064 903 affert
1100 843 1332 902 Persius
1375 849 1452 917 (v.
1481 847 1618 915 90),
1658 843 1972 903 Catulliano
2004 845 2218 904 similli-

191 953 326 991 mum
353 951 510 990 esse.
555 931 737 1008 Ipsius
772 949 991 1009 quoque
1034 940 1238 1007 poetae
1273 938 1528 1006 tempore
1575 930 1713 988 haec
1746 941 2071 1008 argumenta
2102 941 2220 989 tra-

191 1028 334 1077 ctata
359 1018 557 1086 fuisse,
579 1016 749 1075 docet
779 1017 937 1074 locus
964 1013 1162 1073 Diouis
1192 1012 1376 1072 Cassii
1401 1013 1574 1084 (LXI,
1604 1017 1731 1086 20),
1765 1019 1857 1094 qui
1888 1014 1957 1073 de
1985 1013 2219 1076 Nerone

191 1113 409 1162 narrat:
462 1096 938 1182 Ἑκιθαρῴδησέ
973 1119 1035 1158 τε
1052 1094 1257 1158 '‘At-tw
1283 1093 1416 1156 τινὰ
1443 1094 1479 1171 ἢ
1523 1095 1775 1177 Βάκχας
1806 1097 1838 1160 ὀ
1864 1095 2223 1177 Αὔγουστος

190 1188 415 1247 πολλῶν
440 1185 549 1263 μὲν
579 1185 957 1266 στρατιωτῶν
983 1177 1509 1266 πραρεστηκὸτων,
1527 1179 1747 1253 παντὸς
1775 1183 1841 1243 δὲ
1866 1186 1975 1244 τοῦ
1998 1181 2217 1263 δήμου,

194 1267 326 1333 ὅσον
356 1272 425 1330 αἱ
449 1269 626 1351 ἕδραι
655 1264 987 1349 ἐχώρησαν,
1023 1265 1396 1344 καθημένου.
1489 1269 1592 1328 Ubi
1623 1267 1768 1348 quod
1805 1272 2049 1330 coniecit
2081 1269 2220 1329 Sca-

191 1357 331 1435 liger
347 1357 445 1430 (ad
460 1355 659 1414 Catuli.
679 1353 880 1425 LXIII,
902 1349 1206 1426 1)’Λπῒνα
1233 1348 1272 1424 ἢ
1289 1349 1574 1431 Βάκχας,
1603 1373 1673 1413 ne
1691 1357 2073 1414 necessarium
2098 1358 2223 1436 qui-

195 1440 313 1501 dem
332 1453 450 1512 est,
466 1435 735 1500 namuro}
752 1440 896 1499 bene
916 1439 1548 1518 exprimitcontemtum‚
1562 1457 1683 1497 cum
1703 1460 1811 1519 quo
1828 1439 1937 1499 Dio
1961 1442 2219 1521 loquitur.

193 1528 393 1588 Partic.
426 1522 467 1600 ἦ
514 1544 652 1584 vero
694 1526 973 1602 significat
1016 1535 1310 1602 utrumque
1347 1526 1630 1586 cecinisse
1670 1524 1958 1584 Neronem
1990 1547 2093 1606 pro
2137 1527 2223 1586 ln-

196 1613 323 1685 bitu,
350 1623 415 1673 et
453 1614 578 1691 ipsa
616 1630 838 1710 quoque
881 1620 1214 1668 contemtum
1253 1619 1459 1686 auget3
1523 1628 1648 1667 nam
1685 1609 1967 1670 diversum
2011 1611 2222 1671 titulum

198 1696 444 1757 eiusdem
473 1697 738 1756 carminis
773 1694 958 1764 Απις
984 1688 1022 1767 ἢ
1048 1689 1295 1772 Βάκχαι
1331 1696 1762 1754 commemorari
1799 1717 1907 1755 non
1936 1708 2094 1756 esset
2122 1697 2228 1756 hu-

198 1784 277 1842 ius
308 1784 458 1854 loci,
504 1800 692 1861 neque
739 1782 866 1839 talis
915 1799 1020 1859 per
1059 1799 1123 1837 se
1169 1780 1493 1838 verisimilis
1522 1790 1717 1851 esset,
1753 1801 1876 1839 cum
1917 1784 2011 1840 vix
2048 1785 2229 1862 possit

198 1868 449 1946 intelligi,
476 1863 754 1947 quomodo
779 1865 922 1925 haec
951 1884 1059 1923 uno
1089 1866 1335 1924 carmine
1367 1866 1598 1924 tractari
1627 1868 1866 1943 possint.
1909 1866 2049 1926 Nam
2079 1866 2227 1948 quod

200 1955 430 2013 serioris
460 1953 732 2030 temporis
762 1948 978 2031 qnidam
1011 1952 1355 2028 scriptores,
1389 1952 1480 2030 qui
1515 1951 1700 2009 omnia
1739 1951 1980 2012 miscere
2009 1964 2068 2011 et
2092 1973 2228 2012 con-

202 2038 435 2100 fundere
493 2039 718 2107 solent,
791 2035 1028 2107 docent,
1114 2034 1353 2095 eundem
1412 2055 1545 2096 esse
1606 2034 1761 2094 Attin
1832 2048 1895 2096 et
1949 2038 2227 2097 Bacchum

202 2124 398 2197 (Clem-
458 2122 630 2183 Alex.
676 2132 852 2201 protr.
911 2142 966 2199 p.
1014 2124 1051 2183 6
1128 2119 1287 2200 syth.
1366 2120 1619 2180 Macrob.
1696 2120 1816 2181 Sat.
1855 2122 1898 2193 1,
1971 2127 2044 2186 21
2072 2165 2091 2195 ,
2150 2126 2226 2183 cf.

201 2206 450 2270 Lobeck.
473 2207 761 2286 Aglaoph.
796 2227 851 2286 p.
895 2211 1057 2269 1045
1089 2212 1264 2286 sqq.),
1311 2205 1404 2265 hic
1431 2209 1527 2264 vix
1560 2204 1784 2265 videtur
1809 2228 1978 2287 posse
2008 2212 2062 2267 in
2095 2228 2231 2269 cen-

204 2314 313 2354 sum
355 2295 580 2353 venire.
671 2292 931 2351 Ceterum
979 2294 1275 2373 quaestio,
1337 2312 1465 2350 num
1522 2292 1809 2351 Neronem
1852 2294 1909 2352 h.
1945 2294 1982 2353 l.
2031 2315 2231 2374 respe-

201 2384 342 2442 xerit
372 2379 635 2450 Persius,
674 2380 729 2436 in
775 2379 1190 2457 prolegomenis
1227 2389 1465 2437 tractata
1511 2388 1623 2439 est.
1703 2379 1794 2438 Ad
1839 2379 1896 2438 h.
1943 2381 1979 2440 l.
2012 2382 2231 2460 plenius

205 2463 625 2546 intelligendum
653 2464 792 2523 facit
819 2465 985 2523 etiam
1010 2463 1285 2523 Martialis
1318 2464 1476 2523 locus
1511 2463 1604 2537 (lI,
1633 2467 1736 2534 86,
1771 2470 1800 2527 1
1837 2474 2019 2545 sqq.):

531 2548 692 2623 Quod
720 2568 824 2608 nec
853 2551 1101 2608 carmine
1130 2548 1347 2627 glorior
1368 2550 1587 2628 supino,

529 2635 656 2695 Nec
687 2645 841 2693 retro
874 2634 1004 2713 lego
1038 2633 1288 2693 Sotaden
1321 2632 1636 2705 cinaedum,

530 2720 819 2800 Nusquam
855 2722 1147 2779 Graecula
1178 2721 1336 2798 quod
1357 2729 1635 2779 recantat
1656 2721 1844 2791 Echo,

534 2806 661 2866 Nec
692 2802 866 2865 dictat
887 2805 1018 2863 mibi
1051 2806 1384 2864 luculentus
1409 2807 1578 2864 Attis

530 2890 761 2950 Mollem
790 2889 1079 2950 debilitate
1109 2890 1447 2968 galliambon
1480 2901 1591 2949 etc.

209 2973 307 3036 Hic
339 2994 562 3057 qnoque
594 2988 653 3037 ut
681 2987 1009 3055 argumenta
1031 2977 1336 3035 carminum
1367 2974 1644 3036 Graecam
1685 2973 2011 3035 imitantiam
2056 2977 2236 3035 molli-

210 3061 336 3121 tiem
371 3073 431 3121 et
461 3073 640 3121 artem
672 3082 782 3121 non
820 3060 987 3120 modo
1030 3063 1241 3132 Attis,
1285 3059 1390 3119 sed
1430 3063 1599 3122 etiam
1642 3062 1843 3133 Echo,
1896 3082 2056 3141 quam
2090 3061 2238 3141 apud

209 3158 454 3207 nostrum
481 3147 750 3207 habemus
782 3153 860 3220 (v.
884 3151 1035 3231 δ102)
1069 3146 1399 3206 afferuntur.

376 3253 432 3290 v.
467 3237 848 3296 ¹07—113.
922 3234 1152 3292 Radere
1182 3250 1399 3304 aures,
1442 3241 1504 3289 ut
1538 3232 1612 3302 V,
1664 3237 1740 3294 15
1787 3235 2003 3293 radere
2028 3252 2237 3293 mores.

215 3315 590 3389 Quintilianus
620 3319 786 3378 etiam
816 3317 933 3389 (ΙΙΙ,
971 3323 1026 3387 1,
1070 3320 1132 3391 3)
1166 3316 1334 3375 dixit:
1408 3315 1654 3388 Quorum
1690 3335 1763 3376 ne
1787 3317 2125 3377 —traditio
2155 3352 2239 3364 -

213 3420 390 3463 aures
420 3405 762 3482 praesertim
795 3413 904 3461 tam
937 3401 1216 3462 delicatas
1235 3404 1502 3473 raderet,
1520 3402 1873 3464 verebamur.
1892 3403 1981 3462 Cl'.
2001 3403 2239 3462 Wakef.

216 3486 283 3546 ad
306 3488 538 3548 Lucret-
567 3488 666 3560 lv,
694 3492 837 3550 527.
880 3488 1213 3547 Auriculas
1248 3498 1522 3559 teneras,
1569 3498 1630 3546 ut
1653 3487 1746 3559 111,
1792 3492 1910 3551 113
1953 3499 2155 3548 tenero
2182 3490 2241 3548 in

216 3591 336 3632 ore.
369 3574 652 3634 Mordaci
672 3593 834 3645 vero,
864 3575 940 3633 cf.
960 3573 1034 3645 V,
1066 3577 1147 3635 86
1179 3592 1384 3632 aurem
1414 3574 1681 3632 mordaci
1703 3574 1854 3632 lotus
1886 3585 2071 3634 aceto.
2116 3574 2241 3634 Duo

218 3656 494 3718 adiectiva
525 3660 817 3717 coniuncta
848 3670 910 3717 ut
934 3658 1004 3729 11,
1035 3663 1117 3721 74
1141 3678 1492 3736 generosum
1517 3660 1854 3732 honestum5
1905 3659 2000 3730 111,
2032 3663 2113 3722 32
2149 3679 2240 3739 sq.

220 3744 463 3820 epimum
478 3745 722 3823 pingue.
767 3742 903 3803 Alia
950 3745 1207 3823 exempla
1253 3764 1304 3802 v.
1333 3742 1478 3821 apud
1512 3743 1717 3803 Obbar.
1769 3743 1839 3803 ad
1870 3743 2005 3803 Hor.
2035 3764 2164 3824 epp.
2199 3743 2243 3817 1,

223 3830 283 3899 2,
308 3832 413 3899 21,
444 3849 498 3908 p.
532 3832 635 3891 39.
718 3830 905 3899 Vide,
943 3830 1132 3887 ultima
1167 3840 1468 3908 correpta,
1516 3840 1578 3887 ut
1608 3848 1747 3888 cave
1772 3828 1916 3909 apud
1950 3830 2082 3889 Hor.
2121 3828 2244 3889 Sat.

225 3911 293 3983 ll,
320 3917 384 3984 3,
417 3917 536 3987 383
588 3918 729 3976 177.
761 3913 905 3993 Epp.
938 3912 983 3984 1,
1037 3917 1133 3985 13,
1187 3918 1282 3976 19.
1333 3912 1493 3974 ovid.
1537 3915 1712 3974 Trist.
1752 3913 1798 3986 1,
1849 3920 1903 3985 1,
1953 3920 2057 3977 25.
2115 3916 2241 3986 Sis,

228 3995 373 4076 quod
400 4010 490 4059 est
519 4001 582 4058 si
604 4001 690 4059 vis
721 3999 862 4070 (Cic.
908 4018 992 4058 or.
1024 4004 1127 4071 45,
1162 4004 1305 4072 154)
1352 4001 1696 4078 imperativis
1730 3997 2068 4069 addebatur,
2116 4000 2248 4078 quia

230 4084 611 4145 contumeliosi
660 4095 786 4144 sunt
839 4083 1009 4162 (Dou.
1055 4082 1129 4143 ad
1175 4084 1310 4145 Ter.
1347 4084 1497 4146 Eun.
1545 4084 1657 4157 IV,
1708 4090 1768 4155 7,
1806 4088 1935 4160 29).
1996 4083 2244 4144 Eandem
