2764 4738
903 463 1072 528 SAT.
1102 466 1177 541 V,
1217 470 1300 531 88
1329 501 1416 513 -
1445 470 1553 532 93.
2131 462 2258 530 195

202 635 471 696 numale
501 655 551 695 s.
582 640 668 709 v.)
691 678 709 708 ,
740 656 884 717 quse
915 639 971 697 in
1003 635 1218 698 duobus
1238 639 1574 718 anaglyphis
1600 636 1777 697 videri
1808 647 1999 717 potest
2028 657 2061 697 a
2093 637 2258 698 Gott-

201 722 385 801 lingio
430 722 730 801 explicatis
782 723 953 797 (Anu.
1000 721 1055 782 d.
1102 723 1239 783 Inst.
1280 723 1390 784 XII
1433 735 1475 782 t.
1518 723 1585 782 L.
1625 722 1704 782 M.
1748 743 1803 802 p.
1842 728 1960 785 157
1990 729 2171 803 sqq.),
2218 745 2254 783 a

196 818 498 887 praetore
524 810 750 866 recessi
770 828 928 868 meus
948 853 967 880 ‚
998 810 1112 868 mei
1139 810 1277 867 iuris
1311 810 1471 882 (Ter.
1503 807 1728 868 Phorm.
1760 808 1860 880 lv,
1889 813 1946 879 1,
1977 812 2118 882 21);
2154 829 2258 869 cur

200 894 340 952 mihi
386 913 502 952 non
546 892 719 951 liceat
763 894 988 965 facere,
1033 892 1184 975 quod
1227 892 1412 966 volui,
1458 903 1703 972 excepto
1730 895 1792 951 si
1820 894 1965 972 quid
2005 894 2254 953 rubrica

198 979 460 1037 Masuri
497 979 756 1050 vetavit,
801 981 908 1038 nisi
950 981 998 1038 si
1031 977 1161 1060 quid
1205 980 1427 1058 legibus
1458 980 1794 1058 prohibitum
1827 989 1936 1038 est.
1996 979 2252 1039 Rubrica

198 1062 274 1124 de
307 1063 538 1142 legibus
570 1065 873 1143 praecipue
903 1074 1240 1144 usurpatur,
1285 1067 1414 1144 quia
1446 1067 1602 1123 initia
1636 1064 1822 1142 legum
1855 1065 2021 1122 minio
2051 1065 2255 1143 pinge-

195 1149 445 1220 bantur,
507 1148 588 1207 cl'.
639 1149 868 1210 Petu-on.
913 1154 1016 1212 46.
1083 1149 1202 1209 1uv.
1252 1149 1409 1222 XIV,
1461 1154 1598 1213 192.
1660 1149 1848 1223 Quint.
1894 1148 2023 1222 ΧΙΙ,
2056 1154 2116 1222 3,
2152 1154 2251 1211 11.

196 1232 480 1294 Prudent.
513 1235 568 1292 in
603 1233 812 1314 Symm.
846 1235 916 1307 11,
946 1239 1107 1298 460:
1166 1234 1325 1307 „Cur
1353 1235 1576 1295 rubrica
1607 1236 1882 1304 minetur,
1930 1235 2089 1308 Quae
2121 1254 2252 1314 pro-

194 1320 360 1379 hibet
390 1338 640 1398 peccare
670 1327 869 1379 reos.“
916 1319 1111 1380 Sidon.
1142 1321 1331 1399 Apoll.
1365 1340 1495 1400 epp.
1526 1318 1676 1391 VIII,
1697 1324 1754 1382 6.
1800 1321 2109 1379 Masurius
2134 1322 2252 1381 Sa-

198 1406 377 1465 binus
398 1449 416 1476 ,
454 1404 859 1464 celeberrimus
891 1405 1077 1477 IctuS,
1130 1407 1222 1486 qni
1253 1406 1469 1466 Tiberii
1502 1415 1670 1485 atque
1701 1404 1949 1465 Neronis
1981 1406 2252 1485 tempori-

196 1491 306 1549 bus
340 1489 496 1563 (Gai.
529 1490 597 1562 11,
627 1493 777 1562 218)
807 1492 983 1563 vixit,
1029 1489 1284 1551 docendo
1315 1491 1730 1571 scribendoque
1762 1509 2021 1569 magnam
2054 1501 2252 1550 aucto-

194 1579 431 1636 ritatem
465 1586 664 1634 nactus
695 1586 814 1648 est,
845 1595 1085 1656 eumque
1116 1587 1312 1636 secuta
1343 1587 1436 1637 est
1467 1576 1896 1636 Sabinianorum
1927 1589 2122 1648 secta,
2171 1577 2250 1636 cf.

197 1663 494 1721 Zimmern
514 1702 532 1732 ,
566 1659 773 1720 Gesch.
806 1660 859 1719 cl.
892 1662 1051 1721 Rom.
1072 1663 1315 1722 Privatr.
1351 1663 1375 1722 Ι
1404 1683 1457 1742 p.
1485 1666 1611 1724 312
1631 1680 1757 1742 sqq.
1805 1661 1896 1720 Ex
1925 1662 2250 1740 inscriptio-

197 1768 272 1807 ne
305 1747 587 1805 Veronae
619 1766 672 1805 a.
696 1750 857 1809 1836
889 1759 1151 1827 reperta,
1182 1747 1275 1806 ubi
1309 1748 1375 1807 C.
1411 1746 1819 1807 MASVRIVS.
1855 1747 1917 1805 C.
1951 1747 2015 1806 F.
2051 1745 2251 1806 SABI-

194 1831 361 1892 NVS
381 1842 743 1904 memoratur,
775 1832 1040 1892 Submum
1053 1833 1284 1892 Verona
1313 1830 1603 1892 oriundum
1631 1834 1953 1911 suspicatur
1968 1831 2252 1910 Borghesi

199 1918 378 1990 (Bull.
424 1914 649 1975 d.1nst.
682 1936 736 1974 a.
773 1921 934 1980 1836
966 1939 1023 1998 p.
1066 1924 1230 1991 144).
1294 1918 1368 1978 Ut
1411 1917 1503 1977 hic
1549 1920 1715 1978 etiam
1761 1916 1905 2014 apud
1944 1916 2249 1977 Arrianum

200 2001 372 2074 (diss.
406 2001 601 2074 1V,3,
638 2006 738 2074 12)
768 2015 1147 2063 memoratur.
1203 1995 1394 2062 Οὗτοί
1422 2001 1575 2061 εἰσιν
1603 2005 1662 2102 οἱ
1693 2000 1931 2061 ἐκεῖθεν
1959 1997 2251 2061 ἀπεσταλ-

198 2086 378 2165 μένοι
428 2083 641 2164 νόμοι,
705 2088 892 2145 ταῦτα
949 2085 1023 2147 τὰ
1069 2084 1477 2166 διατάγματα·
1537 2084 1766 2147 τούτων
1827 2081 2112 2166 ἐξηγητὴν
2158 2084 2259 2146 δεῖ

196 2170 531 2251 γενέσθαι,
583 2168 814 2241 τούτοις
859 2170 1362 2252 ὑποτεταγμένον
1437 2168 1508 2232 οὐ
1549 2170 1675 2242 τοῖς
1720 2170 2094 2272 Μασουρίου
2147 2168 2255 2230 καί

197 2255 513 2318 Κασσίου.
581 2259 853 2329 Vetavzt‚
901 2259 1149 2317 insolens
1197 2259 1409 2330 forma,
1457 2277 1602 2338 quae
1648 2259 1856 2336 legitur
1902 2259 2070 2316 etiam
2101 2254 2249 2334 apud

201 2341 376 2404 Serv.
425 2340 496 2401 nd
540 2342 704 2421 Virg.
748 2343 897 2403 Aen.
928 2344 998 2417 11,
1028 2348 1172 2408 201.
1231 2342 1391 2403 Haec
1435 2344 1667 2404 libertas
1714 2344 1887 2423 igitur
1914 2352 2037 2413 est,
2084 2361 2247 2423 quarn

200 2429 309 2488 lcti
345 2426 570 2499 dicunt,
617 2429 859 2487 facultas
891 2431 1049 2501 eius,
1098 2428 1245 2509 quod
1278 2430 1479 2509 cuique
1513 2431 1708 2489 facere
1742 2430 1912 2499 libet,
1961 2429 2067 2486 nisi
2101 2425 2247 2508 quod

200 2516 256 2572 vi
290 2525 391 2573 aut
422 2514 546 2573 iure
576 2514 945 2591 prohibetur,
979 2515 1136 2574 Instt.
1169 2515 1210 2586 I,
1244 2518 1302 2585 3,
1341 2520 1396 2577 1.
1429 2515 1601 2593 Digg.
1638 2515 1680 2586 1,
1715 2520 1772 2587 5,
1803 2520 1866 2576 4.

376 2620 434 2656 v.
468 2603 783 2661 91—123.
842 2602 1016 2659 Disce
1054 2600 1176 2673 (ΙΙΙ,
1211 2604 1352 2673 66),
1398 2602 1506 2659 sed
1541 2602 1668 2670 ira,
1717 2619 1880 2679 quam
1912 2596 2076 2657 modo
2109 2617 2246 2677 prae

198 2695 261 2743 te
294 2684 497 2755 tulisti,
530 2686 711 2743 cadat
733 2703 913 2756 naso,
948 2686 1040 2745 nbi
1073 2687 1416 2763 potissimam
1449 2684 1640 2745 sedem
1676 2685 1863 2756 habet,
1896 2685 1971 2743 cs.
1997 2684 2245 2743 Theocr.

204 2768 248 2840 Ι,
287 2773 403 2831 18.
464 2769 600 2828 Καί
644 2770 702 2829 οἱ
744 2765 836 2828 ἀει
879 2769 1118 2873 δριμεῖα
1154 2765 1301 2850 χολά
1339 2769 1477 2830 ποτὶ
1502 2770 1644 2871 ῥιυι
1687 2766 1972 2842 κάθηται.
2034 2766 2244 2828 Herod.

199 2854 503 2914 mimiamb.
539 2859 575 2916 5
610 2855 818 2914 Schn..
864 2851 981 2928 Μὴ
1027 2851 1102 2929 δὴ
1146 2851 1297 2938 κόοη
1340 2850 1411 2914 τι)
1452 2850 1562 2929 τὴν
1593 2850 1774 2933 χολὴν
1796 2851 1893 2912 ἐπὶ
1916 2850 2086 2933 ῥῖνας
2105 2849 2228 2933 Ἔχ’

201 2936 419 3009 εὐθύς.
472 2939 652 2999 Lucil.
698 2941 866 3017 frgm.
898 2940 1029 3011 XX,
1074 2946 1150 3003 4.
1197 2941 1505 3019 „Calpurni
1547 2959 1775 2999 saevam
1808 2939 1992 3017 legem
2035 2937 2246 2999 Pisoni'

199 3023 512 3104 reprendi,
543 3025 836 3105 Eduxique
869 3027 1102 3084 animam
1132 3028 1187 3084 in
1220 3024 1545 3104 primoribu'
1575 3025 1878 3096 naribusf‘
1909 3043 2246 3102 rugosaque

200 3129 396 3170 sanna
427 3110 597 3184 (adl,
631 3114 755 3182 62).
814 3112 967 3169 Dum
1014 3112 1126 3170 tibae
1163 3113 1233 3169 de
1269 3112 1584 3189 pulmone,
1641 3112 1798 3169 cuius
1846 3129 2022 3187 opera
2067 3111 2244 3168 estin

202 3198 406 3276 spiritu
452 3196 822 3254 vehementer
866 3195 1159 3267 «lucendo,
1206 3193 1354 3277 qnod
1400 3198 1527 3255 irati
1559 3196 1777 3267 solent,
1821 3196 2036 3254 revello
2076 3196 2245 3254 avias

206 3282 417 3361 (λῆοον
444 3276 853 3359 ἀφαιρεῖσθαι
892 3281 1030 3339 Plat.
1063 3282 1306 3342 Theaet.
1340 3302 1401 3359 p.
1443 3287 1553 3343 151
1595 3281 1718 3355 (3.),
1760 3301 1868 3361 quo
1900 3301 1951 3339 v.
1986 3282 2123 3338 sutis
2156 3281 2244 3337 in·

204 3368 463 3425 solenter
492 3366 828 3444 significavit
858 3386 1121 3439 errores,
1168 3368 1424 3446 qualibus
1460 3366 1530 3425 ab
1562 3368 1703 3426 aviis
1746 3377 1806 3426 et
1835 3366 2126 3424 nutriculis
2158 3376 2244 3424 te-

205 3452 330 3510 neri
374 3471 676 3529 puerorum
721 3450 889 3510 animi
934 3452 1103 3511 imbui
1149 3454 1370 3526 solent,
1418 3451 1548 3510 ideo
1579 3462 1840 3523 veteres,
1876 3453 2243 3519 inveteratas,

201 3547 264 3595 ut
293 3534 439 3616 apud
475 3535 614 3596 Seu.
637 3556 765 3615 epp.
783 3536 989 3606 XCIV,
1017 3542 1099 3599 24
1131 3537 1367 3610 „duram
1400 3540 1507 3595 iam
1540 3547 1601 3596 ct
1629 3548 1880 3596 veterem
1911 3538 2108 3594 animis
2142 3555 2244 3594 ex-

200 3621 436 3681 trahere
467 3633 726 3700 pestem‚
732 3630 770 3659 ‘⁴
752 3623 876 3680 ‘cs.
911 3621 980 3681 ad
1010 3622 1102 3693 ΙΙΙ,
1136 3628 1236 3685 83.
1303 3622 1534 3700 Indigne
1568 3623 1832 3681 ferebant
1861 3622 2002 3680 hanc
2034 3623 2245 3680 stoico—

201 3728 324 3767 rum
372 3705 683 3766 doctrinam
728 3726 1036 3785 proceres,
1097 3708 1243 3768 unde
1286 3707 1563 3768 Arrianus
1608 3707 1729 3804 (IV,
1775 3712 1831 3776 1,
1865 3712 1960 3780 7).
2013 3701 2129 3764 Αν
2176 3701 2239 3764 δ’

202 3789 370 3872 αὐτῷ’
410 3792 517 3870 (τῷ
555 3787 883 3870 δισυπάτῳ)
930 3789 1038 3863 τὰς
1081 3790 1370 3866 ἀληθείας
1414 3791 1618 3895 εἴπης,
1666 3787 1756 3852 ὅτι
1799 3793 1938 3850 Τῶν
1969 3792 2100 3873 τρες
2141 3811 2245 3849 πε-

204 3875 531 3959 ποαμείνων
582 3873 760 3936 οὐδὲν
811 3876 1121 3978 διαφέρεις
1173 3874 1326 3959 πρὸς
1376 3874 1445 3938 τὸ
1499 3875 1578 3955 μὴ
1641 3900 1740 3936 και
1798 3871 1977 3947 αὐτὸς
2032 3875 2245 3945 δοῦλος

206 3936 394 4021 εἶναι·
440 3961 503 4020 τί
539 3957 679 4020 ἄλλο
720 3957 761 4035 ἢ
805 3959 1031 4040 πληγάς
1077 3983 1143 4022 σε
1189 3960 1287 4021 δεῖ
1319 3962 1707 4041 προσδοκᾶν;
1768 3964 1902 4021 Νοπ
1937 3962 2242 4042 praetoris

204 4059 373 4121 erat,
406 4048 635 4119 stultis,
672 4067 746 4106 ex
776 4045 1030 4106 doctrina
1062 4050 1365 4107 stoicorum
1402 4044 1720 4125 (ἄφρονες,
1756 4042 1998 4119 ἆνοήτοι
2025 4068 2079 4106 v.
2103 4049 2242 4108 121.

206 4134 324 4193 Cic.
369 4132 567 4212 parad.
614 4092 747 4205 IV),
830 4135 977 4192 dure
1021 4153 1220 4193 rernm
1266 4132 1465 4212 officia
1511 4134 1709 4193 tenuia
1761 4132 1965 4205 (tribus
2010 4131 2243 4211 syllabis

1708 4218 1830 4279 13*
