2764 4738
508 398 593 440 ιι
1156 375 1893 440 PROLEGOMENA.

507 555 571 609 et
598 554 818 610 exorta
845 563 1062 630 aspera
1093 547 1381 630 quaedam
1413 547 1810 631 inaequalitas
1831 591 1850 625 ,
1897 567 2052 631 quae
2096 567 2271 631 qnam
2313 550 2560 614 alienae

505 646 710 713 arbori
753 644 1112 712 Venusinae
1154 648 1372 713 insitae
1418 649 1543 714 sint
1571 651 1780 734 fruges
1809 648 1957 713 satis
1989 649 2283 715 declarat.
2347 651 2559 735 Atque

507 748 622 815 bac
665 750 728 812 in
772 770 843 814 re
889 758 1296 834 paupertatem
1341 750 1638 833 quandam
1669 751 1901 836 ingenii
1931 763 1995 817 et
2023 752 2394 830 iuvenilem,
2443 773 2560 817 ex·

506 851 808 937 perientia
838 862 903 917 et
930 873 1044 917 usu
1077 853 1340 917 nondum
1371 853 1466 916 sui
1497 863 1832 937 compotem
1848 855 2094 930 factum,
2128 853 2393 927 ,animum
2426 856 2562 920 eius

508 974 633 1018 non
677 973 993 1038 possumus
1040 956 1180 1040 quin
1225 973 1664 1039 agnoscamus,
1711 956 1813 1038 qui
1857 976 1989 1020 cum
2035 954 2324 1021 laudabili
2351 957 2560 1021 studio

507 1059 584 1123 ad
631 1059 850 1143 optima
895 1076 1163 1142 quaeque
1218 1058 1523 1135 ferretur,
1571 1066 1775 1120 tamen
1829 1078 1954 1120 non
2013 1058 2165 1122 satis
2217 1058 2556 1136 intellexit,

509 1162 649 1245 quid
692 1162 1063 1248 potissimum
1110 1169 1173 1223 et
1214 1168 1512 1240 quatenus
1557 1169 1952 1241 sequeretur,
2003 1170 2067 1223 et
2106 1180 2239 1223 cum
2283 1162 2560 1245 ingenuo

508 1286 715 1329 amore
778 1262 1093 1327 Horatium
1153 1260 1622 1345 amplecteretur
1664 1261 1911 1343 eiusque
1970 1271 2159 1325 artem
2224 1262 2560 1327 admirare-

510 1378 642 1445 tur,
690 1366 785 1429 sui
830 1366 1019 1451 ipsius
1064 1363 1295 1449 ingenii
1334 1362 1529 1425 minus
1560 1373 1854 1448 expertus
1884 1363 2111 1441 iudex,
2157 1374 2346 1427 totum
2375 1385 2449 1429 se
2479 1367 2558 1430 ad

510 1470 673 1533 iilum
703 1466 1128 1532 conformavit.
1164 1462 1302 1547 Qua
1330 1465 1394 1527 in
1421 1484 1489 1528 re
1522 1476 1805 1549 quantum
1839 1476 2166 1550 temporum
2200 1467 2556 1545 discrimen,

512 1570 857 1654 ingeniique
890 1567 1302 1632 diversitatem
1348 1588 1476 1632 non
1518 1568 1668 1632 satis
1712 1580 1878 1634 recte
1922 1580 2297 1655 perspectam
2331 1570 2560 1635 habue-

512 1672 631 1747 rit,
680 1669 852 1734 nobis
898 1670 1134 1753 quidem
1167 1680 1366 1755 patet,
1418 1691 1610 1754 eoque
1653 1671 1845 1755 magis
1890 1671 2216 1752 miramur,
2263 1693 2379 1754 quo
2429 1692 2557 1736 me-

511 1774 625 1838 lius
662 1770 976 1836 Horatium
1007 1772 1136 1857 ipse
1171 1772 1447 1863 depinxit
1473 1770 1729 1838 Persius
1759 1768 1842 1856 (1,
1881 1770 2005 1836 116
2031 1775 2227 1856 sqq.).
2303 1772 2561 1839 Scilicet

512 1874 753 1938 Horatii
794 1874 1012 1939 mobile
1060 1883 1197 1938 erat
1238 1884 1416 1957 atque
1459 1874 1522 1937 in
1563 1874 1746 1939 rebus
1791 1875 1951 1939 facili
1981 1896 2056 1940 ac
2086 1876 2239 1940 scita
2269 1886 2402 1939 arte
2435 1887 2561 1940 tra-

512 1977 745 2043 ctandis
776 1977 1085 2062 egregium
1123 1977 1457 2062 ingenium,
1492 1976 1727 2040 animus
1758 1975 1887 2041 eius
1904 1975 2065 2041 vitae
2098 1979 2285 2042 variis
2317 1979 2560 2043 casibus

513 2080 756 2144 multum
802 2080 1019 2162 diuque
1064 2089 1388 2156 versatus,
1435 2078 1537 2161 qui
1579 2079 1730 2142 nulli
1771 2100 1842 2142 re
1873 2078 2048 2165 plane
2083 2079 2360 2159 deditus,
2409 2081 2561 2144 nulli

513 2180 923 2267 philosophiae
970 2192 1132 2246 totus
1192 2181 1504 2259 addictus,
1560 2181 1708 2245 illud
1767 2181 1914 2244 nihil
1972 2181 2256 2245 admirari
2315 2183 2559 2266 assequi

513 2284 832 2363 studebat,
881 2285 953 2349 de
999 2283 1181 2348 rebus
1235 2281 1551 2361 humaniS,
1598 2304 1746 2367 quas
1803 2283 1918 2347 sibi
1977 2283 2418 2367 subiungebat,
2484 2306 2561 2349 eo

514 2388 719 2453 verius
751 2386 1088 2465 iudicabat,
1136 2408 1251 2469 quo
1282 2386 1474 2451 maius
1504 2388 1765 2451 studium
1796 2385 2155 2467 adhibebat,
2202 2406 2283 2451 ne
2315 2386 2562 2451 nimium

514 2488 588 2553 iis
632 2491 1011 2566 afficeretur,
1056 2490 1207 2553 iram
1251 2499 1312 2552 et
1355 2489 1554 2553 odium
1602 2511 1638 2553 a
1683 2510 1751 2553 se
1797 2488 2090 2565 removit,
2144 2499 2208 2554 et
2251 2488 2560 2553 hominum

513 2591 714 2657 studia
744 2611 818 2656 eo
848 2591 1101 2656 liberius
1131 2592 1301 2668 risit,
1349 2612 1466 2674 quo
1497 2591 1693 2654 minus
1724 2611 1791 2654 se
1823 2592 1897 2655 iis
1929 2590 2057 2676 capi
2095 2591 2439 2668 sentiebat,
2486 2591 2562 2654 ab

515 2693 915 2758 amaritudine
946 2693 1211 2770 alienus,
1259 2694 1332 2757 ad
1375 2694 1536 2758 vitae
1567 2692 1881 2757 utilitatem
1915 2695 2199 2779 pleraque
2230 2696 2470 2759 referre
2503 2703 2568 2757 et

516 2809 800 2881 quantum
844 2795 972 2861 lieri
1017 2806 1224 2880 posset
1267 2793 1342 2858 in⁴
1368 2795 1586 2859 bonam
1631 2807 1861 2879 partem
1894 2797 2286 2881 interpretari
2318 2796 2561 2859 solitus.

515 2897 733 2984 Longe
765 2897 945 2964 aliter
974 2896 1249 2963 Persius.
1302 2881 1439 2979 ‘Qui
1486 2917 1836 2982 quamquam
1865 2898 1942 2962 iis
1972 2899 2345 2983 temporibus
2375 2898 2562 2973 vixit,

517 3023 669 3085 quae
701 3001 1016 3066 Romanos
1046 3000 1157 3066 sub
1189 2999 1620 3064 crudelissimis
1650 3010 1829 3083 atque
1874 3001 2117 3065 vesanis
2149 3001 2424 3087 tyrannis
2458 3001 2568 3064 ab·

516 3104 1070 3170 iectaadulatione
1119 3122 1469 3184 morumque
1527 3104 1785 3186 pessima
1848 3103 2236 3186 corruptione
2290 3102 2568 3186 perditos

515 3205 844 3282 videbant,
879 3226 1000 3267 non
1031 3216 1096 3268 ut
1126 3202 1365 3267 Horatii
1399 3223 1552 3280 aevo
1586 3205 1813 3269 civibus
1844 3204 2147 3267 intestinis
2180 3203 2351 3270 bellis
2384 3216 2569 3287 atque

518 3307 805 3373 caedibus
834 3308 1013 3373 lassis
1044 3308 1431 3373 securitatem
1465 3316 1524 3371 et
1556 3307 1816 3389 quietem
1864 3307 2333 3392 promittebant,
2381 3307 2569 3373 habe-

516 3410 622 3473 bat
652 3409 833 3474 etiam
864 3410 1175 3495 ingenium
1210 3421 1427 3474 natura
1473 3408 1648 3472 triste
1690 3429 1763 3472 ac
1804 3430 2124 3488 severum,
2173 3409 2332 3493 quod
2373 3409 2570 3474 stoica

520 3511 868 3595 disciplina,
919 3533 1073 3596 quae
1106 3534 1240 3577 eum
1273 3522 1463 3576 totum
1495 3511 1610 3575 sibi
1643 3511 2096 3589 vindicaverat,
2147 3509 2339 3594 magis
2385 3512 2568 3603 etiam

521 3614 786 3677 exacuit.
848 3612 1014 3678 Idem
1058 3637 1211 3680 vero
1256 3614 1443 3680 vitam
1488 3635 1600 3678 usu
1648 3635 1770 3676 non
1815 3613 2021 3677 habuit
2065 3613 2410 3697 cognitam,
2457 3616 2567 3678 sed

520 3714 699 3778 talem
748 3717 877 3778 fere
922 3717 1130 3786 novit,
1183 3717 1414 3798 qualem
1461 3716 1655 3780 stoica
1708 3716 2021 3801 disciplina
2049 3718 2566 3800 repraesentavit,

519 3816 717 3898 itaque
766 3837 887 3879 non
935 3818 1127 3900 potuit
1171 3840 1243 3882 ea
1285 3820 1469 3883 animi
1513 3817 1948 3903 tranquillitate
1994 3829 2175 3902 atque
2233 3819 2569 3882 serenitate

519 3917 677 3997 frui,
726 3938 878 4002 quac
924 3940 1049 3981 nou
1094 3920 1208 3984 nisi
1258 3921 1314 3985 ei
1360 3921 1689 4006 contingit,
1742 3920 1841 4004 qui
1900 3919 2062 3986 vitae
2114 3920 2571 4006 tempestatibus

521 4021 620 4084 diu
652 4019 909 4087 iactatus
941 4021 1204 4108 animum
1235 4024 1528 4102 firmavit,
1576 4024 1685 4088 sed
1727 4023 1979 4089 iuvenili
2024 4022 2290 4108 impetu,
2342 4023 2441 4107 qui
2492 4024 2571 4087 nil

498 4419 655 4552 *q
