2764 4738
118 4181 455 4433 ,..

507 409 662 453 tvm
1144 384 1877 457 PazoLssGoME-NA.

506 560 782 625 carmina
822 552 1151 641 effingam.
1212 554 1300 621 Et
1343 568 1468 623 tum
1510 556 1784 641 sequitur
1811 577 2061 642 parvum
2092 576 2377 637 carmen„
2427 578 2554 641 qno

505 659 903 746 exprimitur,
945 660 1249 725 neminem
1276 658 1522 725 ludicris
1561 658 1848 739 artibus„
1878 659 1987 724 sed
2031 660 2269 725 severis
2312 670 2556 731 tantum

503 784 579 828 ac
633 761 932 829 diuturnis
975 763 1192 828 studiis
1233 762 1311 829 ad
1357 763 1696 835 litterarum
1740 782 1945 826 arcem
2000 762 2348 845 pervenire.
2408 760 2555 828 Hoc

504 876 707 931 autem
748 875 994 932 constat.
1035 864 1489 948 quatuordecim
1532 885 1659 931 vss.
1708 864 2120 940 hexametris,
2176 885 2328 947 qnos
2370 883 2556 949 prac-

504 967 728 1034 cedunt
770 979 919 1033 octo.
956 965 1360 1032 choliambici.
1426 963 1619 1031 Vides
1661 966 1724 1030 in
1764 965 1947 1030 simili
1988 965 2284 1041 materia,
2331 966 2553 1030 eadem

504 1082 833 1136 metrorum
865 1069 1290 1135 coniunctione
1329 1068 1419 1133 uti
1456 1066 1812 1135 Petronium
1855 1089 1929 1133 ac
1981 1066 2302 1144 Persium,
2363 1077 2553 1150 atque

504 1174 710 1238 addito
742 1171 960 1239 Lucilii
992 1173 1234 1238 nomine
1255 1219 1274 1251 ,
1315 1190 1503 1255 quare
1534 1170 1677 1234 mihi
1706 1170 1943 1253 quidem
1972 1172 2038 1235 in
2068 1172 2179 1241 bac
2208 1191 2444 1254 quoque
2477 1192 2558 1236 re

504 1273 806 1341 Lucilium
839 1288 1084 1341 secutus
1115 1295 1254 1342 esse
1285 1274 1529 1340 videtur
1554 1271 1806 1338 Persius
1845 1280 1892 1335 ¹.
1964 1271 2241 1356 Denique
2286 1274 2555 1338 alterum

506 1399 740 1461 quoque
773 1377 996 1462 primae
1025 1379 1250 1442 satirae
1278 1377 1477 1442 locum
1510 1376 1745 1443 notavit
1772 1374 1964 1443 schol.
2000 1372 2085 1460 (1,
2116 1376 2229 1454 27)
2251 1422 2270 1454 ,
2316 1376 2417 1458 qui
2464 1397 2556 1440 ex

505 1480 753 1544 Lucilio·
777 1499 1106 1563 expressus
1136 1480 1238 1544 sit.
1288 1475 1664 1562 Quamquam
1692 1477 1876 1562 igitur
1902 1477 1966 1540 in
1997 1477 2109 1542 hac
2139 1477 2330 1561 prima
2358 1477 2558 1542 satira

502 1583 565 1645 iu
597 1579 839 1646 Lucilio
868 1581 1158 1645 imitando
1187 1581 1453 1647 studium
1484 1581 1758 1665 posuisse
1789 1579 2068 1656 videtur,
2104 1614 2191 1626 ———
2220 1591 2285 1644 et
2311 1578 2554 1643 videbi-

502 1705 635 1751 mus
666 1683 827 1751 infra
846 1728 866 1762 ,
912 1684 1176 1748 omnium
1205 1685 1470 1750 maxime
1503 1704 1634 1749 eam
1665 1682 1741 1747 ad
1777 1680 2156 1747 Lucilianum
2189 1683 2555 1747 charactera

501 1787 839 1866 accedere,
873 1823 959 1833 -
1000 1797 1199 1851 tamen
1241 1786 1305 1851 in
1351 1786 1704 1851 universum
1743 1784 2038 1851 statuenti
2065 1805 2356 1853 summam
2385 1784 2557 1848 inter

502 1900 820 1971 utrumque
870 1887 1288 1954 diversitatem
1340 1886 1727 1954 intercedere
1770 1897 2054 1971 appareat
2110 1907 2366 1952 necesse
2423 1896 2550 1965 est,

504 2003 569 2057 et
594 1989 962 2059 Persiusila
990 1990 1366 2075 potissimum
1398 2011 1533 2055 enm
1573 2001 1817 2057 secutus
1850 2011 1987 2056 esse
2018 1989 2295 2069 videtur,
2340 2000 2408 2054 ut
2453 1990 2550 2053 in-

504 2114 704 2180 genuo
750 2094 880 2163 cius
920 2093 1163 2160 virtutis
1214 2113 1423 2159 amore
1466 2102 1531 2157 et.
1582 2112 1732 2177 erga
1786 2092 1978 2157 malos
2035 2093 2260 2157 infesto
2317 2093 2547 2169 animo,

503 2218 655 2280 quos
698 2217 928 2265 summa
973 2217 1108 2261 cum
1152 2194 1437 2261 libertate
1476 2194 1851 2279 castigabat,
1911 2195 2008 2260 cui
2052 2206 2374 2279 cognatum
2417 2195 2554 2258 ani-

505 2319 662 2363 mum
709 2320 882 2367 suum
925 2296 1266 2378 sentiebat,
1314 2297 1392 2363 ad
1435 2298 1655 2363 satiras
1712 2297 2167 2363 incenderetur.
2251 2297 2342 2361 At
2397 2318 2554 2361 vero

504 2397 778 2470 Lucilius
822 2402 960 2464 inde
990 2421 1027 2464 a
1056 2401 1370 2467 iuventute
1401 2401 1466 2468 in
1494 2399 1637 2467 belli
1668 2402 1950 2487 pacisque
1995 2400 2256 2486 negotiis
2299 2400 2558 2465 multum

505 2512 824 2578 versatus,
872 2504 1119 2568 summis
1149 2504 1514 2589 reipublicae
1547 2503 1792 2569 ducibus
1832 2505 2102 2582 amicus,
2142 2505 2217 2569 iis
2263 2503 2553 2587 tempori-

503 2603 617 2670 bus
660 2604 845 2670 vitam
891 2604 1148 2690 agebat,
1196 2628 1349 2690 quae
1401 2627 1754 2689 quamquam
1801 2606 2069 2672 moribus
2099 2606 2220 2670 iam
2250 2606 2554 2687 corrupt-is

508 2707 747 2774 dubium
779 2709 1152 2788 excitarunt,
1190 2730 1268 2773 an
1300 2707 1445 2773 urbs
1474 2706 1673 2772 Roma
1703 2719 1957 2774 aeterna
1986 2709 2189 2772 sutura
2220 2718 2411 2782 esset,
2460 2717 2554 2771 ta-

505 2832 647 2876 men
693 2811 943 2876 liberam
985 2810 1276 2875 videbant
1318 2810 1743 2895 rempublicam
1800 2822 1863 2874 et
1916 2811 2269 2894 vigentem,
2333 2817 2554 2874 contra

506 2911 760 2981 Persius
815 2913 1060 2977 scholae
1119 2914 1180 2976 in
1228 2912 1437 2977 umbra
1483 2912 1780 2990 nutritus,
1828 2933 1863 2976 a
1919 2912 2229 2998 republica
2282 2912 2551 2992 alienus,

508 3035 683 3099 quam
729 3036 1081 3100 oppressam
1126 3017 1278 3080 vidit
1320 3016 1505 3101 longa
1548 3016 1666 3080 iam
1712 3027 2106 3102 tyrannorum
2151 3014 2352 3093 serie,
2414 3037 2556 3078 cum

508 3117 748 3201 optimis
795 3118 942 3182 viris
986 3117 1051 3181 in
1092 3119 1326 3183 stoicae
1368 3118 1779 3203 philosophiae
1809 3119 2007 3203 adytis
2039 3118 2332 3201 refugium
2365 3137 2556 3200 quae·

507 3220 675 3284 sivit.
740 3215 1131 3304 Quantopere
1172 3221 1479 3287 diversum
1519 3221 1633 3285 fuit
1663 3220 1967 3305 ingenium
2000 3221 2134 3285 eius
2161 3218 2304 3283 mite
2336 3229 2401 3282 et
2431 3217 2559 3283 dis-

509 3322 729 3408 ciplina
773 3343 995 3388 severa
1040 3324 1212 3388 triste
1259 3345 1292 3389 a
1340 3321 1563 3389 Lucilii
1609 3324 1941 3389 festivitate
1985 3322 2340 3405 iocandique
2370 3320 2558 3384 liber-

508 3433 672 3501 tate,
739 3445 911 3508 quam
955 3425 1019 3490 in
1064 3446 1138 3491 eo
1184 3425 1434 3491 laudant
1480 3427 1712 3510 antiqui
1771 3428 1885 3505 (cf.
1931 3424 2268 3491 Heusdium
2310 3424 2354 3488 1.
2402 3423 2441 3487 l.
2488 3445 2552 3508 p.

509 3524 593 3592 85
624 3526 815 3613 sqq.).
877 3524 1087 3612 ltaque
1116 3548 1319 3594 sermo
1348 3527 1530 3594 huius
1550 3573 1570 3606 ,
1619 3528 1720 3613 qui
1750 3527 1912 3593 facili
1941 3527 2190 3613 ingenio
2217 3536 2554 3613 promptus,

578 3729 872 3788 noveritis,
920 3731 1085 3779 eliam
1121 3732 1177 3779 iu
1203 3734 1345 3794 isto,
1387 3737 1449 3781 ut
1472 3734 1558 3782 ait
1603 3730 1877 3793 Lucilius,
1929 3729 2140 3781 schedio
2190 3732 2245 3778 et
2279 3725 2558 3778 incondito

582 3796 939 3859 experimini,
976 3812 1043 3846 an
1082 3797 1219 3848 idem
1256 3803 1359 3849 n’m
1399 3803 1745 3867 repentinus,
1786 3802 1884 3865 qui
1904 3801 2288 3865 praeparatus.
2367 3795 2556 3846 Lucilii

585 3863 745 3914 verba
790 3862 1032 3915 habuisse
1077 3867 1288 3918 videtur
1336 3867 1477 3920 Fest.
1517 3885 1560 3920 s.
1603 3885 1656 3921 v.
1695 3867 1977 3932 schediae,
2024 3867 2173 3918 cuius
2210 3864 2368 3917 verba
2405 3864 2560 3916 nimis

582 3933 758 3985 lacera
791 3939 942 3995 sunt,
978 3948 1129 4000 quam
1164 3942 1224 3987 ut
1256 3944 1402 3988 certo
1436 3938 1644 4002 agnosci
1678 3945 1891 4004 quent.

519 4021 541 4072 1
583 4019 664 4073 Cf.
716 4020 778 4071 de
825 4018 1052 4070 Petronii
1102 4020 1212 4072 loco
1262 4037 1362 4074 van
1414 4022 1614 4076 Heusde
1663 4025 1725 4088 (l.
1766 4024 1804 4076 l.
1842 4040 1892 4092 p.
1931 4023 2027 4077 311
2056 4022 2188 4089 sq.)‚
2254 4020 2342 4088 qui
2393 4019 2560 4071 Persii

583 4105 678 4139 uon
714 4103 904 4140 memor
939 4087 1056 4140 suit.

658 4483 785 4588 *χ
