2764 4738
679 418 1216 482 ARGUMENTUM
1307 417 1633 480 SATIRAE
1694 419 1737 478 1.
2142 413 2225 478 73

222 593 444 651 veritatis
473 593 523 650 vi
557 593 773 651 animos
804 603 1211 652 commoveant.
1261 589 1446 663 Quid?
1477 587 1622 670 quod
1654 609 1727 648 eo
1757 586 2013 667 procedit
2047 590 2224 665 turpi·
2272 605 2287 628 ⁸

195 676 351 747 undo,
379 679 549 757 utqui
579 680 900 755 gravissimi
932 675 1181 738 criminis
1214 687 1516 735 accusatus
1549 677 1640 746 sit,
1672 694 1782 732 non
1815 693 1879 733 se
1912 670 2223 733 defendere

221 761 434 833 studeat,
463 761 564 822 sed
594 783 765 822 aures
812 762 1125 822 auditorum
1172 761 1355 822 doctis
1385 761 1581 839 figuris
1613 759 1892 829 mulceat,
1939 769 2001 816 ut
2030 756 2225 818 laude-

221 859 296 905 tur
320 858 578 927 tamquam
609 859 809 907 orator
837 851 1074 927 peritus»,
1106 850 1263 928 quasi
1290 850 1360 918 is,
1393 850 1485 927 qui
1504 844 1790 906 mendicus
1815 863 2003 903 assem
2021 845 2226 922 poscit,

220 954 308 990 non
337 932 785 1005 misericordiam,
827 954 1018 993 verum
1052 932 1299 993 dolorem
1331 929 1672 1003 ostendens,
1718 947 2075 989 commovere
2107 939 2225 987 stu-

220 1016 345 1087 deat.
374 1017 471 1077 sed
516 1021 809 1096 egregium
854 1029 1145 1079 cantorem
1192 1039 1255 1077 se
1305 1027 1602 1097 praestare
1632 1017 1768 1075 velit
1813 1025 1889 1088 (v.
1923 1017 2223 1084 83—91).

222 1103 447 1174 Quamvis
478 1105 786 1163 artificiose
831 1106 1124 1183 compositi
1156 1106 1296 1174 sint,
1340 1104 1591 1181 quamvis
1622 1102 1863 1160 molliter
1892 1102 2067 1158 fluant
2094 1118 2225 1159 ver-

221 1208 317 1256 sus,
347 1199 521 1247 tamen
557 1190 744 1257 nimia,
777 1208 922 1268 quae
969 1188 1215 1248 adhibita
1264 1198 1356 1247 est
1386 1208 1517 1258 πε,
1565 1186 1918 1264 delicataque
1969 1184 2222 1245 luxuries

220 1275 332 1330 satis
360 1274 611 1352 probant,
643 1273 699 1332 id
730 1275 908 1352 ipsum
940 1275 1009 1332 iis
1042 1273 1272 1345 deesse,
1304 1271 1449 1353 quod
1483 1283 1706 1352 poetam
1732 1272 1976 1339 efficiat,
2009 1273 2224 1328 animus

218 1368 357 1436 atque
385 1360 662 1436 ingenium
696 1378 832 1418 vere
877 1361 1191 1438 poeticum,
1237 1359 1541 1417 masculum
1588 1358 1792 1427 robur,
1839 1357 2036 1415 fervor
2065 1358 2227 1432 inge-

220 1462 363 1513 nuus,
433 1446 522 1522 qui
567 1463 762 1503 veram
805 1465 915 1502 non
975 1446 1221 1503 fucatam
1279 1445 1694 1522 simplicitatem
1748 1441 2109 1520 amplectitur
2167 1449 2228 1498 et

218 1547 403 1586 summo
443 1526 630 1586 studio
681 1548 1004 1606 summaque
1052 1530 1448 1597 contentione,
1511 1548 1621 1584 uon
1670 1527 1780 1586 levi
1831 1525 2108 1595 artificio,
2169 1521 2224 1581 id

219 1616 411 1690 assequi
452 1611 672 1683 studet,
718 1611 866 1692 quod
910 1615 1095 1670 animo
1142 1615 1486 1691 propositum
1542 1610 1714 1670 habet
1760 1618 1835 1683 (v.
1880 1613 2221 1680 92—106).

356 1698 436 1755 Eo
467 1695 616 1756 redit
644 1699 862 1768 oratio,
901 1697 1049 1756 unde
1095 1717 1335 1775 egressa
1368 1698 1490 1755 fuit.
1583 1694 1642 1754 Si
1689 1697 1870 1753 omnia
1902 1696 2001 1753 tibi
2032 1693 2226 1773 displi-

216 1791 342 1852 cent,
371 1784 444 1840 ait
457 1783 574 1854 ille,
607 1802 752 1861 quae
783 1784 939 1853 fiunt,
971 1803 1074 1842 cur
1104 1795 1289 1842 tamen
1321 1784 1647 1861 vituperare
1677 1782 1864 1840 velis?
1894 1799 2019 1839 nam
2053 1780 2222 1839 facile

216 1868 440 1939 eveniet,
484 1878 547 1927 ut
591 1887 868 1945 proceres
899 1868 997 1926 tibi
1028 1869 1384 1928 irascantur:
1431 1867 1629 1926 melius
1661 1867 1832 1944 igitur
1862 1867 1975 1925 erit
2005 1875 2222 1924 tacere.

216 1948 359 2023 Sane,
398 1954 444 2011 si
473 1954 550 2011 ita
598 1955 720 2024 vis,
749 1954 924 2031 inquit
955 1953 1223 2024 PersiuS,
1274 1955 1320 2009 si
1368 1970 1734 2031 quaecunque
1780 1952 1947 2023 fiunt,
1995 1950 2225 2030 probari

212 2036 379 2114 iubes,
421 2040 688 2120 optimum
741 2048 834 2097 est
876 2050 1071 2098 tacere
1121 2046 1196 2110 (v.
1247 2042 1642 2108 107—114);
1690 2056 1880 2095 verum
1926 2056 2033 2094 non
2084 2036 2227 2095 fecit

210 2122 273 2178 ita
299 2120 558 2193 LuciliuS,
589 2143 700 2181 non
734 2123 1018 2195 Horatius,
1049 2143 1236 2204 neque
1266 2124 1489 2182 omnino
1510 2165 1527 2192 ,
1559 2123 1812 2200 qnihaec
1844 2119 2030 2180 studia
2061 2131 2223 2180 curat

210 2226 360 2284 seque
389 2206 457 2266 ad
488 2206 544 2266 id
576 2219 766 2267 natum
797 2210 1004 2280 sentit,
1038 2220 1100 2268 ut
1128 2209 1262 2267 talia
1310 2210 1575 2286 castiget.
1666 2205 1870 2286 Neque
1902 2226 2035 2284 ego,
2068 2207 2223 2285 quic-

211 2290 320 2369 quid
347 2290 501 2365 dicis,
535 2295 777 2373 saciam3
825 2292 929 2353 sed
960 2292 1104 2374 quod
1152 2314 1263 2373 ego
1295 2295 1348 2351 in
1382 2311 1657 2373 perverso
1704 2312 1892 2352 rerum
1922 2302 2069 2351 statu
2101 2291 2222 2349 ani-

209 2376 496 2451 madverto,
528 2378 585 2438 id
619 2380 809 2438 libello
842 2399 968 2439 meo
1000 2391 1160 2439 certe
1193 2378 1552 2449 concredam,
1585 2380 1633 2437 si
1665 2379 1869 2437 nemini
1902 2378 1993 2436 alii
2027 2378 2222 2436 dicere

208 2483 405 2537 possum
440 2473 514 2537 (v.
553 2470 934 2537 115—123).
1007 2464 1211 2544 Neque
1244 2476 1464 2535 tamen,
1498 2466 1545 2522 si
1577 2484 1698 2534 eos,
1730 2466 1820 2543 qui
1854 2464 2080 2521 mollitie
2114 2461 2225 2520 dif-

205 2549 374 2620 fluunt,
405 2551 625 2608 litteras
657 2562 816 2609 recte
851 2552 1049 2609 fovere
1095 2570 1273 2627 nego,
1307 2551 1477 2609 hosce
1510 2550 1719 2628 probo,
1752 2551 1843 2628 qui
1876 2550 2021 2606 omni
2054 2549 2224 2605 animi

204 2634 395 2693 cultura
427 2633 713 2706 destituti,
764 2633 934 2694 rudos
980 2646 1041 2694 et
1068 2636 1334 2712 impoliti,
1395 2635 1744 2694 Graecorum
1787 2632 1971 2692 studia
2018 2630 2224 2703 rident,

204 2719 292 2775 sibi
332 2719 614 2798 plandunt.
702 2720 832 2779 Mea
883 2722 1092 2798 scripta
1134 2722 1321 2797 leget,
1369 2722 1684 2799 quicunque
1728 2737 1866 2778 vero
1912 2717 2223 2777 litterarum

202 2801 366 2862 studio
409 2805 610 2864 ductus
669 2804 926 2864 Graecae
973 2804 1302 2865 comoediae
1354 2817 1654 2876 auctoreS,
1697 2824 1835 2883 quos
1884 2814 1943 2862 ut
1984 2799 2221 2880 egregia

202 2891 435 2969 exempla
469 2909 697 2970 sequar,
745 2893 904 2949 novit
948 2902 1006 2951 et
1050 2901 1314 2949 veretur:
1364 2903 1595 2951 ceteros
1627 2890 1759 2948 nibil
1806 2909 1945 2948 curo
1977 2905 2222 2966 suasque

203 2974 289 3031 sibi
323 2994 413 3034 res
447 2976 660 3033 habere
692 2977 858 3034 iubeo
892 2984 968 3043 (v.
1011 2980 1388 3048 123-134).

351 3060 506 3121 Haec
551 3062 837 3119 sufficiant
884 3061 941 3118 h.
975 3062 1014 3120 l.
1065 3060 1136 3120 ad
1179 3062 1585 3119 sententiarum
1630 3057 1880 3119 ordinem
1927 3057 2225 3117 declaran-

200 3141 307 3203 dum
329 3167 346 3202 ε
376 3166 519 3225 quae
551 3148 889 3223 gravissima
920 3149 1178 3225 quaestio
1227 3156 1334 3216 est,
1385 3144 1454 3204 de
1488 3148 1706 3205 ratione
1753 3165 1861 3225 qua
1892 3144 2226 3202 tractaverit

202 3227 408 3289 Persius
441 3228 681 3289 studium
715 3231 1064 3302 litterarum,
1110 3233 1275 3311 quale
1322 3242 1453 3290 tunc
1485 3232 1732 3309 vigebat,
1764 3250 1830 3290 ea
1864 3233 1918 3287 in
1956 3230 2224 3308 prolego-

200 3318 355 3375 menis
386 3317 709 3376 accuratius
743 3315 1038 3375 tractanda
1073 3318 1194 3375 fuit.
1288 3317 1463 3375 Unum
1511 3327 1719 3374 tantum
1765 3317 1993 3374 afferam
2040 3314 2223 3372 Sene-

200 3418 334 3473 cam,
379 3404 474 3481 qui
519 3403 575 3460 in
617 3402 860 3480 epistola
891 3402 1073 3460 CXIV
1118 3400 1189 3461 de
1220 3421 1293 3461 ea
1339 3404 1704 3481 quaestione,
1751 3421 1852 3460 cur
1896 3398 2224 3479 quibusdam

200 3487 519 3565 temporibus
537 3489 863 3565 provenerit
891 3498 1194 3564 corruptae
1223 3506 1406 3564 genus
1439 3489 1735 3557 orationis,
1762 3487 2059 3564 eleganter
2077 3495 2136 3544 et
2151 3482 2222 3541 ad

199 3582 425 3631 nostram
470 3574 851 3650 cognitionem
894 3571 965 3631 de
1011 3573 1157 3630 illius
1207 3574 1479 3651 temporis
1524 3571 1723 3630 studiis
1771 3573 2061 3631 litterariis
2095 3589 2224 3649 per-

203 3674 343 3732 quam
374 3659 591 3717 utiliter
620 3655 887 3735 disputat.
934 3658 1072 3716 Cum
1103 3678 1212 3717 non
1246 3660 1426 3735 possit
1455 3659 1598 3716 alius
1642 3677 1776 3714 esse
1808 3659 2037 3734 ingenio
2083 3657 2224 3713 alius

201 3741 361 3800 animo
391 3744 572 3813 color,
604 3745 879 3801 orationis
912 3743 1198 3802 lasciviam
1233 3744 1488 3802 luxuriae
1535 3742 1790 3820 publicae
1836 3753 2223 3819 argumentum

202 3844 315 3885 esse
346 3838 523 3905 putat.
599 3828 739 3886 Nam
787 3828 933 3908 quod
978 3828 1355 3888 celeberrimo
1405 3827 1556 3886 dicto
1604 3828 1807 3885 effatus
1855 3837 1948 3885 est
2006 3827 2225 3893 Buffon,

201 3910 245 3963 le
263 3915 400 3987 style
428 3914 570 3971 c’est
601 3913 886 3983 ehomme,
922 3913 975 3971 id
1008 3934 1113 3972 nec
1147 3916 1405 3992 antiquos
1440 3914 1602 3989 fugit,
1636 3914 1724 3991 qui
1756 3923 1955 3971 vetere
1990 3932 2226 3991 provor-

201 3992 278 4051 bio
306 3998 770 4068 dixerunt,talem
806 3999 1118 4058 hominibus
1153 4019 1285 4057 esse
1318 4000 1651 4069 orationem,
1685 3999 1865 4076 qualis
1897 3999 2007 4055 vita
2044 4007 2223 4056 esset.

203 4078 462 4143 Orationis
495 4104 639 4163 ergo
670 4085 928 4155 licentia,
976 4087 1024 4144 si
1057 4082 1220 4144 modo
1254 4085 1524 4163 frequens
1558 4094 1680 4156 est,
1728 4082 1977 4143 ostendit
2009 4085 2223 4141 animos
