2764 4738
410 407 540 477 334
837 407 1105 471 SCHOL.
1148 407 1255 469 An
1298 406 1472 470 SAT.
1520 406 1595 483 V,
1642 412 2025 476 122-133.

587 584 729 645 122.
773 582 938 641 Haec
974 581 1218 640 miscere
1260 578 1470 660 nesus,·
1521 578 1576 641 id
1621 592 1743 653 est,
1798 581 2131 659 sapientiam
2171 579 2446 642 stultitiae

414 669 764 729 commisceri
811 665 1160 745 impossibile
1206 677 1315 726 est.
1486 668 1614 726 Nee
1655 687 1783 726 eum
1823 670 1909 726 sis
1954 677 2196 726 caetera
2210 664 2444 746 fossor.

417 756 709 824 Caetera,
755 751 812 813 id
843 762 967 822 est,
1014 749 1084 811 ad
1115 770 1469 830 supremum3
1515 763 1575 811 et
1602 751 1710 812 hoc
1741 751 1903 812 dicit:
1951 751 2087 811 Cum
2118 754 2198 810 sis
2230 753 2444 823 fossor,

412 861 522 899 non
556 840 739 918 possis
772 839 985 897 moveri
1015 837 1106 896 vol
1135 835 1208 895 ad
1237 848 1357 897 tres
1390 857 1653 898 numeros
1696 839 1874 918 satyri
1919 835 2200 918 Bathylli,
2251 835 2307 897 id
2351 847 2455 898 est

409 926 801 1004 pantomimum
833 924 1036 982 imitari
1066 942 1176 980 nou
1205 924 1414 1002 possis.

587 1014 725 1072 123.
786 1008 1291 1085 *Bathyllus*
1378 1019 1562 1067 autem
1643 1013 1672 1047 *
1698 1009 2189 1088 pantomimus
2261 1008 2443 1080 ruit,

408 1095 885 1155 Maecenatis
941 1089 1336 1153 libertus.⁴'
1403 1093 1561 1171 Ergo
1602 1105 1662 1152 ut
1703 1094 2049 1174 impossihile
2094 1104 2179 1153 est
2221 1094 2443 1153 rustico

408 1183 800 1260 pantomimum
831 1180 1066 1250 imitari,
1099 1179 1181 1237 sic
1211 1179 1555 1255 impossihile
1587 1179 1757 1239 stulto
1787 1181 2121 1259 sapientiam
2150 1181 2331 1258 sequi.

406 1267 699 1325 Numeros
727 1264 860 1325 dicit
888 1276 1085 1335 tonos,
1115 1263 1204 1322 vel
1237 1264 1557 1343 rhythmos.

583 1356 724 1413 124.
767 1352 945 1410 Liber
974 1368 1105 1427 ego.
1155 1348 1348 1407 Verba
1393 1350 1602 1428 culpati
1643 1349 1859 1420 vitiosi,
1904 1349 2105 1429 quihus
2146 1367 2222 1409 ex
2250 1349 2444 1431 populi

406 1439 781 1515 responsione
838 1438 1029 1494 utitur.
1208 1435 1368 1493 Unde
1431 1436 1633 1494 datum
1686 1436 1796 1494 hoe
1831 1436 2035 1495 sumis.
2107 1434 2183 1494 Et
2226 1445 2395 1515 poeta
2416 1457 2441 1495 a

407 1520 699 1595 Quomodo
745 1531 803 1580 te
835 1521 1069 1580 liberum
1100 1538 1234 1578 esse
1265 1518 1441 1592 dicis,
1486 1539 1611 1580 cum
1650 1521 1911 1579 vitiorum
1952 1540 2154 1581 servus
2186 1523 2309 1580 sis?
2363 1520 2444 1581 Et

404 1608 638 1679 transit,
681 1617 744 1666 ut
773 1605 1012 1676 doceat,
1054 1625 1217 1684 quam
1259 1605 1464 1664 multos
1507 1606 1660 1665 stulti
1704 1603 1958 1664 dominos
1989 1605 2271 1680 habeant,
2310 1617 2441 1666 tan·

407 1713 566 1772 quam
600 1693 693 1773 qui
723 1691 860 1751 nihil
890 1690 1123 1750 arbitrio
1155 1710 1292 1760 suo,
1324 1689 1429 1749 sed
1458 1692 1611 1750 iussu
1640 1692 1897 1750 vitiorum
1932 1692 2203 1751 efficiant.

582 1783 723 1841 125.
765 1781 869 1838 An
914 1778 1200 1835 dominum
1247 1777 1527 1854 ignor-m,
1576 1796 1646 1835 au
1697 1778 2019 1848 existimas,
2064 1777 2269 1836 nullum
2301 1795 2437 1837 csse

404 1860 714 1935 dominum,
756 1863 865 1922 nisi
896 1882 1019 1922 eum
1042 1903 1060 1935 ,
1105 1861 1199 1941 qui
1230 1881 1354 1920 cum
1386 1873 1445 1922 te
1476 1863 1892 1934 manumiserit,
1936 1859 2142 1921 desinit
2170 1880 2302 1923 esse
2333 1859 2438 1921 (lo-

401 1948 616 2020 minus,
648 1958 707 2007 et
737 1945 1074 2008 dominatum
1106 1948 1268 2024 virga
1296 1949 1451 2006 servi
1481 1957 1650 2026 caput
1677 1958 1916 2026 tangens
1946 1945 2243 2006 dissolvit?
2287 1946 2437 2020 Quia

401 2032 839 2093 manumittendo
886 2044 997 2092 tam
1043 2051 1244 2092 servus
1288 2052 1322 2089 a
1366 2030 1626 2105 domino,
1671 2053 1835 2113 quam
1879 2030 2131 2093 dominus
2162 2033 2233 2092 ab
2262 2033 2436 2107 iuius,

400 2139 564 2199 quem
599 2120 958 2191 manumittit,
1001 2118 1241 2178 servitio
1272 2115 1601 2177 absolvitur.

577 2209 717 2267 126.
760 2206 799 2263 I
812 2224 971 2283 puer
990 2247 1009 2276 ,
1042 2213 1105 2262 et
1128 2204 1421 2281 strigiles.
1468 2204 1750 2282 Strigiles
1780 2201 2040 2263 dicuntur
2068 2203 2165 2263 illa
2194 2203 2432 2277 velaria,

400 2287 547 2350 undo
603 2288 847 2349 athletae
907 2300 1035 2371 post
1078 2286 1326 2347 laborem
1384 2298 1713 2368 terguntur:
1768 2289 1880 2348 hoc
1920 2299 2012 2349 est
2052 2309 2087 2348 a
2129 2286 2430 2368 tergendo,

400 2375 547 2456 quod
580 2374 804 2436 Graece
831 2372 1139 2454 στλεγγίζω
1170 2371 1374 2434 dicitur
1400 2380 1440 2434 ¹.

574 2465 715 2524 128.
758 2462 887 2521 Nec
914 2462 1181 2538 cuiquam
1213 2461 1585 2519 extrinsecus
1627 2462 1837 2520 emi-at.
1894 2460 2014 2521 Hoc
2057 2471 2177 2520 est:
2220 2459 2272 2520 si
2313 2480 2426 2519 non

398 2558 454 2607 te
486 2547 773 2626 compellit
801 2547 1087 2607 servitium
1117 2546 1434 2624 proprium,
1482 2545 1572 2606 vel
1602 2546 1783 2606 minae
1815 2565 1976 2606 meae
2006 2556 2157 2606 tuam
2184 2556 2430 2607 mentem

396 2643 711 2694 exterrent.

573 2721 712 2781 129.
758 2717 884 2777 Sed
920 2718 981 2774 si
1017 2716 1175 2775 intus
1216 2724 1280 2775 et
1316 2717 1374 2773 in
1408 2716 1619 2776 iecore.
1663 2715 1923 2797 Colligit,
1965 2717 2059 2777 vel
2087 2737 2198 2777 nou
2228 2719 2432 2791 minus,

392 2802 486 2863 vel
518 2805 695 2882 magis
725 2802 943 2862 servire
974 2819 1134 2872 eum,
1185 2803 1276 2880 qui
1307 2802 1443 2860 vitio
1475 2799 1696 2862 deditus
1726 2813 1851 2874 est,
1882 2823 2044 2883 quam
2077 2822 2202 2862 eum
2221 2846 2240 2875 ‚
2271 2805 2363 2883 qui
2393 2823 2431 2863 a

393 2887 618 2948 domino
663 2887 734 2947 ob
780 2888 1082 2966 segnitiem
1126 2888 1418 2946 ministerii
1463 2897 1655 2966 potest
1706 2888 2021 2949 verberari.
2092 2887 2217 2961 Quo
2260 2901 2429 2967 pacto

392 2994 535 3053 ergo
565 2985 622 3034 te
653 2993 875 3033 servum
909 2991 1122 3051 negas,
1164 2972 1323 3030 cuius
1367 2982 1569 3051 pectus
1600 2974 1949 3053 animumque
1982 2984 2065 3033 tot
2094 2971 2428 3033 dominatio-

393 3079 499 3119 nes
529 3057 913 3118 obsederunt?
956 3055 1012 3117 id
1041 3067 1166 3130 est,
1197 3058 1457 3129 avaritia,
1486 3055 1796 3137 cupiditas,
1826 3060 2044 3139 aliaque
2072 3060 2244 3130 vitia,
2277 3079 2427 3140 quae

393 3165 495 3225 pro
527 3144 765 3203 dominis
805 3145 1012 3222 posuit.

567 3233 707 3292 131.
765 3231 1063 3288 Senticam
1109 3227 1387 3287 habenam
1431 3225 1600 3300 dicit,
1657 3226 1803 3309 quod
1848 3229 1972 3289 eius
2018 3249 2154 3289 usus
2199 3229 2307 3290 lori
2353 3227 2427 3290 ad

389 3315 587 3394 plagas
619 3312 764 3393 apud
798 3313 1043 3393 Scythas
1075 3315 1333 3373 inventus
1367 3315 1462 3373 sit.

564 3404 706 3463 132.
748 3402 930 3458 Mane
979 3400 1162 3478 piger
1216 3402 1441 3459 sternis.
1499 3399 2028 3470 Demonstraturus,
2086 3417 2230 3479 quae
2288 3399 2427 3459 vitia

387 3486 533 3545 intra
576 3496 776 3564 pectus
822 3484 1059 3543 hominis
1103 3483 1491 3556 dominentur,
1536 3483 1748 3544 inducit
1787 3482 2154 3544 dormientem
2184 3486 2425 3545 excitari

387 3571 458 3633 ab
489 3572 787 3642 avaritia,
826 3581 887 3630 et
915 3570 985 3629 ab
1018 3589 1086 3629 ea
1120 3570 1427 3648 obiurgari.

563 3660 703 3719 133.
749 3658 904 3728 Eia,
934 3675 1155 3733 surge,
1189 3675 1396 3734 negas.
1440 3657 1670 3728 Instat,·
1708 3675 1928 3733 surge,
1976 3656 2186 3734 inquit.
2240 3654 2316 3713 Et
2357 3664 2418 3713 tu

387 3740 563 3801 dicis:
621 3743 864 3819 Nequeo
904 3760 1180 3818 surgere.
1240 3743 1333 3800 En
1382 3739 1527 3820 quid
1566 3746 1790 3820 agam?
1844 3741 2053 3801 Iterum
2100 3752 2160 3800 et
2189 3741 2416 3818 saepius

385 3827 480 3887 ille
528 3824 779 3886 dominus
829 3828 1076 3898 excitat,
1135 3824 1359 3886 tandem
1420 3826 1621 3905 surgit.
1692 3827 1808 3885 Eia
1854 3846 1966 3886 vox
2010 3835 2104 3888 est
2145 3822 2218 3887 ad
2262 3826 2419 3886 exci-

389 3922 616 3972 tantem.

386 4098 410 4150 1
452 4095 537 4149 Gi.
574 4097 687 4148 cod.
725 4096 878 4149 Bern.
919 4093 1248 4164 „Nus-ator,
1285 4094 1601 4161 sebosarest‘
