2764 4738
848 427 1015 508 sAr.
1049 449 1092 521 1,
1127 452 1247 512 1⁰3
1284 480 1366 494 —
1403 452 1547 512 106.
1628 419 1639 427 ’
2089 442 2213 509 107

207 619 311 690 (VI,
336 623 413 682 72
443 620 516 679 el.
567 617 795 680 Heindr.
841 619 913 680 ad
960 619 1096 679 Hor.
1137 629 1244 679 sat.
1291 621 1336 692 l,
1379 624 1441 692 2,
1488 621 1617 691 33),
1647 628 1759 677 tum
1803 619 1977 677 vario·
2002 638 2107 677 usu
2138 616 2212 677 ad

207 703 434 764 diversas
460 725 557 765 res
588 708 952 778 transfertur,
983 716 1046 765 ut
1073 707 1252 784 ipsam
1281 706 1558 764 vivificam
1586 705 1695 762 vim
1728 703 2026 781 significet,
2066 723 2119 763 e.
2151 724 2208 780 g.

205 810 329 850 vena
354 792 573 870 eloquii
595 789 743 871 apud
776 790 1099 871 Symmaeh.
1118 809 1247 871 epp.
1278 792 1323 862 l,
1358 795 1457 852 14.
1504 808 1653 849 vena
1678 791 1814 848 stili
1837 806 1933 867 ap.
1969 788 2209 847 Tertull.

204 876 401 955 apolog.
437 881 534 939 19.
624 878 880 936 Latinae
932 879 1176 952 linguae
1221 895 1369 934 vena
1431 896 1520 954 ap.
1564 873 1818 933 Macrob.
1855 873 1975 932 Sat.
2022 873 2205 951 praef.

203 981 250 1040 p.
275 965 389 1024 208
421 960 510 1020 ed.
550 962 731 1022 Zeun.
779 962 852 1021 V.
897 962 1009 1020 alia
1054 959 1200 1040 apud
1233 961 1407 1020 Iuret.
1440 959 1512 1019 ad
1558 958 1769 1040 Symm.
1811 979 1940 1039 epp.
1972 958 2074 1027 lx,
2106 962 2206 1021 65.

204 1044 380 1126 Neque
408 1045 631 1106 aliunde
656 1045 1000 1127 repetendus
1032 1057 1123 1105 est
1151 1066 1287 1105 usus
1317 1065 1442 1104 voc.
1484 1065 1632 1105 vena
1664 1044 1735 1104 de
1763 1045 2003 1103 metallis
2036 1051 2111 1118 (v.
2143 1043 2214 1115 11,

206 1135 290 1194 66.
316 1132 425 1190 luv.
457 1132 557 1203 IX,
604 1137 706 1195 31.
747 1132 873 1191 Nic.
908 1133 1101 1192 Heius.
1130 1130 1312 1191 Advv.
1357 1131 1429 1202 II,
1465 1135 1541 1194 19
1573 1150 1627 1208 p.
1661 1134 1845 1204 364);
1895 1150 2020 1188 nam
2070 1130 2215 1188 sieut

205 1219 250 1274 in
288 1219 551 1295 sanguine
611 1216 761 1297 quod
810 1220 972 1278 venis
1036 1219 1387 1289 continetur,
1465 1235 1605 1275 vera
1645 1217 1732 1274 vis
1785 1235 1853 1274 ac
1895 1217 2012 1273 vita
2042 1216 2213 1286 inest,

206 1321 327 1380 quae
364 1321 606 1383 corpore
652 1314 1035 1375 sustentatur,
1081 1304 1162 1361 ita
1201 1321 1391 1361 massa
1432 1320 1639 1379 corpus
1663 1298 2070 1379 quodammodo
2101 1310 2213 1371 est,

205 1406 296 1466 quo
323 1388 599 1447 metallum
628 1391 887 1448 vestitur.
944 1386 1160 1448 Eodem
1191 1389 1442 1467 pertinet
1471 1406 1604 1446 usus
1623 1408 1679 1446 v.
1711 1406 1857 1445 vena
1886 1385 1956 1447 de
1981 1386 2212 1463 ingenio

204 1474 421 1551 poetico,
451 1476 580 1553 quia
609 1475 830 1534 seilicet
857 1472 1193 1552 procreandi
1221 1475 1307 1532 vis
1336 1483 1446 1544 est,
1478 1492 1640 1553 quam
1670 1472 1725 1529 in
1760 1473 1941 1551 poetis
1971 1472 2212 1530 maxime

207 1555 513 1617 admiramur
542 1559 704 1632 (Hor.
742 1559 815 1619 A.
847 1559 909 1618 P.
937 1563 1081 1622 409.
1110 1559 1227 1619 Iuv.
1256 1558 1378 1628 VII,
1413 1562 1492 1620 53
1523 1558 1601 1618 ib.
1635 1559 1858 1637 intpp.).
1917 1557 2071 1615 Bene
2106 1557 2213 1634 igi-

206 1653 282 1701 tur
304 1642 437 1703 dixit
465 1648 716 1704 m‘veret.
761 1647 911 1715 Hoc,
940 1642 1087 1724 quod
1118 1655 1174 1703 tn
1201 1642 1365 1702 modo
1393 1643 1599 1721 legisti,
1638 1652 1699 1702 ut
1725 1664 1779 1702 v.
1818 1646 1922 1713 96,
1950 1641 2214 1702 delumbe

207 1740 296 1800 est,
317 1731 392 1790 ef.
423 1728 884 1810 Sidon.Apolliu.
907 1749 1037 1810 epp.
1056 1729 1205 1801 VIII,
1229 1733 1340 1792 16:
1388 1727 1493 1800 „Si
1512 1727 1732 1808 quidem
1763 1739 1981 1787 maturo
2014 1729 2217 1787 lectori

208 1835 298 1873 non
326 1827 527 1875 tantum
559 1814 731 1876 dictio
759 1818 1006 1886 exossis,
1025 1827 1245 1886 tenera,
1277 1816 1584 1886 delumbis,
1604 1824 1868 1894 quantum
1901 1813 2215 1883 vetuscula,

207 1911 375 1961 torosa
409 1912 469 1962 et
514 1905 677 1983 quasi
723 1902 972 1961 mascula
1017 1902 1222 1981 placet.
1310 1902 1397 1961 Ita
1451 1901 1785 1960 Ciceronem
1835 1901 2112 1959 elumbem
2158 1909 2219 1958 et

207 1986 415 2047 hactum
440 1989 666 2046 vocavit
696 1987 900 2046 Brutus
931 1987 1092 2061 (Tac.
1127 1985 1258 2046 dial.
1289 1990 1414 2058 18).
1462 1986 1566 2059 Qui
1601 1997 1729 2045 sunt
1759 1987 1917 2045 leves
1939 1995 2000 2045 et
2025 1985 2216 2044 futiles

205 2083 254 2130 ct
278 2073 563 2152 importuni
610 2073 930 2143 locutores,
972 2083 1033 2132 ut
1065 2072 1277 2132 Gellius
1326 2072 1393 2145 (1,
1434 2077 1534 2143 15)
1563 2073 1661 2142 ait,
1705 2073 1908 2151 quique
1939 2070 2088 2129 nullo
2120 2089 2215 2129 re-

206 2176 306 2215 rum
345 2158 595 2238 pondere
639 2159 812 2217 innixi
850 2160 1046 2218 verbis
1088 2159 1339 2216 humidis
1380 2167 1445 2216 et
1479 2157 1853 2235 lapsantibus
1903 2154 2213 2238 diffluunt,

206 2261 370 2302 eorum
414 2245 726 2303 orationem
768 2244 913 2303 bene
956 2245 1331 2302 existimatum
1376 2252 1463 2301 est
1505 2244 1563 2301 in
1610 2262 1713 2301 ore
1750 2243 1959 2313 nasei,
2006 2260 2115 2299 non
2162 2241 2217 2298 in

206 2339 413 2404 pectore
457 2329 559 2400 (cf.
610 2328 887 2389 Graecum
923 2325 1159 2412 ῥήματα
1189 2322 1308 2388 ἀπὸ
1334 2323 1599 2407 χειλέων,
1632 2322 1750 2388 ἀπὸ
1783 2324 2039 2410 καρδίας
2064 2324 2213 2385 Plut.

207 2415 324 2473 Cato
340 2417 466 2474 mai.
491 2418 615 2488 12).
651 2414 807 2475 Unde
836 2415 1210 2488 Quintilianus
1244 2415 1342 2488 (X,
1375 2418 1435 2485 3,
1463 2417 1527 2485 2)
1559 2416 1782 2473 inanem
1820 2413 2217 2492 loquacitatem

206 2512 252 2558 et
275 2502 439 2560 verba
490 2502 546 2559 in
584 2501 755 2560 labris
787 2503 1080 2560 nascentia
1127 2502 1250 2558 sine
1293 2500 1642 2559 conscientia
1683 2499 1975 2577 profectus
2020 2518 2133 2556 non
2182 2515 2219 2555 a

204 2602 395 2644 summo
435 2588 596 2664 petiti
635 2585 756 2644 dari
795 2597 1016 2655 monet,
1060 2596 1121 2645 et
1162 2585 1316 2644 clare
1361 2583 1505 2643 dixit
1547 2584 1769 2643 Seneca
1817 2590 1970 2662 (epp.
2002 2582 2078 2653 X,
2117 2586 2217 2651 3):

203 2669 310 2728 Non
340 2692 374 2730 a
407 2674 643 2731 summis
693 2672 880 2731 labris
926 2674 1038 2729 ista
1082 2681 1392 2741 venerunt,
1427 2669 1636 2728 habent
1677 2669 1785 2727 hae
1815 2686 1988 2727 voces
2019 2665 2218 2725 funda-

203 2768 442 2816 mentum.
489 2756 640 2816 Idem
666 2758 839 2835 igitur
867 2757 1070 2816 fortius
1094 2758 1384 2834 expressit
1414 2755 1664 2825 Persius,
1699 2763 1913 2813 natare
1944 2754 2003 2810 in
2032 2752 2222 2811 labris

200 2860 398 2901 summa
426 2844 643 2902 saliva.
705 2845 776 2901 In
807 2843 918 2900 udo
963 2851 1076 2912 est,
1124 2842 1288 2920 plane
1333 2838 1644 2918 respondet
1680 2839 1903 2898 Graeco
1953 2834 2016 2895 ἐμ
2053 2834 2223 2918 ὑγρῷ

203 2922 396 3000 ἐστινὴ
422 2928 673 3006 γλῶττα,
709 2925 857 3006 quod
888 2925 957 2986 ‹le
986 2926 1222 3006 quuace
1253 2928 1333 2984 ait
1359 2926 1788 3004 Theophrastus
1821 2923 2001 2996 (char.
2035 2926 2121 2994 8),
2163 2930 2223 2979 et

202 3020 255 3067 et
279 3010 413 3071 idem
447 3014 732 3088 significat
766 3015 856 3084 iis,
901 3033 1046 3092 quae
1091 3009 1463 3091 praecedunt.
1549 3012 1729 3069 Udum
1772 3020 1956 3069 autem
2003 3005 2075 3065 de
2119 3025 2222 3065 ore

201 3107 251 3153 et
277 3099 444 3156 saliva
474 3097 695 3169 dicitur,
747 3119 799 3157 v.
843 3097 910 3169 11,
944 3102 1046 3159 32.
1086 3099 1250 3175 Virg.
1294 3096 1507 3174 Georg.
1550 3095 1645 3167 111,
1673 3100 1816 3158 380.
1862 3093 1979 3153 Iuv.
2035 3093 2078 3163 Ι,
2112 3096 2216 3154 68.

202 3179 352 3241 Mart.
389 3183 537 3254 v111‚
569 3189 673 3252 44.
718 3189 777 3245 5.
833 3183 936 3242 Vs.
972 3187 1092 3245 106
1137 3182 1367 3242 Persius
1414 3201 1486 3240 ea
1531 3202 1642 3240 non
1685 3182 1931 3259 perspici
1963 3197 2132 3256 posse
2166 3179 2220 3234 in

204 3264 345 3327 hisce
373 3268 714 3328 carminibus
749 3270 1045 3347 significat,
1075 3287 1242 3348 quae,
1281 3279 1341 3326 ut
1372 3267 1746 3338 Quintilianus
1788 3269 1867 3323 ait
1893 3265 1991 3336 (Χ,
2023 3268 2081 3331 3,
2116 3267 2221 3332 21)

204 3351 281 3410 uhi
310 3354 414 3413 hoe
446 3354 575 3412 loco
609 3356 817 3424 utitur,
865 3355 1120 3413 altiorem
1163 3353 1330 3412 animi
1362 3363 1565 3410 motum
1611 3361 1937 3429 sequuntur,
1966 3367 2224 3428 quaeque

203 3437 309 3513 ipsa
349 3443 589 3499 animum
639 3438 1042 3519 quodammodo
1090 3440 1399 3497 concitant.
1494 3439 1738 3496 Pluteus
1787 3434 1914 3515 quid
1965 3438 2069 3501 sit.
2116 3453 2224 3491 uon

204 3540 322 3583 sane
350 3526 504 3584 clare
542 3526 899 3603 perspicitur.
965 3524 1194 3582 Pluteos
1228 3526 1379 3581 eirea
1415 3525 1666 3602 parietes
1699 3542 1806 3579 nou
1840 3539 1972 3579 esse
2006 3517 2224 3577 aedium

204 3605 352 3668 docet
391 3611 659 3689 Ulpianus
705 3608 900 3687 (Digg.
953 3609 1108 3680 XIX,
1139 3608 1181 3680 Ι,
1220 3614 1318 3678 17,
1348 3614 1450 3679 4),
1509 3609 1657 3666 inter
1681 3605 1989 3665 studiorum
2019 3608 2227 3662 instru-

205 3705 369 3753 menta
399 3697 584 3755 refert
628 3694 907 3754 Iuvenalis
938 3695 1028 3766 (II,
1076 3699 1139 3764 7)
1187 3702 1247 3753 et
1268 3694 1753 3770 grammaticales
1800 3693 2030 3770 pluteos
2061 3700 2228 3748 vocat

203 3775 372 3839 Sidon.
397 3780 588 3859 Apoll.
611 3800 745 3858 epp.
777 3780 844 3851 11,
875 3784 933 3841 9.
981 3779 1069 3838 cf.
1105 3781 1274 3838 etiam
1304 3779 1584 3855 Bottiger.
1623 3778 1864 3837 Amalth.
1905 3776 1976 3835 111
2006 3797 2059 3855 p.
2081 3779 2223 3837 349.

203 3860 421 3925 Becker.
466 3863 612 3925 Gall.
659 3866 767 3944 lp.
798 3868 938 3927 199.
1021 3867 1255 3942 Ungues
1294 3864 1564 3922 mordere
1623 3866 1742 3923 sive
1781 3861 2055 3921 arrodere
2100 3863 2223 3918 eius

203 3960 295 4017 cst,
320 3954 409 4030 qni
439 3961 559 4010 toto
588 3952 773 4010 animo
804 3953 860 4009 in
893 3951 976 4009 rei
1007 3949 1294 4009 cuiusdam
1345 3969 1480 4008 cura
1523 3947 1739 4007 defixus
1782 3948 2003 4016 haeret,
2034 3949 2226 4023 itaque

203 4030 262 4092 de
285 4055 350 4094 eo
391 4047 710 4114 usurpatur,
749 4038 843 4117 qui
892 4055 1102 4094 summa
1131 4037 1442 4093 intentione
1488 4032 1558 4093 de
1596 4053 1658 4093 re
1696 4032 1927 4113 quadam
1978 4032 2222 4109 cogitat.

204 4128 252 4175 ut
273 4120 319 4178 h.
348 4123 405 4191 l.,
439 4122 632 4182 Horat.
671 4121 794 4181 Sat.
820 4121 862 4193 Ι,
898 4125 994 4193 10,
1028 4125 1109 4184 70
1143 4141 1269 4200 sq.:
1344 4120 1416 4178 Et
1446 4121 1499 4178 in
1544 4137 1713 4181 versu
1750 4116 2011 4178 faciendo
2046 4134 2226 4193 saepe
