2764 4738
815 411 985 475 sA‘r.
1015 412 1112 487 ΙΙΙ,
1153 417 1236 477 98
1266 447 1352 459 -
1386 416 1533 478 103.
1709 419 1718 428 ’
2082 408 2208 477 163

208 583 482 660 Tur-gidus
511 585 678 644 etiam
711 581 855 662 apud
889 584 1081 644 iuven.
1115 585 1151 644 Ι.
1183 585 1220 644 Ι.
1253 595 1363 658 est,
1397 584 1531 644 Hor.
1564 585 1601 643 Ι.
1635 585 1671 642 Ι.
1702 586 2209 664 eruditumidt‘que

198 668 469 728 lavamur.
513 668 673 729 Albo
703 680 932 741 ventre,
968 671 1095 750 qnia
1129 670 1393 749 antiquie,
1427 671 1517 750 qui
1549 689 1791 749 corpora
1835 670 1965 729 oleo
1995 680 2057 730 et
2085 671 2206 730 sole

196 753 432 812 colorata
474 754 791 827 habebant,
836 755 996 813 albus
1039 755 1199 814 color
1246 751 1500 829 (λευκός)
1542 755 1774 815 mollitie
1818 757 2074 815 enervati
2114 757 2210 815 vel
2297 789 2324 842 χ
2369 825 2374 832 ⁸
2435 823 2460 850 ,ἱ

193 838 375 897 morbo
403 837 691 917 depravati
723 859 856 899 esse
885 838 1210 912 videbatur,
1240 840 1320 900 cf.
1359 840 1498 899 Hor.
1530 860 1707 900 carm.
1738 840 1808 911 11,
1837 845 1900 911 2,
1935 845 2033 903 15.
2068 839 2205 900 Seu.
2233 881 2252 894 .
2353 837 2364 862 '¹
2409 843 2414 850 ’
2527 847 2530 860 “

191 941 314 1002 epp.
344 923 560 995 CXXII,
591 929 668 987 4=
713 925 996 996 „Istorum
1028 944 1306 1004 corpora,
1337 927 1429 1005 qui
1477 945 1542 984 se
1573 925 1823 985 tenebris
1853 924 2207 998 dicaverunt,

190 1006 351 1068 foeda
374 1012 645 1069 visuntur.
695 1010 914 1090 Quippe
948 1012 1271 1090 suspectior
1298 1012 1408 1069 illis
1441 1030 1600 1091 quam
1646 1010 1840 1070 morbo
1869 1010 2208 1089 pallentibus

188 1094 342 1152 color
365 1106 483 1154 est·
530 1094 777 1174 languidi
794 1095 1086 1155 etevanidi
1105 1097 1313 1156 albent
1319 1104 1359 1133 ‘⁴
1405 1095 1951 1176 Cr.lntpp.1,ncian.
1982 1095 2204 1156 Auach.
2246 1152 2250 1156 .

184 1182 282 1241 25.
312 1179 526 1240 lacobs.
572 1179 645 1240 ad
689 1180 953 1240 Philostr.
1001 1181 1210 1260 lmagg.
1256 1181 1301 1253 1,
1331 1186 1371 1242 4
1414 1201 1474 1259 p.
1509 1186 1654 1245 230.
1699 1178 1925 1241 Heindf.
1958 1179 2030 1241 ad
2061 1182 2202 1241 Hor.

185 1275 287 1322 sat.
312 1264 379 1337 ΙΙ,
402 1270 463 1336 2,
495 1269 603 1327 21.
651 1265 929 1344 Bottigcr,
960 1264 1196 1327 Aldobr.
1231 1266 1448 1326 Hocbz.
1479 1287 1534 1345 p.
1570 1271 1650 1330 57
1682 1287 1765 1367 sq.
1806 1269 2060 1326 Gutture
2084 1267 2206 1326 sul-

169 1346 381 1427 sur-eas
410 1352 733 1411 exhalante
762 1353 1081 1431 meplntes,
1129 1349 1276 1432 quod
1321 1350 1621 1411 crudorum
1651 1354 1842 1411 vitium
1874 1370 2005 1413 esse
2037 1352 2206 1411 solet.

185 1434 270 1494 Cf.
301 1435 462 1514 Virg.
491 1435 642 1497 A.en
673 1435 796 1509 vn,
828 1442 947 1500 84·
993 1456 1375 1518 ,aeaevamque
1409 1438 1640 1497 exhalat
1656 1456 1833 1516 opaca
1849 1436 2201 1517 mephitim,“

180 1519 267 1578 ubi
296 1519 532 1582 Servius
561 1532 752 1594 notat,
795 1523 1075 1603 mephitim
1120 1526 1350 1602 proprie
1381 1542 1513 1582 esse
1556 1533 1748 1583 terrae
1778 1535 2069 1602 putorem,
2112 1524 2207 1602 qui

179 1603 247 1664 de
285 1608 448 1687 aquis
495 1606 836 1686 sulphuratis
880 1620 1160 1668 nascatur.
1248 1605 1411 1681 Quod
1466 1608 1742 1667 Iuvenalis
1788 1609 1822 1668 Ι.
1870 1609 1907 1668 Ι.
1954 1608 2207 1669 breviter

178 1687 337 1750 dixit:
384 1693 527 1751 ltine
564 1693 801 1752 subitae
828 1704 1083 1766 mortes,
1134 1694 1369 1772 amplius
1402 1690 1672 1753 describit
1701 1693 1955 1765 Persius,
2001 1704 2063 1754 et
2103 1692 2222 1763 ho·‚

178 1778 369 1837 minem
416 1777 674 1837 luxuriae
719 1776 963 1837 deditum
984 1820 1003 1850 ,
1062 1799 1224 1859 quem
1258 1790 1588 1839 coenantem
1621 1799 1773 1839 mors
1803 1790 2074 1857 occupat,
2104 1777 2207 1839 de-

175 1862 363 1940 pingit.
453 1865 625 1922 Inter
651 1865 815 1935 vina,
860 1864 938 1923 cf.
972 1862 1130 1923 Hand
1171 1864 1414 1924 Turseli.
1447 1864 1523 1924 111
1561 1885 1620 1943 p.
1666 1868 1791 1927 402
1835 1885 1942 1946 sq.,
1988 1875 2209 1924 tremor

174 1950 361 2007 mortis
391 1950 885 2028 appropinquantis
916 1950 1131 2028 signum
1163 1951 1326 2009 subit
1349 1951 1727 2029 necopinanti,
1759 1952 1837 2008 ita
1863 1961 1925 2009 ut
1955 1951 2209 2010 excutiat

175 2051 207 2092 e
233 2034 487 2092 manibus
521 2035 806 2106 triental,
854 2053 955 2092 vas
986 2036 1249 2094 trientem
1282 2036 1537 2114 capiens.
1597 2035 1695 2094 His
1724 2036 2071 2114 potissimum
2102 2056 2204 2114 po-

172 2117 334 2177 tando
365 2138 502 2178 usos
532 2138 666 2179 esse
697 2119 978 2178 Romanos
1023 2118 1195 2180 docet
1234 2122 1325 2180 vel
1372 2121 1831 2199 frequentissima
1872 2119 2019 2200 apud
2048 2120 2206 2181 Mar·

169 2204 354 2263 uatem
402 2206 647 2275 mentio,
705 2206 800 2285 qui
841 2224 1070 2283 semper
1114 2209 1362 2265 trzentes
1420 2203 1591 2280 dicit3
1643 2218 1775 2307 apte
1832 2217 2018 2265 autem
2075 2225 2204 2266 voc.

174 2291 424 2349 mental
447 2288 537 2349 bic
569 2310 707 2349 usus
738 2301 853 2366 est,
887 2289 1035 2371 quod
1067 2290 1323 2350 alibinon
1342 2291 1569 2371 legitur,
1601 2303 1661 2350 et
1690 2294 1868 2371 ipsum
1898 2311 2001 2352 vas
2032 2292 2207 2369 signi-

167 2376 315 2447 fieat,
363 2395 491 2435 cum
536 2376 675 2435 alias
725 2397 988 2436 mensura
1039 2378 1388 2455 potissimum
1447 2380 1817 2455 respiciatur,
1877 2397 2207 2458 quamquam

165 2458 441 2520 Hartialis
474 2460 572 2533 (X,
602 2465 706 2534 49,
741 2466 802 2535 1)
830 2463 997 2521 etiam
1015 2464 1433 2541 amethystinos
1463 2466 1710 2523 mentes
1740 2461 1896 2522 dixit.
1935 2464 2204 2522 Calzdum

166 2543 307 2606 dixit
333 2547 588 2619 triental,
618 2549 745 2626 quia
777 2545 1012 2606 calidam
1045 2569 1244 2628 aquam
1276 2550 1404 2607 vino
1436 2550 1678 2608 miscere
1710 2550 1766 2607 in
1811 2547 2028 2607 deliciis
2060 2559 2205 2621 erat,

168 2632 243 2691 cf.
280 2631 583 2702 Gebauer,
628 2631 721 2691 de‘
745 2631 944 2691 caldae
989 2644 1048 2693 et
1091 2632 1236 2692 caldi
1278 2632 1424 2711 apud
1453 2645 1594 2692 vett.
1625 2644 1780 2712 potu.
1827 2633 1985 2712 Lips.
2023 2638 2207 2696 1721.

164 2716 345 2797 Iutpp.
378 2717 499 2777 luv.
529 2717 603 2788 V,
636 2721 736 2780 63.
780 2717 992 2796 Bottig.
1044 2716 1236 2777 Sabin.
1280 2717 1329 2777 ΙΙ
1360 2739 1419 2796 p.
1455 2723 1536 2781 34
1582 2739 1668 2798 sq.
1715 2719 1941 2779 Becker
1984 2718 2128 2778 Gall.
2159 2718 2208 2778 ll

160 2822 221 2881 p.
263 2807 386 2866 175
417 2822 510 2883 sq.
568 2806 787 2862 Dentes
829 2822 1112 2875 crepuere
1154 2806 1400 2875 retecti,
1447 2815 1510 2861 ut
1554 2806 1741 2863 solent
1782 2807 1837 2864 in
1880 2807 1999 2864 acri
2030 2804 2201 2863 febri.

162 2887 385 2948 Labrtls
412 2888 611 2947 morbo
644 2889 801 2947 laxz's
829 2890 1054 2948 cadunt
1067 2891 1498 2968 pulmentaria,
1532 2909 1640 2968 qua
1681 2910 1736 2948 v.
1768 2891 1995 2968 proprie
2028 2890 2207 2968 signi-

158 2974 368 3033 ficatur
409 2971 781 3053 quodcunque
811 2993 933 3032 cum
966 2993 1112 3052 pane
1145 2994 1248 3034 seu
1280 2974 1436 3053 pulte
1469 2973 1870 3034 comedebatur
1900 2970 2092 3054 (ὄψον
2118 2975 2199 3034 cf.

160 3057 392 3118 fleindf.
424 3057 496 3119 ad
526 3059 663 3118 Hor.
697 3069 804 3117 sat.
838 3057 908 3128 ΙΙ,
951 3063 1013 3132 2,
1056 3064 1186 3133 20),
1232 3060 1486 3137 inprimis
1532 3059 1642 3119 cibi
1687 3061 1825 3119 lauti
1868 3071 1929 3120 et
1970 3061 2204 3140 opipare

156 3145 511 3223 praeparati,
561 3145 637 3203 cf.
684 3143 800 3204 Iuv.
845 3144 970 3216 vn,
1018 3149 1158 3207 183.
1230 3145 1422 3218 Quare
1465 3154 1740 3205 vocantur
1783 3155 2001 3217 uncta,
2046 3146 2205 3204 cuius

156 3231 398 3309 generis
429 3228 540 3288 cibi
571 3231 627 3288 in
658 3249 860 3307 magno
892 3231 1091 3289 favore
1135 3242 1299 3289 erant
1340 3227 1488 3308 apud
1531 3230 1847 3302 Romanos,
1893 3231 1972 3291 cf.
2003 3230 2073 3302 ΙΙ,
2100 3234 2203 3293 30.

157 3315 261 3387 1v,
298 3319 400 3377 17.
430 3314 532 3386 VI,
567 3319 664 3377 16.
709 3315 844 3373 Hor.
892 3334 1022 3393 epp.
1054 3315 1097 3387 Ι,
1133 3320 1232 3386 15,
1264 3320 1366 3377 44.
1400 3315 1569 3376 Mart.
1604 3316 1678 3387 V,
1724 3320 1828 3388 44,
1858 3321 1917 3379 7.
1963 3315 2052 3375 De
2084 3317 2205 3374 riti·

156 3401 265 3460 bus
300 3402 561 3460 funerum
592 3400 844 3459 conferri
874 3411 1115 3478 possunt
1145 3400 1576 3460 CreuzerRom.
1607 3399 1798 3481 Antiq.
1833 3420 1888 3480 p.
1921 3405 2048 3464 437
2078 3420 2204 3481 sqq.

155 3484 392 3545 Becker
421 3484 565 3544 Gall.
596 3484 647 3545 11
677 3506 733 3563 p.
765 3488 883 3547 271
923 3506 1049 3567 sqq.
1106 3486 1305 3544 Tubae
1331 3497 1569 3564 possunt
1598 3485 1668 3545 ad
1701 3487 2204 3545 conclamationem

154 3571 408 3643 τοῖοι-τὶς
456 3571 643 3629 statim
675 3572 822 3630 enim
870 3582 1002 3650 post
1029 3582 1265 3630 mortem
1313 3568 1589 3630 tubicines
1632 3582 1692 3630 et
1721 3572 2039 3632 cornicines
2069 3590 2205 3630 can·

155 3667 301 3726 tant,
351 3666 412 3714 et
443 3658 768 3735 propinqui,
815 3658 907 3735 qui
953 3654 1190 3727 adsunt,
1240 3655 1490 3716 defuncti
1534 3676 1741 3716 nomen
1793 3656 2054 3715 clamant.
2115 3656 2204 3716 Cf.

154 3741 394 3801 Petron.
427 3745 532 3802 78.
565 3741 775 3819 Hygia.
828 3740 948 3801 fab.
983 3746 1086 3803 74.
1132 3740 1296 3800 Serv.
1341 3740 1413 3800 ad
1440 3742 1605 3820 Virg.
1636 3743 1788 3801 Aen.
1824 3742 1923 3814 vl,
1953 3745 2098 3804 218.
2131 3742 2203 3799 V.

156 3826 486 3907 anaglypha
515 3825 663 3905 apud
690 3826 974 3885 Maffeium
1005 3826 1153 3885 Mus.
1169 3826 1388 3885 Veron.
1419 3830 1547 3888 420
1578 3847 1664 3907 sq.
1696 3827 1979 3887 Tubarum
2007 3846 2204 3886 verunt

156 3914 333 3973 etiam
366 3913 424 3971 in
457 3912 674 3973 funeris
720 3931 922 3990 pompa
967 3931 1138 3984 usus,
1179 3912 1328 3972 sicut
1359 3912 1562 3972 facium
1594 3923 1654 3972 et
1684 3914 2062 3971 candelarum
2094 3913 2199 3986 (cf.

161 3996 332 4058 Serv.
381 3994 459 4056 ad
486 3996 649 4075 Virg.
679 3996 830 4057 Aen.
860 3997 962 4068 XI,
1013 4001 1205 4070 143.).
1252 3995 1486 4057 Acerba
1530 4008 1718 4057 autem
1765 4016 1868 4057 seu
1914 3999 2205 4057 immatura

162 4085 367 4145 funera
398 4080 473 4143 ad
498 4083 661 4143 faces
691 4095 753 4143 et
780 4102 987 4143 cereos
1019 4081 1462 4154 deducebantur,
1492 4084 1570 4144 cf.
1603 4083 1742 4145 Sen.
1778 4081 1849 4145 de
1881 4094 2062 4163 tranq.
2102 4087 2208 4147 11:

1667 4174 1694 4230 1
1712 4174 1739 4230 1
1761 4167 1790 4199 ”’
