2764 4738
899 142 906 179 ³
1225 142 1238 229 Ι

724 429 993 493 senon.
1022 428 1136 492 An
1161 378 1329 491 sAT.
1360 427 1456 504 111,
1488 430 1813 507 ss—ss.
2151 422 2280 494 3⁰3

408 606 511 666 59.
563 603 796 663 oscitat
815 603 1193 673 hesternum,
1223 600 1527 681 crapulam
1557 598 1875 679 signifieat,
1918 608 1983 659 ut
2023 609 2116 661 est
2141 597 2279 661 illud

238 689 347 749 Vir
388 689 465 747 ilii
502 694 559 748 ¹:

346 709 384 768 g
492 774 772 855 Inflatum
798 773 1071 831 hesterno
1100 790 1317 843 venas,
1363 781 1438 831 ut
1469 789 1739 849 semper,
1782 769 2020 831 Iaccho.

409 862 510 921 60.
554 861 672 925 Est
697 859 964 935 aliquid,
1015 877 1127 935 quo
1160 859 1397 917 tendes?
1449 857 1863 933 Inter-rogantis
1895 865 2004 916 est.
2062 853 2279 934 Propo·

234 945 472 1004 suistine
504 944 602 1003 tihi
634 941 861 1022 aliquod
892 962 1074 1021 genus
1103 944 1291 1014 vitae,
1337 940 1485 1022 quod
1517 943 1676 1021 sequi
1707 939 1955 1012 debeas,
1987 950 2048 1000 et
2077 940 2135 999 in
2167 960 2276 1020 quo

233 1050 445 1089 nervos
489 1030 655 1088 animi
704 1027 1025 1089 extendas?
1079 1020 1171 1087 An
1216 1048 1398 1106 vagus
1440 1029 1561 1088 sine
1604 1028 1898 1107 proposito
1940 1026 2111 1085 vitam
2140 1044 2277 1105 per-

231 1135 483 1194 agrans,
513 1125 575 1173 ut
605 1115 800 1185 libuit,
848 1115 1033 1172 omnia
1065 1114 1252 1172 facis?
1856 1176 1861 1181 .

405 1203 513 1262 61.
561 1210 621 1259 et
665 1218 871 1259 cor-vos
915 1197 1191 1277 lapidibus
1235 1198 1574 1269 insectaris,
1628 1193 1774 1277 quod
1807 1205 1898 1256 est
1926 1197 2185 1258 inertium
2216 1208 2278 1257 et

232 1285 528 1345 stultorum
559 1283 843 1345 indicium.
906 1283 1077 1343 Corvi
1108 1286 1258 1343 enim
1287 1282 1581 1342 instabiles
1612 1294 1761 1353 sunt,
1791 1281 1899 1342 huc
1928 1283 2058 1343 illuc
2089 1295 2278 1343 trans-

232 1372 526 1441 volantes,
571 1381 633 1430 et
659 1390 769 1429 non
800 1381 1000 1429 curant
1029 1380 1127 1429 aut
1154 1370 1210 1428 in
1240 1369 1356 1427 alta
1385 1368 1593 1429 arbore
1624 1366 1865 1439 sedere,
1905 1379 2004 1428 aut
2030 1370 2088 1428 in
2116 1369 2277 1449 palu-

233 1456 447 1516 stribus
492 1457 549 1515 in
599 1457 985 1535 aquaticisque
1017 1455 1181 1528 locis,
1212 1465 1272 1514 et
1300 1452 1592 1513 adulteros
1622 1454 1866 1532 figurant
1905 1460 1944 1514 ¹.

405 1544 506 1603 62.
551 1543 651 1600 Ex
694 1551 950 1619 tempore
992 1541 1181 1612 vivis,
1227 1538 1336 1599 hoc
1382 1549 1510 1610 est,
1567 1560 1678 1599 non
1722 1558 1833 1619 quo
1871 1549 1929 1598 te
1973 1539 2276 1618 sapientia,

234 1623 340 1686 sed
371 1646 482 1706 quo
513 1627 770 1685 vitiorum
803 1628 1043 1705 impetus
1072 1624 1327 1697 duxerit,
1357 1624 1628 1683 traheris.
1797 1625 1998 1704 Atque
2027 1645 2106 1684 ete
2138 1635 2277 1689 tem-

227 1731 378 1790 pore
406 1713 577 1771 υιύἱε.
624 1712 759 1770 Cum
791 1723 887 1770 tua
915 1710 1050 1769 nihil
1080 1720 1246 1789 putes
1278 1711 1587 1783 interesse,
1630 1728 1742 1790 quo
1772 1719 1829 1770 te
1860 1709 2038 1788 pedes
2069 1711 2276 1783 ferant,

233 1794 307 1855 ad
348 1795 578 1869 horam,
621 1808 681 1857 et
724 1795 863 1857 nihil
906 1795 978 1855 de
1024 1798 1275 1858 crastino
1322 1796 1581 1873 cogites:
1641 1794 1855 1865 hahes,
1910 1796 2121 1875 inquit,
2165 1796 2276 1857 iam

232 1884 583 1961 propositum
626 1884 891 1943 rectioris
937 1882 1124 1953 vitae,
1164 1900 1238 1940 an
1279 1878 1465 1940 adhuc
1506 1880 1751 1940 titubans
1783 1878 2022 1940 nondum
2052 1881 2275 1941 invenis

235 1967 537 2027 firmiorem
592 1969 960 2038 sententiam,
1018 1986 1163 2047 quae
1218 1976 1275 2026 te
1330 1976 1500 2045 cogat
1543 1963 1766 2046 aliquod
1805 1965 2040 2026 remedii
2092 1985 2276 2045 genus

233 2072 549 2134 quaerere,
580 2064 640 2112 ut
669 2064 800 2112 tuae
829 2055 982 2113 vitae
1001 2095 1017 2123 ,
1060 2053 1242 2112 vietus
1273 2054 1382 2111 iam
1414 2050 1790 2130 turpitudine,
1823 2051 2145 2112 subvenias.

409 2142 509 2201 63.
549 2139 924 2198 Helle-borum
948 2134 1204 2215 frustra
1243 2157 1372 2197 cum
1414 2139 1548 2196 iam.
1612 2136 1780 2196 Stulti
1824 2134 2045 2217 quidam
2090 2137 2277 2210 solent

233 2223 564 2283 inveteratis
595 2225 772 2284 morbi
803 2221 956 2283 vitiis
989 2221 1248 2283 medendi
1279 2222 1532 2283 remedia
1560 2223 1896 2302 implorare,
1928 2242 2051 2282 cum
2083 2224 2275 2303 utique
2380 2230 2389 2239 '
2506 2236 2515 2245 ·

227 2310 415 2409 primo
460 2306 768 2374 cavendum
814 2310 923 2382 sit,
965 2328 1038 2368 ne
1083 2310 1208 2389 quis
1252 2310 1408 2368 sanis
1451 2308 1716 2368 membris
1761 2308 1987 2367 morbus
2032 2309 2271 2389 irrepat.

233 2395 705 2477 Αλληγορικαῖς,
775 2415 811 2455 a
864 2393 1096 2454 medicis
1140 2405 1357 2455 tractus
1401 2395 1743 2454 intellectus.
1818 2393 1915 2454 Sic
1959 2395 2275 2455 hominibus

232 2481 420 2558 captis
464 2479 806 2560 turpitudine
850 2481 1138 2543 subveniri
1182 2502 1295 2539 non
1334 2500 1545 2559 posse,
1602 2481 1749 2540 sicut
1806 2500 1842 2539 a
1888 2477 2119 2540 medicis
2163 2499 2276 2544 nou

232 2575 428 2645 potest
471 2564 791 2627 valetudine
836 2564 1051 2625 diutina
1096 2568 1260 2626 victis
1302 2565 1611 2626 subveniri.
1672 2565 2045 2625 Helleborum
2087 2576 2276 2626 antem

234 2649 617 2711 medicaminis
661 2671 841 2729 genus
887 2662 1014 2723 est,
1060 2651 1208 2732 quod
1238 2649 1537 2732 hydropici
1564 2669 1740 2729 saepe
1770 2650 2002 2723 bibunt,
2048 2650 2198 2731 quod
2225 2652 2275 2710 si

233 2738 462 2798 nimium
494 2740 868 2815 sumpserint,
898 2747 1087 2796 necat.

407 2825 509 2884 65.
554 2824 810 2900 Magnos
834 2824 1189 2901 promittere
1214 2830 1460 2880 montes.
1523 2820 1586 2880 In
1615 2819 1917 2900 proverbio
1948 2829 2070 2880 est=
2116 2840 2275 2882 mon-

237 2917 326 2966 tes
372 2926 611 2967 aureos.
687 2906 931 2967 Grandia
972 2909 1119 2966 enim
1166 2908 1528 2987 promittunt,
1587 2907 1681 2987 qui
1725 2908 1782 2965 in
1826 2905 2079 2986 periculo
2125 2916 2273 2966 sunt.

236 2991 428 3051 Satius
480 3002 575 3051 est
625 2993 763 3071 ipsis
796 2993 1150 3053 venientibus
1180 2992 1394 3051 morbis
1426 3009 1765 3063 occurrere,
1796 3002 2093 3071 antequam
2125 3011 2276 3050 mor-

233 3076 338 3136 bus
369 3078 593 3149 veniat,
635 3097 864 3137 cavere.
928 3077 1074 3151 Quid
1105 3079 1250 3139 enim
1283 3076 1520 3156 prodest
1563 3088 1694 3157 post
1722 3076 1947 3137 morbos
2000 3095 2135 3137 sera
2178 3096 2275 3148 re-

232 3160 419 3222 media
472 3182 751 3242 quaerere
796 3175 856 3223 et
923 3163 1162 3224 Cratero
1218 3162 1439 3224 medico
1495 3164 1669 3223 multa
1726 3165 2103 3243 promittere?
2169 3162 2274 3222 Hic

236 3250 533 3391 gruterus
585 3248 825 3329 Augusti
870 3250 1215 3329 temporibus
1262 3249 1465 3309 nobilis
1506 3250 1646 3322 fuit,
1692 3247 1762 3310 de
1805 3269 1915 3330 quo
1948 3248 2213 3308 Horatius
2250 3253 2279 3288 ⁸

275 3334 405 3392 icit:
2206 3367 2211 3372 ·

492 3418 628 3476 Non
669 3427 764 3477 est
789 3421 1102 3480 cardiacus
1120 3442 1141 3479 .-
1195 3422 1511 3481 Craterum
1539 3421 1764 3480 dilvz'sse
1783 3429 2019 3500 putato.

236 3503 350 3564 Per
379 3504 525 3562 hunc
554 3503 672 3562 vult
702 3524 920 3565 omnem
954 3505 1226 3565 medicum
1271 3504 1475 3585 accipi.

405 3592 487 3651 66
519 3607 626 3668 sq..
671 3592 932 3663 Discite,
982 3601 1104 3650 eto
1133 3593 1371 3664 miseri,
1432 3601 1494 3651 et
1532 3609 1743 3651 causas
1787 3609 1959 3668 cogn.
1977 3634 2001 3662 ‚
2063 3586 2122 3649 id
2164 3597 2275 3660 est,

236 3674 666 3754 philosophiam.
743 3675 928 3748 Dicit,
992 3696 1436 3757 unumquemque
1493 3675 1704 3735 debere
1763 3673 1989 3734 discere
2036 3676 2274 3738 omnium

235 3779 425 3819 rerum
470 3760 782 3831 rationem,
823 3772 886 3820 ut
929 3763 1106 3836 sciat,
1151 3761 1280 3844 quid
1324 3765 1448 3841 ipsc
1494 3770 1615 3831 est,
1662 3771 1721 3819 et
1749 3761 1821 3820 ob
1853 3780 2015 3840 quam
2047 3780 2274 3820 causam

236 3856 403 3905 natus
434 3854 547 3906 est.
607 3843 725 3904 Sed
763 3856 823 3905 et
867 3847 1033 3909 finem
1075 3850 1225 3910 vitae
1273 3845 1443 3907 debet
1497 3846 1703 3905 intueri
1757 3856 1818 3905 et
1870 3865 2015 3926 quae
2071 3847 2275 3929 fugiat,

242 4048 267 4101 1
308 4047 456 4113 Virg.
495 4047 595 4099 ecl.
634 4046 724 4112 vl,
766 4050 848 4102 15.
1422 4050 1457 4104 2
1491 4047 1571 4101 Cf.
1611 4047 1723 4102 Iuv.
1762 4047 1829 4115 ll,
1856 4049 1943 4103 63.

239 4117 272 4170 3
307 4116 431 4169 Hor.
469 4125 572 4168 sat.
610 4116 675 4182 11,
713 4119 766 4182 3,
809 4118 924 4173 161.
