2764 4738
885 397 1055 459 SAT.
1085 397 1159 470 v,
1191 401 1276 461 62
1302 347 1390 443 -ζ
1419 400 1524 462 69.
2084 392 2207 462 191

155 567 492 628 affectarent
536 567 729 629 Porcii
771 567 1037 629 Latronis
1068 567 1373 648 discipulos
1404 568 1681 628 cuminum
1711 569 1984 629 sumsisse
2012 580 2208 629 narrat

155 652 286 713 Plin.
317 653 458 728 XX,
497 659 607 727 14,
637 661 740 718 57.
795 657 1078 715 Iuvenum
1125 655 1351 726 cultor,
1407 653 1479 713 ah
1525 674 1666 731 agro
1712 655 1805 734 qui
1835 654 2072 724 colitur,
2101 652 2204 715 de·

152 750 325 798 sumta
355 741 653 819 imagine,
698 760 862 820 qnam
892 742 946 800 in
978 740 1192 800 ceteris
1223 756 1448 819 quoque
1478 741 1774 818 exprimit,
1818 760 1945 799 nam
1967 759 2202 817 purga-

153 834 244 884 eae
268 843 493 896 aures,
530 845 681 905 quae
711 826 825 885 alio
854 846 1031 905 saepe
1062 823 1324 885 dicuutur
1354 831 1434 898 (v.
1459 827 1600 897 86),
1629 823 1721 885 hic
1750 823 1823 883 ad
1851 825 1977 902 agri
2004 824 2201 884 simili·

148 907 388 969 tudinem
434 909 661 972 dictae.
683 920 849 983 sunt,
894 916 986 992 qui
1018 920 1324 990 purgatur,
1373 920 1437 970 ut
1477 929 1672 970 semen
1704 912 1954 990 excipiat
1981 919 2041 968 et
2068 930 2199 989 pro-

152 994 309 1054 ferat.
352 996 575 1073 Fruge
610 998 961 1068 Cleanthea,
987 994 1246 1055 doctrina
1276 995 1605 1065 stoicorum,
1636 1015 1868 1076 quorum
1899 994 2200 1075 primarius

150 1077 451 1140 Cleanthes
486 1083 633 1153 ruit,
667 1084 882 1141 aruer-ek
911 1100 1115 1152 aures,
1149 1081 1378 1140 insolita
1408 1090 1726 1153 structura,
1756 1101 1922 1161 quam
1954 1082 2003 1140 si
2033 1078 2196 1140 codd.

148 1167 439 1245 sequaris,
505 1168 683 1226 etiam
727 1167 930 1227 Cicero
982 1165 1234 1226 adhibuit
1278 1163 1374 1239 (de
1418 1166 1570 1224 univ.
1621 1171 1756 1239 12):
1813 1166 1949 1225 Cum
2009 1177 2196 1225 autem

148 1252 335 1310 nimis
367 1272 631 1331 corpora
664 1250 1008 1327 (emendante
1039 1253 1264 1311 animos
1294 1251 1665 1330 corporibus)
1691 1271 1818 1312 cum
1848 1253 2195 1312 necessitate

146 1335 481 1409 insevisset,
545 1336 695 1419 quod
754 1335 979 1398 Graece
1038 1335 1246 1397 dictum
1305 1346 1400 1397 est
1445 1335 1613 1411 (plat.
1657 1335 1800 1397 Tim.
1848 1357 1903 1415 p.
1947 1340 2031 1399 42
2059 1336 2194 1408 A.)=

149 1416 315 1480 ὁπότε
359 1417 439 1496 δὴ
492 1420 773 1499 σώμασιν
817 1419 1250 1499 ἑμφυτευθεῒεν
1291 1418 1355 1492 ἐξ
1399 1410 1687 1500 ἀνάγκης.
1747 1421 1880 1482 Alia
1909 1423 2195 1500 significa·

147 1506 290 1566 tione
318 1528 377 1566 v.
410 1509 641 1567 inseras
667 1509 821 1587 cepit
846 1507 1218 1586 Augustinus,
1251 1508 1347 1587 qui
1375 1509 1686 1567 imitatione
1715 1507 1883 1567 huius
1914 1508 2024 1567 loci
2055 1505 2195 1566 dixit

152 1595 292 1670 (epp.
325 1592 575 1653 CXVIII
607 1605 648 1651 t.
681 1593 731 1654 11
760 1613 816 1672 p.
849 1596 973 1655 329
1004 1592 1203 1664 Rea->2
1251 1592 1365 1651 Tot
1404 1591 1594 1668 legisti
1628 1589 1923 1671 dialogos,
1956 1603 2040 1651 tot
2067 1593 2193 1671 phi·-

151 1674 511 1754 losophorum
545 1677 1009 1739 altercationibus
1041 1698 1143 1737 cor
1173 1679 1518 1752 memmi,-
1570 1678 1680 1737 nisi
1708 1677 1786 1738 ihi
1817 1680 2087 1737 insem'sti
2112 1679 2196 1738 le·

149 1761 379 1837 gendum
426 1774 554 1823 est.
612 1762 882 1825 Similiter
921 1761 1056 1822 dicit
1093 1762 1360 1822 Horatius
1395 1769 1547 1841 (epp.
1579 1761 1624 1834 1,
1660 1768 1717 1836 1,
1747 1767 1891 1836 40),
1935 1765 2191 1824 culturae

152 1845 364 1908 facilem
425 1850 720 1928 praebere
774 1869 1004 1921 aurem,
1075 1846 1387 1928 eademque
1448 1849 1691 1926 imagine
1754 1850 1930 1908 utitur
1985 1849 2192 1908 Cicero

151 1929 374 2002 (l’uscc.
410 1935 487 2006 11,
513 1941 577 2006 5,
599 1939 737 2007 13)=
770 1935 1003 1994 Cultura
1032 1934 1198 1992 animi
1229 1933 1585 2011 philosophia
1616 1945 1738 2005 est,
1768 1934 1913 1994 haec
1943 1936 2193 1994 extrahit

152 2017 272 2075 titia
303 2017 585 2080 radicitus
616 2032 676 2080 et
715 2031 1020 2099 praeparat
1063 2020 1278 2077 animos
1323 2015 1395 2077 ad
1426 2027 1585 2077 satus
1615 2019 1978 2098 accipiendos
2009 2039 2193 2101 eaque

151 2101 362 2163 mandat
391 2107 469 2165 iis
487 2148 506 2178 ‚
558 2116 653 2178 et,
683 2115 746 2164 ut
774 2107 852 2164 ita
882 2103 1092 2176 dicam,
1121 2105 1294 2177 serit,
1325 2124 1471 2184 quae
1502 2102 1693 2164 adulta
1723 2105 1942 2166 fructus
1974 2107 2195 2165 uberri-

153 2205 262 2246 mos
292 2191 514 2251 ferant.
563 2193 753 2251 Petite
776 2192 949 2260 ltine,
981 2210 1058 2250 ex
1084 2190 1473 2268 philosophia,
1505 2191 1855 2267 iuvenesque
1882 2211 2189 2269 senesque,

154 2290 334 2333 omnes
381 2278 492 2350 (cf.
531 2275 667 2337 Seu.
698 2275 771 2337 de
802 2278 888 2335 ira
915 2274 986 2348 II,
1017 2279 1077 2337 9.
1122 2274 1291 2334 Mart.
1323 2274 1369 2347 l,
1402 2279 1461 2347 3,
1495 2279 1552 2337 5.
1583 2275 1709 2346 Vll,
1742 2279 1846 2347 35,
1876 2282 1935 2339 5.
1968 2281 2070 2347 71,
2104 2281 2191 2349 5),

140 2356 309 2433 finem
353 2363 560 2422 am'ttw
604 2373 824 2422 certum
870 2360 988 2437 (ΠΙ,
1020 2365 1126 2434 60)
1168 2362 1514 2439 miserisque
1545 2362 1763 2421 viatica
1793 2363 1958 2423 canis
1978 2407 1999 2434 ,
2041 2359 2190 2441 quod

156 2438 274 2502 Bias
302 2445 447 2506 dixit
482 2447 660 2527 (apud
687 2448 857 2527 Diog.
887 2447 959 2507 L.
990 2446 1035 2519 Ι,
1067 2453 1128 2519 5,
1157 2450 1300 2520 80)=
1338 2441 1634 2524 Ἑφόδιον
1663 2441 1783 2506 ἀπὸ
1806 2443 2081 2520 νεότητος
2107 2446 2192 2518 εἰς

155 2528 329 2609 γῆρας
370 2528 761 2611 ἀναλάμβανε
801 2530 1062 2609 σοφίαν,
1106 2532 1200 2593 vel
1244 2531 1595 2592 Aristoteles
1642 2529 1814 2611 (apud
1843 2530 2082 2592 eundem
2112 2532 2187 2604 V,

164 2616 404 2689 11‚21)=
454 2615 773 2677 κάλλιπον
811 2613 1062 2695 ἐφόδιον
1098 2618 1187 2695 τῷ
1230 2612 1390 2699 γήρᾳ
1436 2613 1473 2691 ἦ
1502 2615 1781 2688 παιδείας
1827 2627 1889 2677 et
1929 2618 2189 2678 similiter

159 2698 271 2771 alii,
300 2704 377 2761 cf.
410 2703 726 2783 W‘yttenh.
763 2700 833 2762 ad
863 2702 1009 2762 Plut.
1039 2701 1112 2763 de
1144 2699 1306 2762 educ.
1340 2721 1505 2781 puer.
1539 2705 1652 2779 p.8
1672 2703 1736 2760 C.
1780 2700 1895 2761 Iam
1927 2722 2003 2762 ex
2029 2723 2187 2764 more

161 2799 251 2842 suo
291 2785 579 2868 dialogum
624 2790 861 2848 instituit
899 2808 1024 2847 cum
1071 2785 1346 2848 eiusmodi
1389 2786 1649 2860 homine,
1693 2788 1787 2867 qui
1830 2807 1974 2866 quae
2022 2786 2187 2848 hodie

159 2870 363 2945 agenda
403 2885 574 2947 sunt,
618 2893 846 2952 semper
874 2874 930 2932 in
962 2875 1267 2933 crastinum
1297 2871 1446 2932 diem
1478 2870 1695 2943 differt,
1745 2874 1965 2953 qualem
1998 2874 2187 2933 facete

161 2948 393 3035 depingit
422 2959 706 3020 Martialis
735 2959 811 3031 V,
843 2962 947 3021 58.
1002 2958 1138 3018 Cum
1173 2959 1268 3019 ille
1298 2955 1537 3017 dixisset
1565 2976 1705 3016 cras
1728 2958 1968 3036 leocfict
1985 3002 2004 3030 ,
2038 2955 2188 3038 quod

160 3056 367 3120 semper
396 3047 452 3103 in
486 3064 589 3104 ore
619 3045 898 3104 hominum
932 3043 1118 3117 (Ovid.
1150 3063 1292 3104 rem.
1324 3064 1433 3102 am.
1470 3046 1623 3105 1042
1657 3042 1907 3102 Dicimus
1938 3042 2187 3116 assidue,

160 3142 275 3184 eras
304 3150 531 3210 quoque
562 3130 660 3189 fiet
690 3129 859 3189 idem.
909 3128 1146 3188 Petron.
1178 3134 1294 3191 45:
1342 3126 1506 3202 Quod
1547 3126 1716 3188 hodie
1747 3148 1859 3187 non
1890 3130 2010 3200 est,
2052 3149 2185 3189 cras

163 3211 314 3283 erit),
356 3218 502 3274 satis
532 3215 744 3275 acerbe
775 3213 1085 3293 respondet
1126 3224 1332 3292 poeta:
1379 3214 1531 3272 idem
1576 3232 1716 3273 cras
1738 3214 1899 3291 fiet,
1947 3212 2096 3295 quod
2126 3225 2185 3274 tu

162 3290 312 3356 hodie
356 3299 538 3373 dicis,
581 3321 714 3360 cras
754 3320 975 3380 quoque
1020 3299 1273 3359 dicturus
1319 3318 1410 3359 es.
1474 3298 1577 3357 Cui
1609 3298 1979 3374 inea-Quid,
2012 3302 2191 3378 quasi

165 3395 417 3457 mgnum
432 3430 457 3459 ,
504 3406 707 3465 nempe
747 3387 933 3457 (leem,
981 3386 1211 3444 donas?
1255 3384 1349 3443 ubi
1380 3403 1456 3442 ex
1483 3384 1932 3462 negligentiore,
1963 3405 2072 3464 quo
2103 3386 2183 3445 uti

163 3463 423 3543 solemus,
472 3490 736 3531 sermone
778 3468 889 3530 duo
919 3472 1218 3529 enunciata
1253 3471 1308 3528 in
1341 3489 1506 3528 uuum
1539 3470 1780 3528 conflata
1809 3479 1970 3529 sunt:
2018 3468 2184 3544 Quid,

164 3553 305 3625 quasi
332 3575 592 3635 magnum
623 3556 727 3629 sit,
773 3556 904 3615 mihi
949 3553 1166 3615 donas?
1219 3573 1422 3634 nempe
1453 3551 1601 3613 diem
1631 3552 1830 3614 dones.
1890 3556 2016 3614 Sed
2054 3575 2182 3614 cum

165 3631 256 3692 luz·
289 3639 485 3701 altera
523 3644 719 3713 venit,
765 3642 1099 3700 hesternum
1135 3658 1309 3714 cras,
1353 3636 1504 3718 quod
1536 3650 1594 3698 tu
1623 3639 1897 3699 hesterno
1927 3638 2018 3700 die
2050 3660 2182 3700 cras

164 3723 476 3799 appellasti,
516 3728 633 3786 iam
676 3728 1096 3785 consumsimus·
1142 3732 1220 3800 (v.
1252 3729 1401 3797 41),
1445 3724 1523 3784 cf.
1571 3723 1709 3784 Sen.
1754 3725 1913 3784 brev.
1960 3727 2057 3785 vit.
2104 3730 2180 3789 9:

169 3802 485 3871 „Maximum
514 3810 739 3873 vivendi
767 3809 1220 3891 impedimentum
1251 3820 1343 3869 est
1370 3811 1763 3888 exspectatio,
1795 3830 1941 3891 quae
1971 3809 2184 3890 pendet

167 3903 231 3947 ΦΧ
255 3900 520 3956 crastino.
565 3895 767 3958 Perdis
796 3895 1148 3968 hodiernum,
1186 3892 1335 3975 quod
1365 3896 1421 3954 in
1452 3915 1617 3954 manu
1647 3895 1911 3955 fortunae
1941 3897 2180 3975 positum

170 3983 274 4048 est,
311 3979 597 4063 disponis,
641 3978 791 4063 quod
818 3983 875 4041 in
906 3993 1033 4054 tua,
1077 3980 1371 4041 dimittis-‘⁴
1439 3982 1687 4061 Semper
1712 3982 1885 4041 aliud
1902 4001 2077 4056 cras,
2123 3983 2181 4042 in

170 4060 297 4134 ‘lund
320 4065 544 4148 incepta
573 4066 836 4143 differas,
867 4069 975 4128 hos
998 4086 1185 4129 annos
1214 4068 1446 4144 egerit,
1489 4067 1652 4148 quasi
1681 4067 1970 4146 fugientes
2000 4068 2179 4147 impu-
