2764 4738
571 404 697 473 166
1175 410 1342 473 sA‘r.
1373 411 1475 487 w,
1505 411 2053 474 ARGUMENTUM.

567 592 737 655 stem,
769 603 804 643 e
833 582 1130 662 tragoedia
1148 586 1516 654 notissimum,
1533 583 1791 642 similiter
1807 582 2024 643 Platon.
2040 583 2293 644 Alcib.11
2319 605 2371 663 p.
2392 587 2506 647 143
2525 583 2597 643 D.

572 667 888 728 Hadrianus
931 672 1243 748 imperator
1286 688 1364 729 ex
1407 669 1643 727 oraculo
1683 671 1872 728 iussus
1916 670 1972 727 in
2005 666 2209 728 furiosi
2240 671 2461 729 alicuius
2493 669 2599 728 do-

436 815 453 824 ,
572 774 717 812 mum
771 755 863 814 vel
909 773 1112 814 nomen
1168 756 1427 833 irrepere
1469 753 1729 814 Orestam
1788 754 1979 813 urbem
2039 753 2321 828 condidit,
2374 755 2598 834 Lampr.

571 837 794 917 Heliog.
826 845 886 903 7.
973 839 1161 900 Varro
1207 839 1405 899 librum
1450 840 1742 918 inscripsit
1817 841 2056 899 Orestes
2097 841 2199 899 vel
2248 843 2317 900 dc
2343 842 2595 901 ιἰιεαπία.

572 922 715 984 Gell.
745 924 898 998 XIII,
929 930 989 987 4.
1035 926 1168 984 Non
1199 944 1407 998 sanus,
1438 946 1496 986 v.
1531 929 1635 988 46.

1078 1259 1124 1326 S
1212 1266 1273 1327 A
1359 1261 1421 1326 Τ
1504 1261 1535 1327 I
1622 1261 1687 1326 R
1773 1266 1834 1327 A
1976 1259 2090 1326 lv.

1246 1382 1927 1446 ARGUMENTUM.

736 1520 797 1579 ln
855 1521 963 1579 hac
1004 1521 1180 1580 satira
1224 1520 1457 1581 Persius
1500 1522 1733 1600 vulgare
1761 1523 1953 1582 vitium
1981 1530 2173 1593 notat,
2216 1540 2327 1602 quo
2356 1522 2605 1582 hominos

573 1625 638 1666 se
680 1607 837 1685 ipsos
881 1603 1154 1665 noscendi
1196 1607 1446 1666 laborem
1490 1609 1815 1686 fugientes,
1859 1609 2125 1687 propriae
2167 1608 2401 1667 vanitati
2440 1619 2604 1688 atque

573 1691 806 1751 aliorum
838 1694 1213 1751 assentationi
1257 1690 1466 1765 fidunt,
1510 1703 1571 1752 et
1599 1693 1787 1752 aliena
1813 1695 1949 1752 vitia
1980 1712 2188 1752 curare
2228 1703 2397 1773 atque
2428 1695 2604 1754 corri-

492 1803 505 1814 ·
572 1795 714 1855 gere
746 1797 908 1858 quam
939 1779 1166 1856 propria
1213 1780 1441 1838 malunt.
1559 1778 1736 1851 Quam
1779 1799 1902 1838 rem
1944 1779 2022 1838 ita
2063 1776 2432 1860 aggreditur,
2485 1790 2547 1838 ut
2572 1798 2609 1838 a

573 1863 828 1941 dialogo,
862 1865 953 1942 qui
998 1866 1148 1923 inter
1192 1863 1516 1924 Platonicos
1555 1863 1869 1925 Alcibiadis
1912 1865 2118 1944 prioris
2162 1884 2366 1925 nomen
2401 1865 2513 1924 fert
2548 1875 2609 1925 et

574 1949 756 2008 simile
800 1960 1188 2028 argumentum
1235 1960 1478 2022 wactat,
1516 1952 1729 2009 initium
1760 1960 1976 2022 sumat,
2007 1961 2069 2009 et
2097 1970 2366 2009 summam
2396 1970 2608 2023 eorum,

574 2054 719 2115 quae
750 2034 826 2094 ibi
858 2037 1006 2094 inter
1038 2034 1335 2095 Socratem
1388 2046 1451 2095 et
1484 2033 1836 2095 Alcibiadem
1881 2034 2302 2116 disceptantur,
2333 2048 2606 2116 quatenns

572 2122 629 2180 in
658 2139 777 2181 rem
810 2140 965 2180 suam
1014 2120 1256 2193 faciunt,
1287 2131 1724 2199 repraesentet,
1753 2123 1828 2180 ita
1859 2133 2083 2194 tamen,
2113 2132 2208 2193 ut,
2238 2142 2363 2181 cum
2395 2121 2609 2200 singula

573 2207 700 2266 sere
731 2204 860 2264 inde
892 2216 1178 2265 mutuasse
1211 2225 1336 2265 eum
1381 2208 1522 2265 satis
1567 2207 1722 2266 clare
1752 2217 2058 2285 appareat,
2100 2226 2203 2265 suo
2233 2218 2424 2267 tamen
2455 2226 2608 2266 more

573 2290 848 2372 modoque
880 2293 1066 2350 omnia
1088 2293 1396 2369 exprimat,
1427 2289 1615 2351 demat
1642 2312 1746 2371 pro
1777 2292 1948 2350 lubitu
1980 2288 2285 2373 addatqne,
2314 2303 2376 2352 et
2407 2312 2473 2353 se
2502 2311 2607 2351 non

574 2379 930 2458 praescripta
960 2379 1265 2451 imitatum,
1311 2375 1412 2436 sed
1454 2380 1757 2457 propositis
1803 2378 2115 2438 liberaliter
2154 2398 2315 2438 usum
2344 2398 2483 2439 esse
2513 2378 2609 2438 de·

574 2473 866 2524 monstret.
951 2463 1146 2543 Itaque
1190 2483 1262 2522 ne
1307 2464 1585 2542 personas
1631 2462 1849 2543 quidem
1896 2462 2150 2523 Socratis
2199 2474 2261 2522 et
2298 2463 2607 2525 Alcibiadis

573 2550 654 2609 ita
693 2559 906 2621 servat,
948 2559 1010 2607 ut
1060 2570 1168 2607 non
1212 2545 1487 2629 quaedam
1533 2547 1878 2621 admisceat,
1923 2568 2067 2628 quae
2113 2547 2343 2608 Romam
2391 2553 2610 2629 sapiant

574 2636 758 2714 potius
788 2652 950 2712 qnam
979 2632 1260 2694 Athenas.
1324 2633 1485 2693 Sicut
1513 2653 1653 2694 vero
1684 2635 1738 2693 in
1770 2632 1993 2712 dialogo
2022 2634 2118 2693 illo
2152 2633 2428 2694 Socrates
2457 2634 2608 2694 Alci-

572 2718 896 2801 biademste
925 2719 1099 2778 rebus
1131 2720 1371 2798 publicis
1405 2723 1867 2779 concionaturum
1899 2720 2184 2779 convincit
2211 2719 2346 2778 nihil
2379 2740 2513 2780 eum
2543 2718 2607 2780 dc

575 2807 678 2876 his,
711 2825 856 2886 quae
887 2807 1124 2882 egregie
1157 2806 1371 2864 callere
1388 2805 1494 2863 sibi
1523 2803 1800 2877 videatur,
1831 2807 1975 2865 certi
1994 2807 2167 2875 scire,
2196 2805 2280 2864 ita
2308 2802 2380 2865 de
2412 2804 2607 2867 eadem

574 2912 638 2952 re
671 2892 990 2971 loquentem
1039 2889 1251 2949 inducit
1295 2889 1628 2962 Socratem,
1672 2893 1766 2970 qui
1807 2891 2017 2950 acerba
2059 2892 2242 2949 ironia
2283 2910 2455 2963 usnS,
2487 2911 2608 2951 enm

573 2977 710 3037 nihil
741 2995 958 3046 eorum,
991 2995 1135 3054 quae
1179 2976 1440 3055 populum
1486 2975 1776 3035 docturum
1820 2995 1886 3036 se
1914 2977 2110 3048 iactat,
2139 2977 2370 3054 cognita
2400 2977 2611 3038 habere

571 3058 863 3123 contendit
893 3068 970 3135 (v.
1007 3066 1259 3135 1—15).
1348 3061 1561 3139 Tangit
1596 3059 1801 3121 deinde
1844 3081 2175 3140 perversum
2230 3060 2380 3140 quod
2429 3061 2504 3122 de
2553 3082 2609 3122 se

571 3147 781 3208 habeat
808 3143 1089 3219 iudicium,
1130 3158 1191 3206 et
1220 3167 1291 3207 eo
1322 3144 1612 3225 procedit,-
1643 3157 1705 3205 ut
1733 3145 1902 3219 dicat,
1934 3167 2060 3207 eum
2091 3150 2342 3225 quamvis
2373 3158 2612 3208 externa

571 3234 790 3313 specie,
822 3229 1063 3303 divitiis,
1108 3242 1169 3291 et
1211 3233 1504 3293 nobilitate
1538 3233 1842 3303 conlisum,
1894 3234 1943 3291 si
1973 3233 2266 3311 consilium
2299 3244 2609 3314 spectetur,

572 3317 643 3378 ad
675 3315 821 3399 quod
851 3318 1019 3375 vitam
1051 3337 1208 3376 suam
1254 3308 1495 3396 dirigat,
1537 3317 1674 3376 nihil
1717 3315 1943 3377 differre
1991 3337 2022 3376 a
2069 3319 2384 3377 miserrima
2417 3319 2611 3398 plebe-

571 3404 719 3476 cula,
751 3422 919 3483 quae,
949 3413 1010 3461 nt
1038 3401 1184 3461 bona
1230 3405 1345 3463 vita
1390 3404 1640 3475 fruatur,
1686 3421 1748 3462 se
1794 3421 2009 3482 suaque
2041 3405 2096 3461 iu
2137 3414 2402 3482 qnantum
2434 3405 2613 3483 possit

571 3492 765 3560 iactet,
798 3485 947 3568 quod
978 3489 1238 3566 exemplo
1268 3487 1440 3548 docet
1477 3488 1770 3558 aniculae,
1812 3507 1955 3568 quae
1988 3488 2150 3547 olera
2177 3487 2434 3548 vendens
2463 3509 2611 3550 mer·

571 3595 697 3635 cem
741 3594 935 3645 suam,
994 3584 1055 3632 ut
1093 3574 1240 3634 bene
1298 3576 1483 3644 vivat,
1545 3574 1852 3633 emtoribus
1911 3593 2036 3632 cnm
2095 3574 2347 3633 clamore
2408 3578 2613 3653 ingerit

572 3664 896 3734 (16—22).
970 3659 1091 3718 Hoc
1124 3660 1384 3738 exemplo
1416 3660 1706 3738 proposito
1735 3669 1936 3738 aperte
1967 3660 2222 3719 enuntiat
2250 3663 2611 3729 sententian,

571 3747 664 3805 cui
694 3742 1063 3824 explicandae
1110 3743 1244 3804 illud
1286 3744 1571 3817 adhibuit,
1615 3746 1891 3804 neminem
1925 3763 1990 3804 se
2022 3747 2200 3822 ipsum
2232 3764 2453 3824 suaque
2481 3747 2613 3805 vitia

571 3850 957 3908 cognoscere,
1009 3827 1109 3889 sed
1153 3849 1216 3889 se
1260 3831 1385 3909 ipso
1417 3839 1740 3889 contentum
1772 3830 1957 3889 aliena
2000 3839 2202 3889 taxare
2236 3837 2313 3904 (v.
2347 3835 2454 3893 23.
2485 3836 2610 3904 24).

571 3914 733 3990 Quod
764 3912 966 3974 deinde
1012 3915 1137 3974 aliis
1182 3916 1458 3993 exemplis
1503 3914 1779 3986 illustrat,
1825 3934 1969 3995 quae
2012 3934 2135 3974 cum
2169 3915 2468 3976 Platonico
2499 3915 2613 3975 dia·

572 4004 703 4081 logo
733 4002 868 4060 nihil
900 3998 1110 4060 habent
1153 4019 1467 4072 commune,
1513 4011 1574 4060 et
1601 4019 1636 4059 e
1667 4002 1783 4059 vita
1813 3997 2136 4080 quotidiana
2163 4001 2348 4079 petita
2367 4045 2387 4074 ,
2418 4000 2611 4062 vividis

570 4088 855 4149 coloribus
886 4084 1111 4165 depicta
1152 4087 1512 4165 praecipuam
1559 4085 1743 4146 Persii
1787 4087 2083 4159 virtutem,
2127 4106 2276 4166 quae
2322 4088 2380 4147 in
2413 4087 2611 4149 talibus

450 4416 783 4635 Ἠ
