2764 4738
680 421 942 483 SCHOL.
971 421 1078 482 AD
1110 421 1276 484 SAT.
1308 423 1403 495 111,
1440 427 1558 485 103
1580 457 1657 469 -—
1680 429 1821 486 111.
2155 417 2286 487 309

246 606 362 655 est
431 596 616 655 enim
671 593 1037 655 Romanae
1110 592 1790 669 consuetudinis3*
1875 592 2293 678 ὑποκορισμός

247 679 495 741 derisum
543 681 865 758 significat3
939 677 1107 739 *sed
1152 680 1316 759 quia
1374 679 1720 758 pretiosa
1769 681 1834 738 in
1891 681 2287 740 funeribus

247 776 461 826 veste
521 766 883 844 stragula,
954 766 1426 844 caeterique,
1507 766 1731 825 etiam
1790 766 2287 844 pauperculi,

249 851 894 931 exponebantur.*
1794 861 1801 868 ·

427 941 569 999 104.
621 939 973 1015 Cras-sisque
1004 938 1233 995 lutatus
1261 937 1539 1008 amomis,
1587 933 1643 995 id
1684 948 1809 1007 est,
1863 935 2048 995 multis
2079 935 2287 996 oblitus

250 1024 557 1100 unguentis
613 1023 771 1082 foras
817 1020 1053 1101 pedibus
1098 1021 1277 1081 exibit
1323 1033 1572 1080 mortuus
1613 1019 1684 1081 de
1737 1020 1902 1081 domo
1948 1042 2086 1091 sua,
2167 1022 2292 1082 alto

252 1109 603 1186 compositus
650 1109 833 1179 lecto,
896 1108 1024 1186 quia
1068 1106 1219 1165 lecto
1263 1106 1464 1166 melius
1508 1118 1688 1166 strato
1735 1109 1794 1166 in
1837 1118 2007 1187 porta
2037 1107 2291 1178 effertur,

251 1213 417 1273 quam
449 1213 557 1263 eo,
588 1213 697 1273 quo
729 1191 857 1251 dum
887 1195 1108 1252 viveret
1131 1191 1413 1251 utebatur.

431 1282 572 1341 106.
616 1278 1070 1349 *Hester-ni,
1131 1277 1272 1348 ait,
1317 1298 1351 1336 a
1403 1274 1757 1337 defuneto
1800 1279 2008 1357 prius
2052 1296 2291 1337 manu-

253 1364 496 1435 missi,
568 1361 637 1423 id
713 1374 884 1434 est,
932 1363 1237 1434 liberti,
1311 1373 1385 1422 et
1424 1364 1634 1422 cives
1702 1362 2012 1421 Romani
2070 1363 2289 1422 faeti.

261 1450 546 1527 Capite
618 1450 932 1521 induto,
1031 1446 1204 1528 quia
1273 1449 1707 1507 manumissi
1778 1449 2043 1527 pileati
2100 1450 2293 1507 inee-

255 1533 536 1593 debant
588 1545 760 1593 ante
814 1535 1108 1593 funus.*
1281 1533 1570 1604 Subiere,
1617 1531 1764 1613 quod
1807 1534 2137 1614 plerumque
2184 1535 2293 1613 ipsi

254 1620 579 1678 manumissi
611 1620 1036 1678 manumissoris
1068 1638 1274 1697 corpus
1305 1617 1633 1698 portandum
1667 1620 1945 1678 subirent.

433 1709 574 1767 107.
626 1706 825 1783 Tange
855 1706 1033 1763 miser
1061 1724 1260 1763 venas.
1305 1703 1395 1763 De
1426 1704 1512 1762 bis
1544 1701 1711 1776 dicit,
1743 1706 1834 1784 qui
1867 1702 2120 1763 desidiae
2155 1724 2293 1763 suae

256 1790 621 1850 consulentes
653 1791 1026 1849 infirmitatem
1058 1790 1304 1866 lingunt,
1350 1808 1512 1868 quam
1556 1809 1685 1848 mox
1723 1790 1861 1848 visis
1901 1788 2298 1868 cupiditatibus

257 1878 377 1934 suis
417 1875 725 1948 abiiciunt,
781 1886 844 1934 ut
893 1875 987 1934 vel
1030 1876 1267 1934 avaritia
1311 1874 1403 1935 vel
1445 1872 1674 1934 libidine
1732 1876 2049 1935 trahantur.
2225 1877 2297 1934 In

249 1970 498 2039 pectore
534 1958 663 2019 ideo
705 1960 879 2030 dicit,
924 1962 1054 2040 quia
1094 1972 1320 2039 quotum
1367 1959 1490 2039 plus
1535 1961 1704 2019 solito
1744 1979 1847 2019 eor
1892 1970 1989 2018 aut
2031 1960 2164 2019 salit
2204 1971 2301 2019 aut

255 2045 438 2116 calet,
469 2047 803 2105 infirmitatis
833 2044 1093 2105 indicium
1125 2057 1235 2105 est.
1281 2043 1632 2116 Considera,
1676 2047 1886 2125 inquit,
1931 2046 2010 2103 tui
2043 2047 2300 2124 eorporis

258 2132 622 2211 qualitatem,
680 2143 739 2190 et
796 2150 871 2190 ex
928 2150 1195 2189 venarum
1243 2141 1394 2189 motu
1452 2150 1646 2189 sanum
1690 2141 1748 2189 te
1806 2149 1940 2191 esse
1987 2150 2296 2209 cognosce.

261 2214 380 2276 Sed
423 2217 471 2275 si
517 2229 613 2275 aut
656 2218 931 2296 pecuniae
977 2214 1288 2294 capiendae
1333 2236 1468 2294 spes
1515 2217 1688 2275 fuerit
1730 2228 1828 2276 aut
1870 2215 2060 2296 puella
2118 2215 2299 2273 mollis

259 2303 456 2360 riserit
486 2302 757 2373 forsitan,
788 2303 1017 2373 calens,
1049 2302 1261 2381 inquit,
1296 2321 1538 2360 necesse
1572 2313 1693 2373 est,
1740 2313 1797 2362 et
1829 2299 2002 2361 eorde
2035 2301 2298 2380 palpites,

260 2385 445 2446 donec
476 2388 737 2447 effectum
770 2407 900 2458 res,
945 2407 1108 2466 quam
1150 2385 1484 2459 desideras,
1529 2389 1817 2446 sortiatur.
1878 2385 2048 2446 Modo
2079 2389 2134 2445 in
2165 2406 2301 2445 ava-

261 2493 383 2531 rum
438 2493 678 2553 eumque
726 2473 1070 2531 luxuriosum
1111 2472 1393 2532 invehitur
1445 2483 1505 2531 et
1535 2471 1697 2532 dicit:
1743 2472 2005 2552 Intelligo
2052 2483 2107 2531 te
2152 2472 2298 2530 male

261 2558 479 2618 valere.

440 2647 582 2705 108.
631 2645 1010 2722 Summos-que
1046 2644 1230 2720 pedes
1273 2651 1407 2714 att„
1445 2640 1757 2720 Digitorum
1803 2642 2151 2701 summitates
2182 2643 2303 2701 sive

263 2731 320 2788 in
363 2730 616 2787 manibus
662 2730 783 2787 sive
843 2730 899 2787 in
944 2726 1180 2808 pedibus
1245 2729 1293 2786 si
1334 2725 1577 2805 frigidae
1626 2729 1864 2798 fuerint,
1922 2728 2302 2785 infirmitatem

263 2816 568 2874 insinuant.
627 2815 782 2891 Ergo
824 2816 918 2873 m‘l
957 2815 1114 2873 calet
1153 2825 1213 2872 et
1254 2814 1347 2872 m‘l
1370 2813 1614 2892 friget,
1663 2812 1812 2894 quod
1842 2815 1953 2883 ait,
2000 2823 2096 2871 aut
2125 2813 2303 2890 ipsius

264 2901 491 2977 aegroti
536 2901 940 2976 interrogantis
986 2898 1158 2959 verba
1205 2909 1336 2957 sunt
1381 2909 1442 2958 et
1485 2898 1652 2957 aliter
1682 2895 2155 2977 pronunciandum
2187 2909 2298 2967 est,

264 2987 527 3066 quoniam
569 3005 645 3044 ex
689 2984 995 3062 cupiditate
1039 3003 1293 3043 manuum
1357 2985 1704 3043 summitates
1757 2982 2070 3064 pedumque
2129 2983 2306 3060 frige-

269 3082 474 3142 scunt,
521 3081 618 3129 aut
656 3069 832 3128 verba
864 3080 995 3128 sunt
1024 3068 1441 3147 respondentis·

445 3161 589 3220 109.
641 3158 700 3213 V
695 3160 784 3214 isa
816 3165 909 3214 est
931 3154 1174 3233 sisorte
1196 3157 1454 3233 pecunia
1474 3199 1493 3225 ,
1538 3156 1665 3214 sive
1694 3156 1947 3213 candida
1979 3157 2088 3212 vic.
2150 3153 2306 3212 Haec

268 3240 404 3301 dicit
433 3261 565 3300 esse
597 3243 766 3311 vitia,
798 3240 995 3320 quibus
1027 3238 1339 3318 perduntur
1368 3241 1440 3312 ii,
1472 3243 1563 3320 qui
1595 3240 1943 3299 infirmitates
1978 3239 2253 3298 simulant.

445 3332 585 3388 111.
628 3328 757 3388 Rite
788 3337 975 3385 autem
1006 3325 1179 3396 dixit,
1220 3326 1326 3383 iam
1361 3347 1469 3383 non
1502 3336 1592 3384 est
1623 3326 1854 3394 infirmi,
1886 3324 1991 3385 sed
2021 3336 2217 3394 reete,
2248 3334 2310 3383 ut

269 3414 412 3471 sani.
587 3413 845 3470 Positum
876 3421 965 3470 est
995 3413 1229 3489 algente
1260 3412 1475 3470 οαίίιιο.
1532 3408 1624 3470 Ad
1656 3411 1807 3471 illum
1837 3408 2005 3481 dicit,
2049 3410 2142 3491 qui
2174 3429 2307 3469 sese

270 3497 522 3556 mollitiei
565 3494 949 3556 dedicaverat.
1008 3496 1051 3555 F
1058 3497 1239 3574 iugis,
1284 3494 1431 3575 quod
1463 3517 1573 3554 non
1604 3498 1787 3574 possit
1816 3516 1880 3555 os
1912 3507 2064 3554 tuum
2096 3493 2310 3553 delica-

270 3594 384 3642 tum
429 3583 586 3642 cibos
633 3581 959 3641 durissimos
1002 3581 1403 3660 transglutire,
1460 3592 1520 3640 et
1577 3581 1878 3660 *panem
1939 3601 2079 3638 non
2124 3579 2308 3639 deli·

269 3669 551 3728 ciosius
628 3667 882 3727 cribro
950 3665 1369 3726 discussum
1412 3673 1466 3736 ¹,
1526 3665 1651 3725 sed
1735 3666 2148 3744 plebeium,
2222 3664 2308 3725 de

271 3754 528 3832 populi
588 3773 904 3823 annona,
960 3752 1030 3812 id
1086 3762 1203 3812 est
1252 3751 1642 3821 fiscalem,
1671 3757 1699 3788 ⁴
1772 3750 1876 3812 sed
1935 3751 2147 3810 frustra
2200 3751 2310 3811 boe

270 3839 455 3918 lingis.
499 3837 630 3897 Alia
661 3840 809 3898 enim
841 3849 970 3897 sunt
998 3838 1166 3898 animi
1197 3838 1276 3896 tui
1306 3837 1440 3896 vitia
1470 3836 1560 3896 vel
1595 3836 1823 3909 ulcera,
1853 3856 1999 3918 quae
2031 3857 2141 3896 non
2174 3856 2310 3915 pos-

272 3935 403 3984 sunt
431 3924 648 3984 levibus
679 3926 909 4005 purgari
940 3921 1230 3984 remediis.
1338 3923 1602 4001 Algente
1632 3923 1828 3983 catino
1849 3966 1867 3995 ,
1901 3943 2013 3983 non
2044 3919 2308 4002 frigidum

277 4113 302 4165 1
344 4110 458 4162 dee.
497 4106 643 4162 Reiz.
