2764 4738
517 425 772 473 cxxvm
1181 404 1904 470 PROLEGOMENA.

685 572 908 659 Neque
953 573 1115 641 enim
1156 574 1317 641 iusta
1360 576 1605 641 videtur
1647 596 1863 641 caussa
1904 595 2044 642 esse
2075 597 2186 643 cnr
2212 579 2578 663 magistrum

518 675 926 743 Hiericum
968 678 1149 741 alium
1193 697 1331 742 esse
1361 689 1676 763 putemus,
1724 699 1898 760 quam
1931 678 2291 744 monachum
2322 682 2579 748 celebe-

518 781 834 857 rimmum,
905 780 1005 863 qui
1062 777 1415 845 Hericus
1472 779 1573 845 vel
1629 777 2017 845 Heiricus
2056 788 2079 823 ¹
2131 793 2424 861 vocatur,
2510 796 2582 847 et

523 880 733 947 Caroli
776 878 954 946 Calvi
1001 882 1369 967 temporibus
1411 881 1607 962 vixit,
1654 883 1752 946 cui
1783 904 2030 948 carmen
2060 905 2233 948 suum
2264 886 2354 950 de
2396 886 2582 951 vita

522 982 595 1050 S.
659 981 1039 1048 Germani
1111 983 1908 1062 Autissiodorensi8‚
1998 986 2235 1069 magnis
2292 988 2579 1053 laudibus

522 1086 893 1152 celebratum
931 1085 1263 1170 inscripsit.
1322 1083 1527 1150 Natus
1557 1095 1654 1151 est
1682 1109 1742 1151 a.
1774 1083 1901 1150 843
1931 1087 1993 1150 in
2024 1088 2163 1152 vico
2194 1090 2326 1174 agri
2354 1088 2580 1154 Antis-

519 1188 898 1254 siodorensis
920 1234 938 1265 ,
1016 1187 1114 1251 cui
1172 1208 1393 1252 nomen
1453 1185 1701 1274 Hery,
1774 1199 1838 1253 et
1895 1187 2209 1274 disciplina
2268 1212 2414 1256 usus
2475 1203 2580 1257 est

520 1289 932 1355 Haimonis
975 1288 1410 1354 Fuldensis
1468 1300 1532 1354 et
1586 1287 1792 1375 Lupi
1833 1288 2414 1359 Ferrariensis
2463 1293 2579 1357 ab·

519 1390 679 1458 batis
699 1438 719 1470 ,
768 1403 833 1456 ut
862 1393 992 1477 ipse
1022 1401 1284 1455 testatur
1311 1390 1479 1456 bisce
1512 1392 1830 1457 versibus:

694 1492 811 1558 Hic
843 1502 1299 1577 praeceptorum
1328 1504 1473 1558 sunt
1500 1494 1731 1558 ludicra
1762 1494 2004 1579 pulchra
2038 1495 2316 1573 duorum,

865 1591 1020 1676 Quis
1057 1614 1175 1679 ego
1205 1592 1584 1678 praesulibus
1613 1596 1923 1680 ingenium
1956 1596 2138 1675 colui,

693 1694 809 1760 His
840 1693 1134 1785 Lupus,
1182 1695 1274 1759 bis
1305 1694 1520 1759 Haim
1539 1717 1575 1759 o
1604 1695 1894 1761 ludebant
1921 1699 2135 1762 ordine
2166 1707 2341 1782 grato
2362 1745 2382 1779 ,
2416 1708 2574 1763 cett.

524 1800 622 1886 qui
653 1800 718 1863 in
749 1796 1124 1883 praefatione
1154 1799 1232 1862 ad
1262 1799 1639 1864 collectanea
1688 1819 1772 1863 ex
1801 1820 1908 1864 ore
1941 1812 2398 1886 praeceptorum
2428 1822 2576 1866 sno-

520 1923 655 1967 rum
687 1910 982 1985 excerpta
1009 1901 1295 1985 leguntur
1323 1901 1481 1987 apud
1509 1898 1832 1965 Mabillon.
1866 1902 2077 1965 Anall.
2110 1900 2141 1964 1
2170 1924 2232 1987 p.
2263 1900 2461 1988 413),
2506 1903 2577 1967 in

524 2004 735 2091 quibus
778 2005 1121 2088 fragmenta
1167 2002 1399 2070 Valerii
1440 2001 1737 2079 Maximi,
1784 2001 2031 2068 Patrum
2077 2004 2160 2067 al.
2192 2005 2452 2087 reperiri
2484 2005 2578 2069 di-

526 2118 769 2172 cuntur.
872 2104 933 2168 A
972 2100 1274 2169 Ioanne
1333 2104 1931 2170 Trittenhemio
1975 2104 2082 2190 (de
2127 2106 2363 2191 scriptt.
2411 2107 2574 2171 eccl.

526 2230 584 2273 c.
615 2206 773 2293 289)
819 2207 1037 2271 dicitur
1078 2208 1177 2271 vir
1216 2208 1281 2270 in
1327 2205 1550 2270 divinis
1593 2206 1909 2292 scripturis
1957 2208 2170 2272 doctus
2202 2208 2357 2273 etin
2391 2207 2577 2273 disci·

522 2310 704 2397 plinis
762 2309 1125 2374 secularium
1182 2309 1523 2374 litterarum
1584 2307 2023 2374 eruditissimus
2044 2354 2062 2388 ,
2130 2309 2399 2376 carmine
2458 2331 2579 2376 ex-

525 2413 755 2478 cellens
787 2422 851 2475 et
879 2432 1059 2495 prosa
1080 2456 1099 2487 ‚
1148 2412 1622 2496 et‘antiquorum
1654 2412 2012 2496 scriptorum
2056 2413 2208 2477 haud
2239 2412 2324 2476 ita
2354 2413 2580 2478 infelix

522 2513 792 2578 imitator
819 2512 1008 2577 fuisse
1039 2513 1412 2596 perhibetur.
1457 2513 1757 2598 Equidem
1789 2515 1963 2578 doleo
1983 2560 2002 2591 ,
2037 2535 2133 2579 me
2162 2537 2410 2580 carmen
2439 2517 2580 2581 eius

527 2616 603 2680 de
632 2615 757 2680 vita
791 2609 863 2679 S.
899 2610 1194 2679 Germani
1228 2623 1254 2657 2
1291 2636 1409 2680 sex
1447 2617 1618 2681 libris
1660 2617 2101 2701 conscriptum,
2149 2638 2269 2681 non
2301 2619 2579 2702 potuisse

522 2719 771 2804 legere,
817 2737 1004 2800 quare
1034 2719 1241 2782 nescio
1274 2739 1416 2781 num
1445 2719 1588 2783 inde
1638 2739 1870 2802 quoque
1914 2719 2116 2802 colligi
2159 2721 2389 2805 possit,
2437 2740 2580 2785 eum

522 2821 589 2886 in
619 2818 899 2886 Iuvenali
927 2820 1186 2885 studium
1218 2820 1520 2905 posuisse.
1587 2822 1790 2903 Atque
1839 2840 1972 2885 cum
2020 2822 2094 2886 de
2125 2822 2312 2906 ipsius
2342 2822 2579 2902 studio,

525 2944 643 3008 quo
690 2923 751 2986 in
799 2922 1056 3010 antiquis
1101 2920 1496 3007 scriptoribus
1538 2932 1822 2987 versatus
1869 2922 1988 2999 sit,
2037 2920 2185 2986 nihil
2228 2925 2579 2990 accuratius

527 3026 748 3090 docere
779 3024 1040 3108 possim,
1090 3023 1494 3087 demonstrari
1527 3034 1723 3087 tamen
1755 3033 1990 3107 potest,
2038 3045 2162 3087 non
2193 3023 2459 3089 alienum
2500 3027 2579 3091 ab

526 3127 658 3193 eius
702 3136 907 3190 aetate
950 3147 1084 3191 eam
1127 3125 1502 3210 antiquitatis
1563 3136 1625 3190 ct
1681 3127 2033 3210 praesertim
2095 3148 2228 3192 eam
2289 3125 2581 3195 Graecae

523 3221 767 3313 linguae
814 3228 1218 3312 cognitionem
1264 3227 1494 3305 fuisse,
1540 3229 1774 3311 qualem
1815 3228 1878 3292 in
1925 3229 2360 3293 commentario
2402 3231 2582 3296 vide-

524 3353 657 3397 mus
677 3377 694 3409 ,
743 3330 838 3413 qui
871 3330 1002 3395 eius
1033 3331 1396 3418 auctoritate
1426 3328 1636 3394 utitur.
1699 3328 1863 3394 Nam
1910 3330 2009 3413 qui
2037 3340 2160 3395 tum
2192 3332 2344 3397 baec
2374 3334 2582 3399 studia

527 3444 853 3510 curarunt,
913 3453 1265 3517 quamquam
1314 3453 1438 3496 non
1486 3431 1648 3495 omni
1690 3433 1992 3497 sermonis
2038 3443 2101 3496 et
2129 3453 2332 3498 rerum
2364 3436 2583 3520 cogni-

525 3538 695 3602 tione
743 3534 1015 3601 destituti
1058 3546 1273 3616 erant,
1334 3534 1560 3600 incerti
1616 3545 1822 3601 tamen
1879 3534 2295 3621 vagabantur,
2359 3545 2582 3602 tenues

530 3759 554 3813 1
598 3754 678 3807 Cf.
715 3753 1016 3819 Fabricius,
1058 3756 1191 3809 Bibl.
1228 3755 1345 3809 Lat.
1382 3759 1585 3812 mediae
1617 3765 1672 3810 et
1704 3757 1800 3810 inf.
1839 3766 1944 3810 aet.
1980 3756 2025 3810 11
2058 3775 2110 3827 p.
2148 3757 2249 3811 325
2274 3772 2384 3825 sqq.
2435 3758 2579 3811 Hist.

596 3823 764 3875 litter.
813 3824 877 3874 de
919 3823 970 3875 la
1019 3824 1215 3877 Franco
1264 3826 1311 3879 V
1365 3844 1416 3895 p.
1456 3829 1553 3881 535
1580 3844 1690 3895 sqq.
1743 3827 1900 3892 Biibr,
1939 3827 2121 3880 Gescb.
2152 3827 2215 3879 d.
2254 3826 2400 3879 Rom.
2438 3826 2579 3880 Litt.

597 3894 666 3945 im
703 3890 877 3943 Karol.
916 3891 1080 3943 Ztalt.
1118 3909 1166 3959 p.
1208 3895 1300 3947 111
1329 3912 1437 3963 sqq.

526 3964 563 4019 2
597 3961 802 4014 Editum
840 3967 922 4012 ost
957 3960 1172 4012 Parisiis
1207 3967 1341 4030 apud
1378 3965 1503 4016 Sim.
1544 3965 1841 4017 Colinaenm
1881 3966 2031 4019 1543.
2070 3967 2122 4030 8,
2175 3964 2226 4015 in
2266 3965 2333 4015 du
2362 3964 2576 4017 Cbesnii

597 4031 846 4083 historiae
882 4028 1194 4082 Francorum
1229 4034 1567 4102 scriptoribus
1601 4036 1898 4087 coaetaneis
1954 4035 2095 4101 (Par.
2136 4033 2294 4099 1636)
2351 4040 2391 4085 t.
2432 4033 2473 4086 11
2523 4052 2573 4102 p.

71 4111 407 4409 Γ
594 4098 696 4153 470
721 4115 834 4167 sqq.
870 4105 925 4152 et
958 4099 1010 4151 in
1052 4100 1286 4152 collandi
1320 4103 1463 4156 scu.
1502 4103 1738 4170 Sancta,
1775 4103 1871 4155 lul.
1908 4111 1951 4155 t.
1990 4102 2082 4156 vn
2118 4119 2167 4170 p.
2208 4101 2303 4158 221
2336 4118 2446 4168 sqq.

632 4387 823 4544 N
