2764 4738
840 430 1555 494 PROLEGOMENA.
2051 453 2228 495 xxxv

163 600 529 682 Lucanum,
563 598 639 665 ‘et
683 601 736 666 si
778 603 878 686 qui
925 602 1152 668 similes
1197 605 1445 667 suerunt
1474 611 1690 688 poetae
1713 647 1733 683 ,
1780 612 1926 665 noto
1957 602 2093 665 loco
2126 624 2222 667 re-

165 706 455 790 spexisse
487 707 577 788 (c.
617 702 788 785 118).

336 804 541 871 Multo
586 806 769 870 etiam
814 807 1012 873 minus
1057 804 1276 873 Persio
1323 808 1658 872 convenire
1715 807 1907 892 potuit
1955 829 2086 872 cum
2137 806 2216 871 L.

160 912 497 975 Annaeo
547 904 896 988 Seneca,
945 930 1119 992 quem
1168 920 1326 974 teste
1373 910 1502 974 vita
1545 910 1788 993 antiqua
1820 931 1960 974 sero
1995 931 2223 996 cogno-

157 1012 289 1089 vit,
339 1012 450 1075 sed
487 1031 609 1073 non
642 1022 705 1073 ut
735 1022 1059 1095 caperetur
1089 1011 1218 1076 eius
1248 1013 1521 1096 ingenio.
1587 1010 1765 1093 Quod
1814 1012 1866 1074 si
1897 1032 2020 1074 non
2053 1012 2219 1075 addi·
2263 1092 2270 1097 ἡ

160 1124 287 1176 tum
320 1112 567 1191 fuisset,
602 1113 752 1178 satis
783 1124 951 1177 certa
985 1114 1332 1177 coniectura
1351 1114 1592 1197 assequi
1619 1115 2046 1199 potuissemus,
2084 1134 2218 1178 cum

160 1215 235 1279 de
266 1216 590 1299 utriusque
623 1216 870 1300 ingenio
895 1261 912 1292 ‚
946 1216 1212 1280 moribus
1232 1262 1249 1291 ,
1288 1215 1595 1280 scribendi
1626 1216 1860 1280 ratione
1893 1217 2216 1280 aestimare

155 1317 463 1401 possimus
506 1329 550 1378 ¹.
599 1315 774 1380 Haud
810 1317 981 1381 facile
1016 1318 1132 1381 duo
1162 1317 1279 1382 viri
1312 1318 1501 1400 magis
1535 1316 1757 1382 diversi
1791 1339 1929 1383 esse
1963 1328 2219 1403 possunt

154 1420 347 1483 animi
390 1419 599 1481 indole
645 1419 925 1501 vitaeque
966 1420 1240 1498 ratione,
1306 1441 1481 1502 quam
1525 1417 1776 1485 Persius
1827 1432 1890 1485 et
1949 1418 2211 1497 Seneca,

156 1532 221 1584 et
253 1533 461 1585 tamen
495 1521 674 1584 iidem
702 1520 967 1585 eiusdem
1001 1522 1287 1606 temporis
1319 1522 1471 1585 filios
1501 1543 1640 1586 sese
1689 1524 1998 1606 permultis
2027 1524 2214 1589 rebus

154 1635 339 1706 atque
408 1624 696 1687 vitiorum
754 1624 937 1687 etiam
997 1623 1426 1687 communitate
1479 1624 1765 1708 produnt.
1842 1623 2063 1690 Nullus
2117 1637 2214 1691 est

154 1726 463 1809 scriptor,
533 1724 633 1807 qui
691 1725 767 1787 ad
828 1734 995 1789 recte
1050 1725 1508 1809 intelligendum
1566 1724 1882 1804 Persium,
1932 1729 2064 1792 sive
2122 1729 2212 1792 lo-

155 1826 384 1909 quendi
414 1846 611 1908 genus
631 1873 650 1905 ,
704 1825 836 1890 sive
883 1847 985 1890 res
1027 1827 1102 1890 ab
1133 1848 1209 1892 eo
1240 1826 1573 1913 descriptas
1598 1874 1616 1906 ,
1662 1828 1794 1893 sive
1826 1840 2011 1894 totam
2045 1833 2212 1914 cogi-

154 1928 321 1992 tandi
354 1928 659 1992 rationem
690 1939 965 2012 spectes,
998 1939 1231 1993 tantum
1262 1933 1564 2008 conferat,
1607 1941 1891 2013 quantum
1926 1931 2165 1997 Seneca
2187 1960 2206 1997 ε

152 2042 217 2094 et
260 2043 467 2093 tamen
512 2030 778 2093 maxima
826 2030 991 2093 inter
1042 2042 1359 2114 utrumque
1422 2043 1517 2096 est
1571 2033 1800 2118 ingenii
1861 2034 2204 2099 diversitas.

152 2130 331 2214 Quae
363 2133 430 2195 in
465 2132 540 2195 iis
572 2131 788 2195 studiis
818 2132 920 2196 vel
951 2132 1213 2197 maxime
1246 2134 1552 2211 cernitur,
1589 2154 1742 2217 quae
1774 2134 2011 2218 utrique
2045 2156 2207 2200 com·-

149 2235 361 2299 munia
390 2243 558 2309 sunt,
597 2231 1028 2318 philosophiam
1064 2236 1203 2300 dico
1232 2237 1509 2300 stoicam.
1564 2232 1803 2300 Seneca
1838 2238 1996 2301 enim
2030 2259 2209 2323 egre·

150 2338 252 2422 gia
280 2359 321 2402 a
354 2346 578 2402 natura
610 2333 811 2400 indole
842 2336 1184 2422 praeditus,
1219 2338 1452 2404 stoicae
1484 2337 1932 2425 philosophiae,
1968 2349 2032 2403 ut
2064 2350 2204 2406 tunc

147 2442 284 2505 fere
332 2439 593 2524 optimus
641 2439 924 2522 quisque,
992 2448 1181 2503 totum
1226 2461 1294 2505 se
1344 2442 1509 2506 dedit
1542 2452 1604 2506 et
1657 2444 1904 2506 fervore
1950 2444 2206 2526 quodam

151 2539 420 2606 naturali
453 2563 585 2606 eam
618 2541 1097 2626 amplectebatur
1117 2588 1134 2619 ,
1180 2542 1264 2606 ita
1307 2553 1374 2606 ut
1403 2544 1662 2608 ethicam
1695 2544 2067 2628 potissimum
2100 2568 2206 2611 co-

149 2646 334 2710 leret.
398 2640 632 2707 Verum
665 2665 795 2707 cum
828 2654 994 2708 esset
1025 2644 1081 2706 ei
1111 2644 1264 2708 felix
1296 2657 1358 2710 et
1389 2648 1609 2711 laetum
1644 2647 1951 2729 ingenium
1975 2694 1992 2725 ‚
2045 2648 2205 2729 quod

148 2751 331 2816 facile
363 2748 586 2812 uberes
617 2748 923 2832 proferret
950 2747 1183 2811 fructus
1204 2794 1221 2825 ‚
1272 2769 1405 2812 cum
1451 2748 1747 2833 gauderet
1794 2768 1867 2812 ea
1899 2748 2082 2811 animi
2113 2748 2220 2826 vi„

150 2873 305 2936 quae
337 2852 480 2935 quid
513 2870 627 2936 pro
658 2868 1012 2933 quacunque
1056 2871 1125 2914 re
1169 2850 1288 2914 dici
1319 2860 1564 2933 posset,
1613 2871 1745 2913 cum
1790 2850 2064 2914 acumine
2097 2849 2207 2913 de-

146 2963 435 3038 tegeret,
484 2975 618 3016 cum
652 2951 928 3015 facundia
976 2963 1355 3036 exponeret,
1407 2952 1499 3016 his
1551 2952 1695 3034 ipsis
1737 2951 2012 3030 dotibus„
2061 2951 2201 3016 rhe-

145 3058 342 3119 torica
373 3053 690 3137 disciplina
722 3052 1048 3137 diligenter
1077 3051 1337 3118 excultis
1359 3099 1378 3130 ,
1427 3053 1674 3116 mirifice
1705 3053 1928 3118 abusus
1959 3064 2086 3130 est,
2138 3065 2201 3118 et

145 3159 365 3244 partim
397 3156 584 3219 nimio
617 3156 864 3218 fervore
894 3155 1217 3239 abreptus,
1264 3156 1482 3240 partim
1528 3155 1755 3239 gloriae
1799 3156 2077 3240 cupidine
2108 3167 2199 3220 at-

144 3280 259 3345 que
301 3257 558 3342 quadam
606 3257 792 3320 animi
831 3256 1077 3326 lascivia
1120 3258 1443 3335 seductus,
1492 3256 1755 3340 speciem
1818 3257 2006 3342 magis
2062 3258 2195 3320 veri

144 3373 329 3445 atque
385 3359 811 3443 splendorem,
860 3379 1032 3441 quam
1094 3361 1280 3443 ipsam
1327 3360 1649 3424 veritatem
1702 3360 2025 3440 quaesivit.
2099 3356 2196 3423 Ita

144 3467 243 3541 fit,
296 3474 362 3528 ut
409 3461 685 3546 quamvis
729 3460 960 3525 acriter
998 3473 1061 3527 et
1105 3463 1353 3547 copiose
1397 3460 1754 3545 disputando
1800 3460 1907 3523 vix
1934 3482 2192 3543 unquam

144 3567 551 3652 persuadeat,
626 3567 807 3629 immo
863 3588 939 3631 ne
995 3564 1262 3629 voluisse
1316 3564 1555 3647 quidem
1612 3563 1894 3626 videatur
1944 3582 2192 3646 persua-

146 3670 328 3744 dere,
386 3669 495 3733 sed
551 3670 675 3733 vim
716 3667 1178 3753 argumentandi
1224 3668 1423 3752 potius
1479 3676 1540 3729 et
1596 3665 1955 3748 elegantiam
2013 3666 2193 3729 mira-

142 3769 340 3834 bundo
384 3770 603 3834 lectori
650 3771 1013 3846 ostendere,
1072 3777 1138 3831 ut
1180 3768 1302 3831 late
1347 3769 1667 3853 splendeat
1710 3768 1906 3831 oratio
1953 3767 2084 3832 eius
2132 3778 2194 3831 et

142 3870 443 3936 illecebris
473 3872 830 3957 quibusdam
861 3872 1267 3957 permulceat,
1316 3869 1641 3935 masculam
1687 3869 1808 3934 vim
1837 3868 2191 3953 ingenuam-

145 4058 167 4110 1
206 4058 281 4111 De
304 4057 503 4110 Seneca
534 4058 602 4110 cf.
635 4058 695 4109 H.
721 4057 911 4122 Ritter,
950 4058 1139 4111 Gesch.
1166 4060 1215 4109 d.
1253 4058 1386 4109 Phil.
1422 4065 1461 4109 t.
1494 4055 1564 4108 lv
1589 4073 1637 4123 p.
1674 4056 1772 4108 182
1790 4070 1899 4121 sqq.
1942 4052 2186 4112 Gerlach,

208 4127 405 4180 Hister.
445 4128 600 4179 Stud.
630 4144 679 4195 p.
710 4129 808 4183 271
840 4144 951 4195 sqq.
1693 4193 1769 4255 c*
