2764 4738
85 4223 154 4361 Κ

731 430 997 494 scfloL.
1043 431 1149 494 AD
1194 431 1366 495 SAT.
1410 433 1509 509 IV,
1553 437 1854 498 25—29.
2186 427 2314 497 315

267 600 479 661 tatibus
520 578 628 662 dec
672 602 884 663 sordidi
932 624 1039 665 nec
1084 603 1269 665 mundi
1314 604 1562 684 placent.
1753 606 2079 664 Vectidium
2126 616 2312 665 antem

270 686 549 768 quendam
581 687 719 748 dicit
749 691 804 748 in
839 689 1065 749 Sabinis
1097 690 1481 769 possidentem
1516 688 1750 769 praedia
1780 711 1889 749 non
1924 710 2127 768 panca.

442 776 549 835 26.
604 776 896 847 Curibus,
930 773 1075 855 quod
1106 794 1306 836 nomen
1339 776 1450 837 loci
1481 788 1600 849 est,
1645 774 1794 836 unde
1827 786 1885 835 et
1915 777 2052 836 Iuno
2083 776 2310 835 Curetis

269 856 507 928 dicitur,
539 862 666 939 quia
698 861 774 919 ibi
806 861 1175 921 vehementer
1204 864 1432 922 colitur.
1611 864 1904 938 Quantum
1947 881 2061 920 non
2108 863 2312 920 milvus

270 943 553 1016 oberrat,
632 945 781 1025 quod
855 945 967 1006 dici
1037 948 1184 1006 solet
1256 948 1282 975 ¹*
1309 945 1719 1008 secundum
1795 946 2310 1027 proverbium:

277 1032 645 1105 Quantum
721 1032 947 1090 milvi
998 1034 1350 1105 volant,*
1420 1035 1548 1113 quin
1605 1034 1754 1091 milvi
1814 1032 2039 1092 multum
2093 1032 2307 1091 voinnt.

270 1114 382 1173 Vel
412 1111 819 1196 ὑπερβολικῶς
849 1137 922 1176 ex
951 1119 1255 1197 proverbio
1289 1129 1495 1178 tantam
1529 1117 1665 1177 dicit
1695 1120 1982 1197 regionem
2002 1160 2019 1187 ‚
2050 1127 2312 1196 quantam

269 1200 469 1258 voians
501 1201 695 1259 milvus
727 1204 1023 1263 circumire
1056 1224 1163 1262 non
1198 1206 1397 1282 possit.
1442 1202 1659 1264 Inducit
1688 1224 1829 1282 ergo
1860 1222 1962 1282 per
1992 1201 2312 1262 Ventidium

271 1284 375 1344 diis
407 1286 564 1344 iratis
596 1298 656 1345 et
684 1287 830 1346 malo
860 1291 1031 1368 genio
1063 1300 1224 1348 natos
1244 1331 1262 1360 ‚
1328 1291 1422 1369 qui
1468 1310 1593 1349 cum
1640 1289 1839 1349 divites
1870 1290 2013 1358 sint,
2059 1289 2316 1348 esuriunt

272 1382 334 1430 et
365 1371 486 1429 saie
519 1382 580 1430 et
608 1392 787 1451 caepe
819 1386 1124 1434 vescuntur
1166 1385 1226 1434 et
1255 1395 1486 1453 poscam
1518 1378 1687 1435 etiam
1719 1376 1771 1433 in
1804 1374 2085 1433 sacrificio
2118 1374 2312 1444 libant,

272 1455 400 1514 dum
448 1477 557 1515 non
603 1459 778 1516 veiint
818 1457 1024 1518 dotium
1068 1461 1180 1518 vini
1229 1480 1517 1520 reserare.
1577 1461 1696 1520 Hoc
1728 1480 1869 1538 ergo
1901 1470 1996 1518 aut
2027 1470 2194 1538 poeta
2228 1458 2313 1516 lo-

271 1543 478 1621 quitur,
511 1543 734 1613 amine,
770 1564 933 1623 quem
954 1546 1139 1604 aliena
1168 1547 1304 1605 vitia
1334 1546 1649 1624 culpantem
1683 1545 1911 1615 inducit,
1944 1554 2002 1604 et
2034 1544 2168 1603 dicit
2185 1544 2312 1603 alii:

277 1629 611 1703 Quaesieris
628 1654 645 1688 .-
678 1630 891 1688 nostin'
914 1633 974 1689 V
969 1632 1154 1689 ecte'di
1174 1634 1430 1709 praedia
1449 1638 1479 1690 ?
1521 1632 1739 1690 Etilie:
1774 1633 1939 1689 cm'us
1958 1635 1988 1689 ?
2016 1630 2091 1688 Et
2106 1639 2311 1708 poetaz

272 1715 452 1772 Dives
483 1724 627 1771 arat
666 1715 923 1774 Curibus
945 1760 963 1786 ,
999 1726 1278 1793 quantum
1308 1737 1424 1776 non
1452 1719 1658 1775 milvus
1687 1717 1975 1774 oberrat?
2018 1715 2093 1774 Et
2123 1716 2253 1774 ille:

443 1802 547 1860 27.
591 1801 762 1857 Hunc
791 1801 930 1860 aab?
963 1800 1037 1858 Et
1065 1813 1265 1879 poeta:
1309 1805 1500 1861 Hunc.
1563 1802 1636 1861 Et
1679 1803 1936 1881 sequitur
1978 1802 2091 1859 deis
2138 1802 2313 1859 irat&

268 1884 562 1961 genioque
596 1886 874 1957 simistro,
932 1897 1119 1945 natum
1163 1886 1436 1958 subaudi,
1498 1888 1655 1966 quasi
1703 1886 1808 1945 sibi
1853 1887 2118 1957 sinistro,
2166 1884 2314 1965 quod

274 1967 433 2026 dives
479 1971 697 2028 esuriat
743 1982 800 2028 et
841 1971 960 2030 saie
1013 1982 1071 2031 et
1116 1992 1294 2050 caepe
1326 1985 1626 2031 vescature
1694 1970 1842 2052 quod
1874 1983 1932 2030 et
1962 1971 2317 2031 Terentiusl

273 2055 385 2113 ait:
429 2074 598 2113 suum
629 2055 994 2131 defraudans
1020 2058 1258 2134 genium
1301 2060 1623 2136 comparsit
1654 2059 1849 2117 miser.

446 2144 549 2200 28.
601 2141 721 2214 Qm'
764 2144 1110 2220 quandoque
1167 2144 1366 2220 iugum
1414 2154 1579 2221 pert.
1680 2143 1786 2216 Qui
1846 2144 2107 2222 quotiens
2167 2138 2314 2200 diem

276 2225 481 2283 festum
524 2236 717 2282 aratro
763 2227 874 2284 lixo
921 2228 974 2284 in
1021 2229 1278 2305 compitis
1325 2228 1614 2299 celebrat,
1664 2230 1864 2286 timens
1911 2227 2172 2286 seriolam
2204 2227 2317 2285 vini

274 2310 537 2388 aperire,
570 2320 786 2368 acetum
819 2322 998 2389 potat.
1178 2314 1205 2344 ⁴¹
1229 2315 1573 2392 Compita
1606 2323 1776 2372 sunt
1823 2313 1989 2372 loca
2035 2314 2100 2371 in
2149 2332 2315 2392 qua-

274 2394 576 2465 «triviis,
623 2399 841 2475 quasi
891 2409 1183 2470 turres,
1243 2399 1362 2457 ubi
1410 2401 1816 2460 sacrificia
1859 2398 2080 2457 finita
2124 2399 2318 2475 agri-

274 2480 579 2540 cultura
625 2484 903 2541 rustici
950 2485 1360 2543 celebrant.
1433 2484 2099 2563 Meritopertusa,
2148 2485 2317 2562 quia

273 2585 409 2645 per
449 2585 701 2624 omnes
746 2579 1058 2646 quatuor
1099 2579 1355 2647 partes
1399 2581 1736 2647 pateant,
1787 2568 1908 2627 vel
1951 2568 2319 2627 vetusta.*

273 2651 393 2710 Aut
421 2652 673 2729 compita
702 2655 930 2731 proprie
962 2674 996 2712 a
1027 2651 1420 2732 conpotando‚
1453 2654 1508 2712 id
1540 2666 1630 2713 est
1674 2652 1835 2712 simul
1867 2651 2137 2722 bibendo,
2174 2672 2317 2730 per-

277 2746 412 2795 tusa
443 2748 665 2806 autem,
712 2740 842 2817 quia
887 2740 1116 2818 pervius
1148 2742 1420 2797 transitus
1450 2750 1538 2799 est
1567 2740 1704 2798 viris
1735 2750 1796 2797 et
1827 2739 2068 2797 feminis.
2131 2743 2158 2773 '⁶¹
2178 2739 2229 2797 V
2248 2738 2319 2796 el

275 2823 612 2900 compita
656 2834 831 2881 sunt
872 2844 1009 2883 non
1054 2824 1285 2883 solum
1327 2827 1398 2883 in
1442 2824 1626 2884 urbe
1672 2825 1873 2894 loen,
1920 2821 2051 2882 sed
2098 2824 2317 2882 etiam

274 2908 442 2967 viae
494 2907 849 2985 publicae
906 2928 987 2968 ac
1044 2908 1573 2970 diverticulae
1606 2915 1633 2949 ²
1675 2909 2098 2988 aliquorum
2152 2928 2320 2967 con·

276 2990 575 3064 finium,
632 2993 748 3051 nbi
809 2995 1208 3054 aediculae
1263 3005 1824 3056 consecrantur
1883 2992 2320 3073 patentes,*

276 3075 408 3136 ideo
438 3083 804 3157 *pertusa
856 3078 943 3138 ad
1002 3082 1355 3158 compita3
1415 3082 1487 3140 in
1530 3081 1644 3140 bis
1706 3081 1955 3139 fracta
2010 3080 2180 3156 iuga
2235 3077 2319 3138 ab

275 3163 654 3239 agricolis
715 3165 1129 3242 ponuntu1·''¹
1188 3167 1344 3225 velut
1401 3166 1750 3244 *emeriti
1811 3176 1886 3225 et
1936 3164 2320 3224 elaborati

276 3250 533 3326 operis
595 3248 1020 3321 indicium‚*
1065 3253 1189 3310 sive
1232 3250 1382 3331 quod
1430 3271 1594 3311 omne
1639 3253 2065 3310 instrumentum
2119 3250 2319 3308 existi·

275 3345 430 3393 ment
472 3354 714 3394 sacrum.
791 3334 900 3395 Vel
945 3338 1194 3415 compita
1250 3335 1545 3408 dicuntur,
1602 3335 1673 3395 ad
1720 3355 1865 3416 quae
1911 3337 2069 3413 ptura
2116 3337 2321 3394 itinera

276 3430 622 3497 competunt.
684 3420 950 3493 Quamvis
998 3424 1083 3481 rei
1123 3420 1344 3482 divinae
1388 3434 1689 3502 operatur:
1736 3421 1858 3481 Nec
1902 3422 1986 3480 sic
2030 3430 2218 3479 tamen
2248 3420 2319 3479 ab

275 3506 512 3564 avaritia
543 3503 817 3565 discedit:
863 3508 1131 3587 timetque
1165 3505 1376 3568 dolium
1411 3510 1635 3587 aperire
1682 3505 1773 3566 diu
1806 3516 2113 3565 servatum.

448 3594 550 3653 29.
597 3593 834 3651 Ser-iola
881 3604 972 3651 est
1014 3612 1271 3651 orcarum
1317 3591 1458 3651 ordo
1504 3592 1786 3661 directus,
1843 3591 1937 3651 vel
1987 3611 2089 3650 vas
2147 3590 2320 3650 fictile

274 3676 472 3747 vini-³⁸,
515 3676 607 3735 vel
653 3675 893 3748 dolium,
936 3677 1027 3738 vel
1067 3678 1368 3757 apotheca.
1425 3680 1649 3737 Limum
1679 3698 1784 3757 pro
1816 3678 1932 3736 luto
1961 3679 2177 3755 posuit,
2210 3697 2320 3758 qno

274 3759 425 3821 dolia
455 3760 778 3822 oblinuntur
810 3767 858 3821 ⁴.

276 3912 302 3965 1
343 3912 556 3965 Terent.
591 3913 799 3964 Phorm.
836 3911 880 3976 1,
922 3914 973 3976 1,
1014 3914 1099 3966 ¹0.

272 3983 308 4036 2
343 3987 463 4033 viae
492 3984 743 4049 publicae
778 3981 1107 4034 deverticula
1143 3981 1389 4034 Hauthnl.
1434 3998 1483 4051 p.
1511 3983 1631 4038 255.

273 4052 306 4103 3
343 4052 466 4104 Isid.
507 4052 672 4117 origg.
712 4050 836 4112 XX,
877 4052 927 4104 6.

277 4122 312 4184 4
347 4119 434 4173 Gt.
451 4120 565 4171 cod.
585 4121 740 4173 Bern.
761 4120 1098 4186 „Darada-e,
1124 4120 1418 4186 inuigilan,
1440 4120 1717 4173 denodare.
1754 4121 1989 4185 Limum,
2007 4122 2318 4174 cleibesal.“
