2764 4738
107 4175 396 4431 μ-

561 429 595 466 ‹-
1207 398 1946 465 PRoLEGoMENA.

559 572 792 655 Bekk.)
811 619 830 651 ‚
878 592 1003 637 non
1032 571 1274 637 videtur
1302 571 1449 636 mihi
1479 572 1725 637 obstare
1746 620 1766 653 ,
1801 572 1945 657 quin
1978 573 2236 638 eandem
2266 569 2621 637 adhibuen't

559 676 740 740 etiam
785 671 1108 761 Sophron,
1155 674 1515 761 praesertim
1557 694 1690 738 eum
1738 685 1862 739 tam
1905 676 2091 740 multa
2147 675 2387 758 utrique
2446 696 2616 739 com·

556 779 760 845 munia
790 778 917 843 sint
952 785 999 840 ¹.
1058 776 1373 861 Dialogica
1423 776 1663 841 ratione
1705 778 1920 842 mimos
1963 797 2110 843 suos
2153 778 2418 841 maxime
2461 798 2618 841 con-

555 876 1262 968 scripsisseSophronem
1293 878 1467 943 testis
1501 888 1600 944 est
1628 878 1902 945 Tzetzes
1933 878 2125 964 (Chil.
2152 878 2241 955 X,
2266 875 2429 943 1001
2449 878 2613 965 sq.)‚

557 985 655 1067 qui
689 1007 822 1049 cum
870 980 1187 1047 Platonem
1238 978 1577 1065 Sophronis
1623 981 1836 1047 mimos
1867 1004 1905 1046 a
1933 980 2137 1048 Dione
2168 991 2381 1048 auctos
2411 979 2616 1046 Athe·

559 1108 670 1152 nas
701 1097 978 1170 portasse
1010 1084 1367 1162 tradiderit,
1418 1083 1569 1148 haec
1601 1083 1803 1148 addit:

681 1183 796 1258 Ἐκ
822 1185 1063 1274 μίμων
1093 1185 1165 1254 δὲ
1193 1184 1318 1254 τοῦ
1350 1179 1716 1273 Σώφρονος
1742 1197 2059 1274 μιμεῖται
2090 1181 2490 1273 διαλόγους·

680 1289 756 1361 Ὀ
791 1285 1095 1376 Σώφρων
1123 1282 1248 1355 ὅσα
1278 1282 1523 1375 γροίφει
1551 1286 1682 1377 γαρ
1714 1291 1842 1358 εἰσὶ
1872 1290 2009 1355 τῶν
2039 1283 2431 1377 α’μοιβαίων

681 1386 1081 1481 Ἐρώτησιν,
1127 1382 1531 1476 α’πόκρισιν,
1578 1384 1950 1478 σύμπαντα
1982 1390 2385 1479 κεκτημένα.

560 1495 935 1580 Quamquam
979 1493 1119 1557 huic
1164 1493 1279 1556 soli
1321 1492 1670 1558 testimonio
1714 1516 1842 1558 nou
1881 1495 2130 1559 mustum
2174 1497 2435 1560 fortasse
2468 1493 2613 1559 fidei

558 1597 895 1662 habendum
927 1606 1130 1674 esset3
1178 1616 1314 1660 nam
1348 1594 1619 1661 Tzetzes
1656 1592 2036 1682 Sophrouem
2066 1598 2258 1683 ipsum
2288 1598 2399 1662 vix
2427 1598 2606 1682 legit,

560 1711 622 1764 et
662 1721 745 1764 ex
784 1699 903 1764 ista
952 1699 1026 1763 de
1072 1694 1406 1762 Platonicis
1452 1697 1707 1782 dialogis
1751 1700 1829 1765 ad
1889 1700 2227 1783 exemplum
2287 1700 2608 1763 mimorum

558 1801 906 1887 compositis
952 1799 1153 1865 fahula
1195 1798 1406 1864 horum
1451 1822 1687 1886 qnoque
1729 1804 2025 1867 rationem
2072 1802 2188 1866 sihi
2218 1802 2417 1866 linxit.
2484 1801 2610 1866 Ve—

557 1927 687 1970 rum
719 1912 1136 1989 praeterquam
1183 1903 1340 1987 quod
1384 1904 1657 1988 dialogus
1700 1905 2012 1970 mimorum
2053 1918 2304 1970 naturae
2337 1906 2609 1990 apprime

558 2007 880 2084 convenit,
940 2016 1140 2092 potest
1192 2026 1276 2070 ex
1327 2006 1530 2070 m‘ultis
1586 2007 1944 2092 fragmentis
2005 2007 2229 2092 dialogi
2288 2007 2611 2091 dispositio

557 2111 898 2174 etiamnunc
943 2108 1255 2194 cognosci.
1324 2104 1589 2173 Praeter
1629 2108 1814 2174 talia:
1862 2106 2404 2195 Κατοῖστρεψον,
2449 2106 2612 2174 τέκ-

554 2235 720 2288 νον,
776 2209 907 2281 τα“ν
957 2204 1219 2298 ἡμίναν
1263 2209 1528 2295 (Athen.
1574 2207 1674 2273 XI
1717 2232 1776 2296 p.
1810 2210 1938 2278 ⁴79
1968 2211 2120 2295 B.),
2183 2221 2248 2277 et
2300 2232 2453 2294 quae
2508 2210 2612 2275 his

554 2326 701 2382 sunt
740 2314 959 2381 similia
1012 2314 1127 2399 (cf.
1175 2311 1412 2380 Athen.
1457 2309 1553 2377 lx
1596 2335 1657 2401 p.
1692 2310 1820 2379 380
1851 2314 1928 2380 Ε.
1979 2314 2108 2382 409
2138 2316 2216 2379 A.
2258 2313 2470 2402 Etym.
2504 2312 2606 2379 Μ.

554 2440 610 2482 S.
658 2439 722 2482 v.
785 2413 1315 2504 θαύμακτρον),
1376 2417 1716 2501 comparari
1773 2427 2031 2504 possunt
2084 2415 2274 2482 haec:
2348 2417 2608 2496 Θοῒσαι,

557 2518 686 2589 ὅσα
731 2515 963 2608 φύλλα
1005 2518 1118 2586 καὶ
1160 2512 1420 2606 κάρφεα
1480 2518 1586 2586 τοὶ
1640 2519 1881 2594 παῖδες
1926 2517 2082 2594 τούς
2125 2517 2382 2604 ἄνδρας
2420 2521 2611 2605 βαλ-

553 2621 839 2704 λίζοντι,
871 2616 1021 2690 οἶόν
1050 2645 1176 2708 περ
1209 2619 1444 2708 φαντί,
1475 2620 1666 2708 φίλα,
1707 2624 1863 2696 τοῦς
1902 2623 2139 2708 Τρῶας
2167 2620 2289 2689 τὸν
2323 2625 2608 2690 Αἴαντα

551 2728 642 2817 τῷ
667 2725 863 2816 παλῷ
892 2724 1105 2809 (Dem.
1141 2725 1215 2788 de
1247 2725 1405 2788 eloe.
1443 2721 1638 2806 147);
1680 2720 1820 2791 Ἴδε
1848 2726 2065 2792 καλᾶν
2090 2725 2462 2812 κουρίδων,
2499 2724 2608 2794 ἴδε

553 2825 959 2915 καμμάρων,
995 2825 1119 2907 ἴδε,
1144 2826 1309 2913 φίλα
1329 2844 1346 2863 ·
1369 2826 1588 2893 θᾶσαι
1621 2826 1773 2912 μοίν
1803 2822 1891 2902 οἷς
1921 2823 2454 2914 ἐρυθραίτ’ἑντὶ
2488 2830 2610 2896 καὶ

551 2932 1031 3020 λειοτριχιῶσαι
1050 2929 1315 3013 (Athen.
1350 2924 1444 2991 111
1476 2951 1535 3013 p.
1559 2928 1681 2993 106
1712 2928 1859 3012 B.),
1908 2942 1972 2994 et
2014 2929 2160 2994 illud
2195 2932 2605 3016 fragmentum

553 3034 655 3098 ubi
684 3044 894 3119 aperte
941 3032 1059 3097 duo
1105 3032 1570 3115 colloquuntur=
1632 3030 1919 3106 Τίνεςδὲ
1935 3033 2085 3102 ἐντί
2128 3056 2350 3112 ποκα,
2410 3033 2607 3120 φίλα,

550 3134 742 3206 ταίδε
784 3159 889 3203 τοι
943 3133 1202 3222 μακραὶ
1259 3130 1538 3223 κόγχαι,
1600 3134 1971 3222 ,,Σωλῆνε’ς
2012 3144 2156 3221 θην
2213 3135 2440 3204 τοῦτοί
2483 3157 2606 3222 γα,

549 3232 966 3328 γλυκύκρεον
1029 3233 1425 3326 κογχύλιον,
1498 3237 1714 3326 χηρᾶν
1783 3240 2135 3325 γυναικῶν
2205 3237 2600 3329 λίχνὲυμα“

552 3341 811 3423 (Athen.
843 3336 938 3405 111
965 3362 1026 3426 p.
1059 3337 1145 3403 86
1175 3338 1317 3422 B.),
1392 3337 1615 3424 Neque
1661 3340 1805 3404 illud
1839 3342 1987 3406 nihil
2018 3343 2166 3407 facit
2195 3343 2270 3406 ad
2303 3342 2459 3405 hanc
2488 3341 2604 3405 mi-

551 3465 781 3508 morum
833 3443 1286 3528 dispositionem
1329 3442 1807 3523 diiudicandam‚
1869 3446 2025 3529 quod
2063 3445 2443 3510 Aristoteles
2491 3464 2605 3509 eos

551 3568 684 3612 eum
717 3547 971 3631 dialogis
1004 3544 1338 3611 Socraticis
1370 3546 1714 3628 componit,
1763 3545 1822 3608 in
1868 3547 2022 3611 lihro
2065 3547 2140 3612 de
2185 3549 2384 3633 poetis
2413 3547 2604 3633 (apud

550 3648 783 3713 Athen.
827 3647 927 3714 XI
969 3669 1031 3734 p.
1076 3646 1200 3713 505
1233 3645 1387 3732 C.)=
1460 3642 1737 3716 Οὐκοῦν
1796 3641 1956 3715 οὐδὲ
2012 3645 2390 3739 ἐμμέτρους
2442 3648 2606 3726 τούς

552 3839 575 3890 1
616 3833 806 3888 Notum
841 3842 952 3898 eat,
1001 3834 1359 3902 Epicharmum
1396 3839 1479 3890 vel
1515 3838 1735 3890 maxime
1772 3854 1886 3888 cum
1927 3838 2053 3890 iocis
2089 3846 2143 3890 et
2180 3840 2450 3892 hilaritate
2487 3855 2607 3905 gra-

612 3905 831 3955 vitatem
880 3905 1148 3970 copulasse
1198 3915 1251 3957 et
1298 3908 1459 3958 multa
1508 3908 1851 3975 philosophice
1888 3908 2203 3975 disputasse.
2241 3931 2244 3934 “
2294 3908 2373 3960 Cl'.
2431 3909 2494 3960 de
2540 3925 2606 3960 eo

618 3972 835 4042 Grysari
890 3975 1088 4024 doctam
1143 3976 1539 4042 disputationem
1589 3977 1675 4041 (de
1710 3991 1839 4028 rom.
1878 3975 2003 4029 Dor.
2046 3977 2065 4029 1
2102 3995 2153 4046 p.
2191 3979 2259 4031 84
2282 3981 2454 4046 sqq.),
2511 3981 2606 4045 qni

615 4043 867 4107 coniecit,
927 4041 1238 4110 Sophronam
1288 4060 1344 4096 se
1387 4047 1452 4099 ad
1486 4044 1782 4114 Epicharmi
1817 4046 2102 4116 exemplum
2137 4047 2358 4102 nultum
2395 4046 2606 4100 eonfor-

616 4127 784 4167 naue
820 4112 883 4178 (l.
923 4112 962 4165 l.
999 4128 1049 4182 p.
1088 4113 1189 4169 24⁷
1209 4115 1371 4181 καφ).
