2764 4738
441 408 572 476 314
903 410 1166 472 SCHOL.
1211 410 1316 471 AD
1363 408 1528 472 SAT.
1572 409 1672 482 IV,
1721 411 2019 471 19—25.

445 604 632 644 nucea
675 583 989 662 vulgariter
1034 602 1136 661 pro
1179 588 1201 621 ¹
1242 599 1495 662 pannosa
1538 578 1710 650 dixit,
1756 576 1812 637 id
1853 575 1946 639 est
1986 578 2184 656 pannis
2215 577 2402 636 obsita
2433 583 2483 637 ².

447 670 598 730 Dicit
638 670 784 745 hoc,
830 689 1098 728 summum
1141 667 1344 726 bonum
1390 684 1523 726 esse
1568 663 1872 735 coenandi,
1926 665 2097 724 etiam
2137 683 2299 722 auum
2343 683 2484 723 esse

447 754 744 815 dicturam.

620 844 725 903 22.
773 840 1074 899 Βιίςοίηστο
1105 856 1358 908 vernae,
1392 855 1427 894 a
1457 837 1689 896 servitio
1718 835 1979 895 absoluto
2007 833 2344 894 vernaculo:
2387 834 2485 892 vel

449 924 595 1005 quod
639 945 842 985 secure
891 935 951 983 et
994 924 1321 1002 simpliciter
1363 922 1548 992 vivat,
1594 921 1685 981 vel
1730 918 1879 1001 quod
1924 921 2250 998 praecincta
2294 919 2485 978 tunica

449 1012 621 1070 lintea
651 1016 677 1050 ³
722 1012 1055 1069 amiciuntur
1097 1026 1329 1067 vernae.
1402 1007 1633 1066 Vernae
1677 1004 1937 1066 dicuntur
1983 1005 2074 1064 vel
2125 1006 2218 1084 qui
2272 1003 2484 1063 Romae

447 1098 564 1156 uati
596 1107 757 1168 sunt,
789 1106 886 1154 aut
914 1096 1064 1154 servi
1097 1092 1243 1153 domi
1274 1093 1423 1163 nati,
1454 1103 1551 1151 aut
1579 1103 1816 1171 utroque
1848 1090 2012 1150 modo
2041 1090 2316 1149 dicuntur.
2378 1089 2489 1147 Est

450 1194 635 1241 autem
679 1183 906 1259 proprie
949 1200 1125 1240 verna
1167 1177 1313 1237 domi
1355 1189 1541 1237 natus.
1599 1177 1718 1237 Aut
1758 1176 1927 1248 dicit,
1973 1178 2067 1257 qui
2095 1174 2275 1256 pridie
2304 1195 2488 1234 verna

451 1269 589 1339 suit,
625 1268 714 1325 vel
748 1267 1007 1326 absolute
1037 1285 1213 1325 verna
1242 1262 1447 1322 dictus.

620 1374 722 1431 23.
775 1371 852 1428 Ut
875 1387 1042 1429 nemo
1072 1370 1131 1425 in
1158 1386 1284 1424 sese
1324 1375 1554 1436 tentat,
1602 1364 1656 1424 id
1688 1377 1811 1439 est,
1857 1376 1917 1425 ut
1945 1384 2109 1424 nemo
2142 1365 2487 1423 intrinsecus

452 1475 517 1516 se
548 1454 904 1525 considerat,
936 1473 1099 1512 nemo
1130 1452 1247 1510 vult
1277 1470 1410 1510 sese
1443 1453 1713 1529 experiri.

621 1563 724 1620 24.
771 1559 894 1615 Sed
937 1559 1329 1635 praecedenti
1381 1568 1713 1636 spectatur.
1793 1554 2059 1632 Aesopus
2116 1555 2486 1633 apologorum

453 1646 699 1722 scriptor
743 1642 996 1712 dicebat,
1042 1663 1483 1723 unumquemque
1530 1644 1806 1703 hominem
1839 1639 1978 1698 duas
2011 1645 2279 1699 manticas
2325 1642 2488 1699 serre

451 1731 600 1789 vitiis
643 1729 877 1807 plenas,
922 1729 1064 1787 etin
1097 1748 1199 1800 ea,
1241 1748 1385 1808 quae
1428 1741 1558 1788 ante
1592 1738 1790 1808 pectus
1823 1736 1947 1795 est,
1995 1726 2177 1785 aliena
2208 1726 2374 1796 vitia,
2427 1727 2487 1784 in

453 1835 520 1874 ea
552 1836 690 1873 vero
711 1859 727 1885 ,
761 1834 904 1893 quae
937 1833 969 1871 a
1002 1824 1197 1891 tergo,
1228 1825 1423 1871 nostra
1453 1813 1629 1886 ferri,
1662 1831 1845 1891 eoque
1878 1814 2106 1871 evenire
2130 1818 2177 1883 ⁴,
2208 1825 2267 1869 ut
2297 1812 2488 1870 alicua

453 1903 636 1978 potius
681 1898 818 1958 vitia
865 1898 1181 1977 delictaque
1226 1898 1515 1958 videamus
1559 1920 1722 1979 quam
1770 1908 1981 1955 nostra.
2081 1896 2237 1957 Unde
2282 1898 2487 1955 merito

455 1985 685 2045 Persius
731 1986 809 2044 ait
844 1985 1236 2062 praecedenti
1278 1995 1485 2062 tergo,
1534 1986 1640 2044 hoc
1682 1994 1805 2051 est,
1850 1994 2117 2060 pectore,
2164 1982 2255 2042 ubi
2298 1982 2491 2041 aliena

453 2072 585 2130 vitia
631 2072 929 2130 cernimus.
992 2070 1066 2127 Et
1110 2071 1215 2129 hoc
1261 2069 1431 2129 dicit=
1495 2070 1669 2143 Quam
1714 2068 1943 2126 difficile
1990 2078 2117 2138 est,
2163 2079 2223 2125 ut
2266 2069 2387 2148 quis
2419 2087 2489 2126 se

452 2157 630 2234 ipsum
662 2155 975 2233 intelligat?
1009 2157 1137 2234 quia
1169 2176 1290 2214 cum
1323 2176 1518 2214 omnes
1550 2156 1794 2233 propriis
1826 2155 1972 2211 vitiis
2006 2153 2272 2231 palleant,
2304 2153 2494 2211 aliena

451 2243 588 2299 vitia
619 2252 803 2299 tamen
836 2242 1081 2319 culpant.
1258 2240 1432 2300 Item:
1484 2243 1561 2301 Ut
1590 2260 1751 2299 nemo
1779 2241 1839 2298 in
1866 2258 1995 2297 sese
2032 2248 2224 2296 tentat
2251 2240 2492 2297 descen·

455 2329 628 2402 dere,·
681 2326 903 2385 facilius
967 2327 1112 2385 enim
1167 2326 1289 2407 quis
1349 2327 1537 2387 aliena
1578 2326 1713 2385 vitia
1758 2334 1917 2383 notat
1974 2344 2135 2403 quam
2181 2342 2302 2384 sua.
2394 2320 2490 2381 Ab

453 2416 718 2492 Aesopo,
764 2422 826 2470 ut
870 2410 1141 2482 diximus,
1204 2423 1479 2484 tractum,
1542 2414 1632 2491 qui
1678 2412 1758 2470 ait
1812 2429 1914 2468 nos
1960 2411 2233 2469 manticas
2293 2406 2349 2467 id
2395 2419 2493 2468 est

454 2498 594 2558 duos
626 2497 794 2556 folles
828 2499 973 2555 vitiis
1004 2498 1253 2575 repletos
1287 2498 1548 2569 referre,
1582 2508 1640 2556 et
1671 2498 1724 2554 in
1757 2516 1825 2555 ea
1858 2497 2132 2566 mantica,
2180 2513 2323 2574 quae
2356 2505 2493 2552 ante

454 2595 652 2663 pectus
682 2582 930 2662 pendet,
960 2583 1144 2641 aliena
1176 2584 1310 2642 vitia
1341 2603 1505 2655 esse,
1535 2584 1590 2642 in
1624 2602 1728 2653 ea,
1760 2599 1904 2661 quae
1933 2600 1968 2639 a
2000 2592 2164 2658 tergo
2196 2590 2316 2650 est,
2349 2580 2497 2639 seri-

453 2687 573 2729 mus
605 2680 833 2739 nostra,
877 2680 940 2726 ut
982 2669 1159 2747 magis
1192 2668 1378 2728 aliena
1411 2687 1742 2738 ceruamuS,
1788 2677 1978 2724 nostra
2024 2687 2131 2724 non
2180 2663 2495 2724 videamus.

456 2756 715 2834 Zopyrus
738 2758 762 2793 ⁵
791 2765 974 2813 autem
1009 2748 1367 2832 φυσιὸλογος
1397 2752 1467 2813 de
1497 2755 1649 2813 vultu
1681 2752 1956 2811 hominum
1990 2770 2177 2808 mores
2209 2771 2495 2828 agnosce-

453 2839 583 2913 bat3
645 2841 738 2920 qui
784 2859 905 2897 cum
962 2837 1032 2897 ad
1080 2838 1373 2899 Socratem
1419 2841 1671 2908 veniret,
1731 2840 1810 2895 ait
1853 2840 1940 2896 eit
2001 2837 2343 2894 libidinosus
2387 2857 2492 2895 es.-

452 2925 781 2986 Alcibiades
824 2926 968 2982 risit.
1023 2921 1104 2982 At
1145 2925 1294 2983 illum
1340 2926 1555 2983 iniuriis
1601 2923 1856 3002 discipuli
1907 2923 2141 2980 afficere
2173 2922 2493 2992 voluerunt,

456 3009 603 3090 quod
649 3008 720 3070 de
769 3012 1039 3088 magistro
1085 3029 1278 3068 eorum
1324 3009 1596 3070 iniuriose
1643 3010 1861 3068 locutus
1908 3010 2000 3066 sit.
2061 3007 2217 3065 Tunc
2249 3008 2343 3066 ille
2374 3008 2493 3066 ait:

457 3097 718 3166 Parcite,
763 3115 881 3153 sum
921 3093 1139 3174 quidem
1186 3094 1549 3154 libidinosus:
1599 3093 1704 3154 sed
1744 3113 1925 3152 meum
1971 3103 2062 3152 est
2101 3094 2279 3171 ipsam
2307 3090 2494 3150 lihidi-

456 3201 584 3241 nem
613 3199 868 3239 vincere.

626 3271 731 3329 25.
793 3266 1167 3341 Quam-tertis.-
1226 3266 1442 3324 nostin'
1492 3265 1733 3322 Ventidi
1778 3265 2084 3341 praedia?
2152 3262 2242 3320 Ab
2302 3262 2493 3340 aliquo

457 3355 719 3433 quaeris,
762 3372 830 3409 an
863 3353 1011 3409 norit
1039 3349 1282 3410 Vectidii
1316 3348 1566 3431 praedia.
1628 3349 1906 3421 Quorsum
1937 3349 2044 3407 hoc
2078 3347 2228 3407 dicat
2257 3349 2499 3425 ambigi-

457 3451 583 3508 tur,
629 3438 735 3496 uisi
781 3441 888 3495 ut⁶
930 3434 1194 3495 ostendat
1235 3435 1381 3515 quod
1430 3435 1499 3495 de
1545 3431 1746 3493 alienis
1793 3435 1939 3493 vitiis
1986 3433 2178 3493 dicere
2224 3434 2491 3492 solemus.

456 3522 771 3584 Prudentes
803 3533 989 3581 autem
1019 3523 1344 3602 iniquitates
1376 3522 1652 3581 hominum
1683 3531 1911 3579 notant:
1956 3539 2030 3580 ex
2060 3520 2259 3600 quibus
2291 3520 2494 3599 iniqui-

462 3763 486 3814 ί
523 3777 626 3826 pro
662 3775 760 3811 om.
801 3760 944 3822 vulg.

457 3831 492 3882 2
530 3828 649 3880 lsid.
688 3829 851 3894 origg.
891 3827 1035 3888 xlx,
1073 3828 1161 3883 22.
1199 3827 1269 3878 el'.
1308 3826 1550 3879 Hautlml.
1590 3843 1638 3893 p.
1674 3828 1796 3881 235.

459 3899 490 3950 3
527 3899 648 3950 licio
685 3913 781 3948 em.
817 3896 1018 3949 Marcii.
1530 3897 1563 3947 4
1598 3900 1775 3946 evenit
1809 3895 1950 3960 vulg.

463 3970 492 4020 5
529 3968 808 4035 Πομ-μνέαι
833 3966 975 4031 vulg.
1033 3965 1114 4017 Cl'.
1145 3965 1254 4017 Cic.
1283 3966 1346 4016 de
1372 3964 1480 4016 fato
1509 3967 1560 4028 5,
1593 3965 1675 4016 ¹0.
1715 3963 1901 4015 Tusce.
1925 3963 2014 4025 IV,
2041 3962 2128 4024 37,
2155 3963 2241 4014 80.
2280 3962 2495 4013 Maxim.

528 4034 659 4105 Tyr.
671 4032 874 4096 xxxl,
893 4036 941 4087 3.
981 4035 1130 4088 Alex.
1155 4034 1380 4103 Aphrod.
1398 4034 1451 4089 6.
1482 4034 1550 4086 el.
1576 4032 1876 4086 Fiilleborn.
1899 4029 2063 4084 Beitr.
2090 4029 2202 4084 vul
2228 4047 2273 4099 p.
2295 4032 2493 4099 wsqq.

461 4106 493 4157 6
530 4110 594 4157 ut
627 4120 727 4158 om.
755 4105 898 4170 vulg.
