2764 4738
77 4101 307 4277 μ-
406 4221 409 4228 ¹

482 430 715 472 exevm
1134 404 1870 469 PRoLeGoMENA.

813 575 876 641 V,
919 576 1019 631 ¹72
1053 591 1175 628 enm
1208 579 1459 628 arcessat
1473 611 1490 639 ,
1484 575 1767 657 —vel-cum
1803 590 2055 627 accersor
2087 577 2128 626 i.
2166 589 2351 628 vocor.

810 660 882 725 V,
923 662 1021 714 173
1056 679 1122 714 ne
1160 668 1315 726 teme,
1353 662 1441 713 vel
1477 678 1544 712 ne
1578 677 1661 713 ne.

811 747 879 811 V,
919 748 1018 799 1⁸8
1049 750 1365 814 gustaveris
1376 784 1396 812 ,
1435 746 1518 798 vel
1548 750 1872 812 gestave-rix.

808 832 897 896 Vl,
933 835 966 886 8
1001 836 1236 899 recepit,
1275 832 1362 883 vel
1396 836 1665 897 receptat.

810 917 901 982 vl,
941 919 1007 970 ⁴6
1044 921 1253 983 caplis,
1291 918 1363 968 al.
1405 921 1582 968 victis.

811 1002 903 1068 vl,
940 1003 1006 1054 65
1045 1003 1175 1069 qm’d
1207 1002 1343 1054 idem
1363 1040 1384 1066 ,
1420 1002 1493 1052 al.
1534 1000 1795 1067 quiz-quid
1827 1001 1887 1053 id
1919 1008 2022 1053 est.

477 1122 776 1207 Apertum
809 1132 940 1199 est,
989 1143 1123 1186 eum
1156 1122 1254 1204 qui
1286 1120 1524 1206 glossas
1562 1119 1822 1197 addidit,
1867 1119 1944 1182 ad
1976 1140 2215 1183 manum
2248 1119 2537 1186 habuisse

478 1226 657 1288 alium
691 1222 958 1289 codicem
981 1269 999 1301 ,
1047 1245 1130 1287 ex
1161 1243 1276 1306 quo
1309 1224 1546 1308 glossas
1579 1222 1962 1307 excerpsisse
1995 1223 2270 1302 videtur,
2324 1224 2387 1285 in
2421 1244 2537 1311 quo

478 1327 533 1390 sl
565 1327 869 1390 diversam
899 1325 1221 1389 lectionem
1256 1322 1692 1409 deprehendit,
1750 1347 1882 1388 cum
1929 1325 2149 1409 glossis
2196 1325 2353 1389 hanc
2388 1346 2538 1408 quo·

480 1449 594 1512 que
641 1428 993 1503 annotavit,
1043 1437 1104 1490 ot
1151 1447 1270 1490 non
1317 1426 1509 1490 solum
1554 1425 1781 1511 apertis
1828 1426 2177 1508 quibusdam
2224 1425 2536 1490 erroribus

480 1531 802 1613 genuinam
851 1530 1175 1593 lectionem
1223 1527 1537 1612 apposuit,
1596 1527 1705 1591 sed
1762 1527 1914 1591 alias
1959 1548 2192 1610 quoque
2237 1549 2537 1592 memora-

478 1632 632 1695 biles
677 1630 975 1695 lectiones
1022 1629 1221 1695 affert.
1284 1629 1420 1693 Hae
1462 1630 1705 1714 glossae
1750 1641 1991 1707 autem,
2042 1641 2108 1694 ιιι
2153 1631 2214 1693 in
2261 1630 2535 1693 omnibus

478 1736 610 1797 sere
656 1731 1090 1816 scriptoribuS‚
1139 1733 1221 1796 ita
1252 1732 1315 1795 iu
1346 1728 1567 1796 Persio
1601 1751 1871 1815 quoque,
1922 1733 2347 1817 corrumpendi
2392 1753 2538 1817 poe-

479 1846 580 1900 tae
629 1833 1011 1899 occasionem
1061 1834 1379 1897 dederunt.
1442 1831 1605 1896 Nam
1653 1854 1786 1897 cum
1835 1834 2152 1917 unicuique
2183 1836 2311 1897 fere
2341 1834 2536 1898 verbo

480 1936 909 2021 explicationis
954 1936 1151 2021 gratia
1196 1935 1357 2000 aliud
1404 1936 1595 2018 magis
1628 1946 1833 1998 notum
1868 1946 1930 1998 et
1959 1937 2208 2019 vulgare
2241 1956 2538 2022 superpo·

481 2049 771 2116 neretur,
816 2038 919 2103 vel
962 2037 1290 2101 adderetur
1331 2037 1622 2113 verbum,
1674 2037 1827 2120 quod
1882 2059 2127 2101 sensum
2176 2039 2365 2120 magis
2398 2058 2537 2123 per-

480 2141 751 2231 spicuum
799 2142 1068 2218 faceret,
1133 2139 1290 2202 haud
1350 2159 1492 2201 raro
1550 2140 1773 2202 sactum
1817 2150 1953 2217 est,
2014 2152 2080 2204 ut
2125 2140 2239 2204 hae
2287 2143 2536 2224 glossae

483 2251 765 2326 tanquam
798 2241 1005 2305 variae
1035 2241 1333 2305 lectiones
1364 2240 1427 2303 iu
1462 2250 1694 2304 textum
1726 2242 2150 2326 reciperentur
2180 2254 2243 2305 et
2272 2244 2538 2327 genuina

481 2346 673 2411 verba
704 2342 1104 2429 expellerent.
1151 2340 1331 2426 Quod
1363 2343 1418 2407 si
1449 2345 1669 2409 factum
1703 2354 1822 2421 est,
1856 2344 1973 2408 duo
2004 2344 2303 2410 accedere
2334 2346 2543 2411 solent

492 2449 672 2511 etiam
705 2448 938 2532 peiora.
1007 2444 1208 2532 Saepe
1241 2447 1401 2512 enim
1423 2492 1443 2524 ,
1491 2468 1623 2510 cum
1656 2458 1894 2532 recepta
1928 2447 2132 2531 glossa
2163 2469 2381 2512 versus
2414 2459 2543 2511 tur-

492 2550 667 2614 batus
698 2558 903 2626 esset,
950 2549 1187 2631 longius
1230 2549 1735 2632 progrediebatur
1774 2549 2118 2632 corruptela
2150 2559 2211 2612 et
2241 2550 2359 2614 alia
2392 2572 2542 2633 quo-

480 2673 596 2735 que
626 2650 1132 2728 immutabantur,
1179 2660 1246 2713 ut
1273 2670 1492 2715 versus
1523 2661 1695 2715 recte
1729 2650 2127 2734 procederet,
2176 2673 2293 2734 quo
2325 2673 2539 2716 emen-

481 2753 667 2825 dandi
695 2752 855 2820 ratio
887 2753 1124 2817 occulta
1153 2752 1284 2816 vitii
1317 2751 1553 2837 origine
1594 2751 1833 2821 incerta,
1861 2762 1923 2814 et
1954 2751 2212 2816 obscura
2243 2755 2540 2819 reddatur

480 2875 739 2921 necesse
785 2864 902 2918 est.
982 2851 1140 2918 Tum
1186 2850 1441 2918 alterum
1485 2854 1630 2917 illud
1677 2853 1832 2917 haud
1878 2873 2019 2917 raro
2071 2875 2181 2917 usu
2212 2856 2420 2935 veuit,
2473 2868 2540 2921 ut

481 2955 808 3042 depravata
838 2966 1067 3019 tantum
1099 2955 1280 3019 lectio
1312 2956 1372 3019 in
1406 2956 1585 3019 codd.
1620 2965 2009 3032 servaretur,
2057 2957 2317 3038 genuina
2361 2981 2537 3042 pror-

480 3080 584 3124 sus
629 3067 1054 3122 evanesceret.
1145 3054 1482 3144 Utrumque
1546 3057 1619 3122 de
1680 3054 1882 3120 Persii
1939 3057 2117 3120 codd.
2173 3080 2295 3121 uon
2341 3061 2533 3139 valet,

480 3181 616 3225 nam
664 3179 776 3225 nec
823 3159 1016 3222 maior
1061 3180 1197 3223 eum
1241 3157 1631 3243 interpolatio
1677 3159 1940 3232 invasit,
2003 3170 2067 3223 et
2108 3173 2354 3244 praeter
2398 3184 2538 3225 cor-

479 3269 712 3346 ruptam
746 3261 924 3324 etiam
956 3280 1099 3324 vera
1131 3261 1313 3324 lectio
1344 3261 1563 3344 ubique
1595 3283 1631 3325 a
1664 3261 1838 3323 codd.
1875 3272 2120 3325 servata
2153 3274 2282 3336 est;
2326 3285 2537 3347 quam-

480 3385 652 3447 quam
685 3364 845 3427 enim
877 3362 1223 3447 quibusdam
1253 3363 1404 3427 locis
1435 3363 1698 3447 genuina
1731 3363 1912 3426 lectio
1956 3363 2132 3426 codd.
2169 3367 2536 3432 auctoritate

478 3465 591 3531 vix
632 3466 781 3530 satis
828 3465 1055 3530 munita
1086 3462 1445 3542 videbatur,
1494 3465 1552 3528 id
1593 3465 1773 3528 aliter
1815 3485 1885 3528 se
1932 3462 2155 3529 habere
2220 3488 2380 3530 nunc
2429 3468 2540 3531 do-

480 3568 643 3632 cebit
665 3588 811 3631 ann.
842 3567 979 3630 crit.
1020 3562 1307 3650 Magnam
1340 3576 1543 3631 autem
1577 3577 1806 3652 partem
1840 3567 2143 3630 variarum
2176 3568 2534 3647 lectionum,

480 3690 633 3751 quae
677 3670 736 3732 in
785 3669 963 3731 codd.
1014 3665 1210 3734 Persii
1257 3680 1583 3755 apparent,
1649 3668 1787 3734 lniuc
1847 3678 2038 3732 ortam
2085 3689 2258 3745 esse,
2319 3669 2535 3751 partim

482 3771 596 3834 iam
644 3770 920 3853 exempla
966 3770 1145 3833 alluta
1194 3771 1414 3833 doceut
1453 3769 1638 3853 (prol.
1689 3768 1750 3831 5.
1811 3768 1909 3832 ¹3.
1967 3768 2050 3848 V,
2086 3767 2191 3833 78.
2243 3766 2358 3847 Vl,
2393 3770 2535 3854 46),

482 3873 693 3956 partim
726 3870 825 3934 alii
858 3871 971 3934 loci
994 3917 1011 3950 ,
1063 3893 1120 3936 e.
1157 3894 1213 3956 g.

901 4006 940 4069 Ι,
980 4008 1037 4059 61
1084 4007 1161 4058 sas
1203 4016 1284 4059 est
1321 4036 1385 4045 -—
1424 4010 1504 4059 ius
1543 4017 1640 4062 est.

901 4093 938 4154 l,
986 4094 1079 4146 1ῠο
1116 4101 1315 4161 raptum
1354 4121 1422 4130 —
1457 4101 1672 4150 sectum.
