2764 4738
569 397 700 471 2⁰8
1259 401 1427 466 SAT.
1461 402 1533 479 V,
1566 407 1953 469 176—184.

572 575 760 636 lenter
787 574 1118 653 surripiat.“
1156 577 1335 652 Quem
1368 576 1536 634 ducit
1557 575 1839 644 letantem,
1872 571 2090 633 avidum
2122 573 2334 655 (Bentl.
2364 570 2432 633 ad
2460 572 2586 633 Hor.

574 671 684 719 sat.
706 659 753 732 1,
771 663 831 729 2,
850 662 960 738 88)
994 662 1268 734 ambitio,
1303 681 1449 740 quae
1481 671 1715 719 cretata
1747 659 1988 732 dicitur,
2018 662 2149 739 quia
2181 658 2413 718 candida
2437 670 2588 717 veste

573 747 906 815 utebantur,
939 747 1030 824 qui
1063 746 1307 805 honores
1339 746 1692 815 ambiebant,
1725 765 1796 804 ea
1824 764 1962 803 vero
1995 756 2155 804 creta
2186 744 2369 804 addita
2397 742 2591 803 cando-

573 849 693 890 rem
725 831 1042 908 accipiebat
1085 830 1247 908 (Isid.
1281 831 1436 902 xlv,
1467 834 1602 906 24),
1646 830 1812 910 idque
1845 831 1951 888 fuit
1965 849 2088 888 cum
2119 830 2251 908 lege
2283 830 2591 909 prohibere-

574 926 668 975 tur
709 915 863 992 (Liv.
913 915 1010 986 IV,
1042 921 1178 990 25).
1250 918 1490 994 Vigila,
1540 936 1703 975 omne
1749 915 1987 974 studium
2034 914 2274 985 adhibe,
2319 926 2379 974 et
2404 918 2593 992 ingere

577 1009 654 1074 (v.
703 1003 769 1079 6)
817 1001 989 1078 large
1043 1005 1233 1073 cicer,
1291 1000 1440 1081 quod
1495 1001 1703 1060 Romae
1745 1001 1874 1059 olim
1925 1013 1983 1059 ut
2028 998 2196 1059 hodie
2238 1002 2363 1059 vilis
2405 1000 2595 1079 popelli

577 1086 738 1145 cibus
770 1096 893 1144 erat
925 1085 1092 1165 (Hor.
1120 1098 1223 1146 sat.
1240 1087 1281 1157 1,
1313 1091 1607 1157 6‚115.a.
1631 1107 1684 1166 p.
1701 1090 1849 1148 249.
1884 1085 2056 1144 Mart.
2077 1085 2320 1156 1‚41‚6.
2355 1090 2487 1152 103,
2509 1089 2595 1146 1⁰.

576 1170 651 1242 V,
695 1175 798 1240 78,
839 1171 976 1248 21).
1056 1171 1242 1231 Festis
1289 1172 1488 1232 diebus
1531 1184 1752 1240 autem,
1796 1173 2044 1248 inprimis
2091 1170 2235 1230 ludis
2281 1171 2595 1239 Floralibus,

579 1258 809 1317 missilia
843 1258 1067 1334 populo
1106 1259 1343 1316 rixanti
1382 1257 1574 1337 (Mart.
1609 1256 1759 1327 VIII,
1789 1261 1890 1326 78,
1916 1261 1995 1318 83
2045 1258 2098 1314 in
2147 1257 2406 1335 populum
2445 1255 2597 1312 multa

578 1342 779 1421 rapina
808 1339 987 1418 cadit)
1018 1342 1401 1414 iaciebantur,
1433 1344 1582 1402 inter
1611 1362 1754 1422 quae
1788 1344 2134 1420 potissimum
2168 1344 2357 1411 cicer,
2387 1340 2596 1400 cf.llor.

580 1437 687 1486 sat.
721 1426 789 1495 II,
835 1430 895 1496 3,
929 1431 1049 1488 182
1083 1429 1163 1486 ib.
1199 1428 1376 1486 schol.
1457 1429 1536 1486 Ut
1571 1429 1877 1497 Floralia,
1928 1439 2097 1486 notae
2143 1427 2410 1487 lasciviae
2453 1423 2596 1484 ludos

583 1512 693 1585 (cf.
733 1511 1007 1588 Hartung,
1053 1511 1175 1574 Rel.
1206 1512 1454 1586 ditem.
1495 1513 1544 1572 11
1573 1534 1625 1591 p.
1665 1517 1776 1594 141
1810 1515 2006 1591 sqq.),
2049 1523 2295 1584 nostra,
2329 1512 2482 1571 nobis
2513 1530 2599 1568 ae-

581 1595 782 1655 «lilibus
815 1597 1135 1668 celebrata,
1164 1618 1332 1657 senes
1379 1600 1509 1657 olim
1543 1600 1776 1677 aprici,
1822 1599 2147 1676 apricantes
2180 1608 2241 1656 et
2269 1599 2422 1656 varia
2454 1595 2598 1655 fabu-

581 1682 765 1741 lantes
800 1682 919 1753 (IV,
955 1687 1080 1761 18),
1113 1685 1435 1742 meminisse
1453 1686 1702 1761 possint.
1755 1685 1912 1759 Quid
1941 1684 2308 1761 pulchrius?
2349 1693 2600 1741 ettamen

581 1770 664 1838 is,
706 1769 799 1846 qui
832 1778 939 1826 tam
973 1771 1241 1846 egregius
1275 1779 1335 1828 et
1364 1769 1508 1828 liber
1539 1769 1645 1827 sibi
1677 1767 1927 1838 videtur,
1973 1770 2298 1846 turpissima
2344 1768 2596 1846 supersti-

582 1854 735 1912 tione
768 1852 1010 1913 laborat.
1084 1853 1239 1912 Hanc
1271 1865 1331 1913 ut
1361 1857 1635 1932 stringat,
1680 1856 1788 1912 tria
1819 1871 2034 1930 genera
2070 1863 2256 1923 notat,
2303 1864 2432 1912 tunc
2475 1864 2600 1910 tem·

582 1939 736 2017 poris
769 1937 978 1997 Romae
1011 1959 1172 2018 quam
1206 1941 1445 1998 maxime
1476 1940 1724 2016 vulgata,
1764 1937 2064 2007 Iudaicam,
2097 1937 2262 1997 Isidis
2295 1950 2356 1998 et
2378 1936 2595 2015 Cybeles

582 2024 915 2100 religionem
936 2066 953 2094 ,
986 2044 1124 2103 quas
1157 2027 1447 2105 coniungit
1478 2027 1645 2084 etiam
1679 2023 1959 2083 Iuvenalis
1992 2023 2092 2095 vl,
2125 2030 2242 2085 511
2268 2045 2389 2104 sqq.
2433 2025 2598 2081 Hero·

586 2110 675 2167 dis
708 2111 831 2167 dies
862 2107 1086 2167 videtur
1115 2108 1355 2168 Herodis
1388 2109 1510 2169 dies
1543 2111 1746 2169 natalis
1778 2129 1944 2180 esse,
1986 2128 2145 2188 quem
2180 2109 2597 2167 Herodianornm

584 2205 743 2253 secta
766 2236 782 2265 ‚
829 2193 902 2254 de
947 2214 1058 2273 qua
1101 2196 1178 2253 cf.
1226 2195 1397 2253 Plum.
1431 2194 1502 2253 ad
1535 2196 1589 2254 h.
1622 2194 1694 2265 l.,
1742 2195 2125 2254 celebraverit
2153 2196 2263 2271 (cl'.
2306 2195 2522 2252 Hieron.
2549 2192 2598 2248 in

584 2279 781 2338 Matth.
817 2278 884 2349 11,
922 2284 1033 2340 13:
1078 2278 1302 2338 Nullum
1335 2282 1499 2338 alium
1529 2282 1840 2340 invenimus
1872 2279 2390 2349 observassediem
2422 2277 2597 2336 natalis

588 2367 675 2424 sui
708 2366 813 2423 nisi
844 2362 1123 2424 Herodem
1157 2377 1217 2425 et
1247 2365 1619 2437 Pharaonem,
1652 2366 1726 2426 cl.
1752 2366 1950 2426 Ouzel.
1983 2364 2051 2423 ad
2080 2365 2222 2424 Min.
2251 2365 2373 2424 Fet.
2403 2387 2454 2445 p.
2485 2366 2597 2438 61),

586 2470 913 2530 quamquam
963 2450 1193 2510 Persius
1235 2454 1330 2510 vix
1373 2454 1499 2530 ipse
1543 2463 1813 2511 accurate
1859 2454 2002 2510 haec
2049 2453 2289 2521 scivisse
2347 2447 2596 2529 putandus

586 2539 725 2606 erit,
771 2547 831 2595 et
875 2535 1116 2595 Herodis
1163 2557 1363 2597 nomen
1408 2549 1469 2596 nt
1513 2537 1777 2596 Romanis
1823 2548 2011 2596 notum
2059 2538 2265 2614 posuit.
2324 2539 2597 2595 Lucet-nas

586 2623 908 2680 accendere
956 2620 1165 2680 Iudaici
1212 2625 1379 2681 moris
1412 2634 1539 2681 erat
1583 2623 1725 2699 (los.
1777 2633 1890 2681 ant.
1925 2621 2050 2691 XII,
2091 2621 2230 2701 11),
2276 2634 2336 2681 et
2377 2634 2435 2679 ut
2459 2619 2596 2678 nimis

586 2707 913 2784 religiosum
946 2708 1360 2785 reprobabatur
1389 2728 1420 2766 a
1454 2708 1753 2778 Romanis,
1785 2709 1865 2766 cf.
1901 2706 2107 2767 Senec.
2140 2726 2270 2786 epp.
2297 2707 2468 2777 XCV,
2493 2709 2593 2765 47:

586 2790 967 2863 „Accendere
1000 2794 1241 2873 aliquem
1274 2793 1537 2852 lucernas
1583 2794 1833 2852 sabbatis
1879 2793 2311 2872 prohibeamus,
2371 2792 2597 2872 quoniam

587 2897 693 2935 nec
728 2878 931 2935 lumine
964 2875 1019 2935 di
1051 2889 1225 2955 egent
1255 2890 1315 2937 et
1344 2899 1416 2937 ne
1449 2879 1700 2937 homines
1718 2877 1939 2957 quidem
1958 2876 2316 2937 delectantur
2332 2878 2596 2953 fuligine.“

591 2961 752 3034 Quod
783 2964 861 3020 ait
889 2962 1157 3021 nebulam
1188 2983 1457 3022 vomuere
1492 2967 1802 3032 lucernae,
1840 2965 2097 3022 similiter
2127 2963 2368 3022 Tertull.
2402 2961 2595 3039 apolog·

589 3051 705 3110 35:
740 3047 1120 3118 „clarissimis
1154 3050 1401 3109 lucernis
1434 3050 1710 3107 vestibula
1743 3050 2144 3107 nehulahant.“
2176 3048 2599 3119 Portantcsm'o-

592 3135 722 3203 laS,
759 3153 989 3212 quarum
1023 3135 1076 3191 in
1110 3136 1293 3193 sacris
1326 3154 1460 3192 usus
1494 3145 1649 3204 erat,
1680 3136 1755 3192 cl'.
1789 3133 1986 3192 luven.
2022 3133 2147 3204 XII,
2167 3138 2270 3195 90.
2328 3135 2596 3210 Thynnv‘.

590 3220 862 3296 egregius
895 3220 1067 3295 piscis
1101 3221 1205 3291 (cl'.
1234 3217 1448 3279 Athen.
1477 3219 1583 3277 Vll
1614 3242 1669 3298 p.
1701 3224 1818 3281 301
1852 3220 1919 3277 Ε.
1955 3218 2067 3299 sq.)
2089 3261 2107 3290 ‚
2141 3221 2233 3298 qui
2266 3230 2413 3277 teste
2443 3226 2527 3275 scl.

591 3306 647 3362 in
679 3305 857 3362 sacris
889 3306 1234 3381 potissimum
1267 3302 1667 3375 adhibebatur,
1701 3325 1955 3382 magnam
1988 3303 2224 3363 caudam
2249 3304 2450 3373 habet,
2478 3315 2598 3381 qne

592 3390 851 3448 catinum
885 3392 1163 3466 amplecti
1187 3389 1393 3449 dicitur
1422 3388 1492 3447 ad
1524 3389 1942 3468 exprimendam
1986 3388 2441 3467 magnitudinem.
2507 3388 2600 3443 (fl-

593 3476 773 3533 tinum
805 3475 1049 3532 rubrum
1076 3473 1297 3545 dicitur,
1331 3476 1514 3555 qualia
1545 3496 1684 3533 vasa
1704 3477 1972 3534 Arretina
1992 3473 2156 3553 (Isid.
2181 3475 2340 3552 Orig.
2354 3473 2477 3545 XX,
2491 3470 2600 3543 2⁰).

592 3560 842 3619 Cumana
890 3558 1088 3637 (Mart.
1119 3559 1278 3631 XIV,
1316 3564 1466 3637 114)
1511 3571 1703 3632 erant,
1750 3572 1809 3620 et
1852 3560 2056 3638 ubique
2101 3561 2228 3618 sere
2262 3561 2601 3620 inveniuntur,
2647 3566 2654 3573 “

593 3645 686 3703 ubi
718 3644 846 3702 olim
880 3644 1199 3703 habitarunt
1231 3644 1486 3704 Romani.
1532 3647 1763 3705 Fidelia
1794 3646 1917 3719 (Ill,
1936 3648 2046 3723 73)
2078 3655 2297 3715 tumet,
2332 3645 2486 3724 plena
2511 3648 2623 3705 ests

594 3732 747 3789 vino.
807 3729 1010 3789 Labra
1056 3751 1242 3789 moves
1290 3733 1507 3789 tacitus
1529 3775 1545 3802 ,
1590 3742 1652 3789 ut
1682 3729 1827 3807 apud
1861 3731 2056 3788 Horat.
2096 3734 2255 3809 (epp.
2285 3730 2329 3800 1,
2364 3733 2455 3799 16,
2485 3728 2599 3794 60)τ

595 3815 752 3874 labra
797 3826 984 3873 movet
1031 3828 1287 3875 metuens
1334 3815 1537 3876 audiri.
1601 3818 1794 3875 Palles
1825 3814 1998 3889 (adl,
2036 3820 2182 3891 124)
2214 3814 2494 3883 sabbata,
2534 3810 2597 3867 cf.
2715 3846 2716 3867 ι

593 3901 712 3960 luv.
749 3898 910 3970 X1V,
930 3904 1049 3962 96:
1085 3900 1363 3974 „Quidam
1398 3902 1580 3960 sortiti
1614 3911 1953 3960 metuentem
1985 3900 2223 3958 sabbata
2254 3905 2518 3979 patrem,“
2543 3893 2600 3951 cl.

595 3986 774 4046 Inscr-
805 3983 969 4043 Grul·
1006 3991 1150 4056 721,
1188 3991 1258 4047 11
1289 4009 1305 4045 3
1354 3987 1662 4063 „religioni
1692 3985 1951 4045 Iudaicae
1984 3987 2319 4044 metuenti.“
2376 3982 2600 4042 Sabbata

595 4068 869 4133 audacter
899 4068 1035 4130 dicit
1065 4074 1320 4131 recutita
1341 4117 1363 4143 ‚
1399 4073 1527 4152 quia
1559 4070 1773 4144 Iudaei,
1804 4082 1864 4130 nt
1892 4081 2080 4129 notum
2107 4082 2218 4143 est,
2250 4070 2465 4131 recutiti
2495 4069 2598 4124 sunl
