2764 4738
848 396 1039 459 SAT.
1075 396 1169 470 111,
1204 402 1436 461 5—10.
2076 390 2197 457 145

153 572 411 629 oratione
446 569 840 640 commotiore,
873 570 955 629 cf.
1005 567 1227 628 Rubuk.
1260 567 1332 629 ad
1361 566 1855 629 Terent..Pborm.
1899 566 1970 638 11,
2003 572 2063 639 5,
2099 572 2197 630 15.

152 659 370 715 Inserta
404 655 716 727 canicula,
750 674 916 734 quam
950 652 1220 715 Horatius
1253 662 1411 737 (epp.
1447 653 1490 726 1,
1527 657 1625 724 10,
1661 658 1763 725 16)
1795 652 2010 712 rabiem
2041 655 2198 712 canis

152 740 302 812 dicit,
334 743 504 801 cuius
534 750 793 818 tempore
824 741 1065 799 maxime
1097 741 1286 800 fervet
1314 751 1543 810 aestas,
1591 758 1801 798 messes
1832 757 2081 816 coquere
2110 736 2196 796 di-

152 827 312 898 citur,
343 836 410 884 ut
443 824 591 904 apud
622 825 942 885 Martialem
991 825 1091 898 (X,
1122 830 1224 897 62,
1256 830 1320 899 7)
1366 836 1573 884 tostam
1619 826 1850 883 fervens
1896 824 2067 882 lulius
2099 842 2200 882 co-

152 913 267 990 quit
293 930 577 970 messem.
627 911 794 970 Circa
839 909 1130 970 meridiem
1158 931 1298 970 vero
1339 909 1593 989 pecudes
1622 908 1849 969 umbras
1890 919 1949 968 et
1980 910 2200 987 frigora

151 1007 380 1075 captant
414 996 606 1074 (Virg.
635 996 760 1055 Ecl.
792 996 861 1067 11,
894 1000 985 1068 8).
1076 996 1246 1056 Hisce
1278 998 1498 1055 comitis
1528 995 1719 1054 verbis
1751 995 2198 1075 expergefactus

149 1083 366 1141 invenis
400 1082 637 1152 exsilit,
682 1083 844 1160 quasi
886 1100 1101 1140 summo
1134 1079 1319 1140 studio
1364 1101 1507 1160 opus
1537 1099 1952 1159 aggressurus,
2000 1091 2061 1139 et
2104 1080 2200 1159 qui

151 1168 268 1245 ipse
315 1164 650 1226 desidiosus
698 1178 917 1245 tempus
960 1187 1121 1225 suum
1165 1165 1441 1245 perdidit,
1501 1164 1871 1226 excandescit
1913 1185 2039 1224 cum
2083 1185 2199 1224 non

148 1254 332 1311 statim
365 1254 624 1311 accurrit
655 1271 878 1311 servus.
923 1254 1134 1311 Vitrea
1165 1253 1321 1323 bi'ltlr,
1353 1263 1415 1310 ut
1444 1249 1591 1331 apud
1620 1251 1911 1310 Horatium
1943 1248 2093 1324 (Sat.
2124 1249 2197 1323 11,

148 1341 205 1406 3,
238 1342 355 1399 141
412 1338 491 1396 ib.
526 1337 731 1417 intpp.)
772 1339 1110 1415 splendida,
1145 1348 1386 1396 vocatur
1412 1357 1449 1395 a
1493 1336 1687 1396 colore
1733 1334 2195 1415 splendescente,

148 1420 287 1482 unde
333 1443 551 1482 nomen
606 1424 903 1501 accepisse
961 1420 1186 1481 videtur
1242 1421 1619 1481 Schwenckio
1685 1421 1855 1496 (Mus.
1911 1420 2093 1480 Rben.
2139 1440 2195 1479 a.

151 1512 307 1570 1832
342 1529 400 1586 p.
457 1512 580 1570 100
624 1514 795 1587 sqq.).
901 1509 1142 1566 Vitreus
1178 1528 1289 1568 non
1335 1506 1406 1567 de
1451 1509 1521 1567 iis
1565 1517 1900 1586 usurpatur,
1961 1525 2108 1586 quae
2159 1525 2195 1565 e

147 1594 285 1652 vitro
318 1595 484 1652 facta
515 1604 667 1666 suut,
699 1591 806 1653 sed
835 1612 981 1672 quae
1010 1594 1139 1651 vitri
1172 1593 1421 1652 colorem
1453 1590 1922 1671 splendoremque
1951 1611 2092 1671 prae
2128 1610 2194 1650 se

148 1679 355 1751 ferunt,
387 1678 584 1739 Iacob.
617 1690 861 1758 quaestt.
894 1679 1042 1755 epic.
1074 1699 1128 1757 p.
1161 1682 1264 1740 82.
1320 1678 1580 1756 Denique
1612 1679 1779 1736 nimia
1808 1680 1895 1736 ira
1925 1678 2196 1756 abreptus

149 1764 435 1824 exclamat
461 1766 713 1823 iuvenis=
769 1764 1007 1842 findor,
1055 1774 1116 1822 ut
1147 1763 1461 1843 Chrysalus
1494 1762 1639 1842 apud
1673 1763 1926 1821 Plautum
1960 1761 2194 1835 (Bacch.

149 1848 289 1921 11‚3‚
311 1855 598 1933 17‚⁸qq.):
644 1848 812 1920 „Heu
841 1868 946 1907 cor
974 1869 1157 1908 meum
1188 1859 1249 1907 et
1278 1849 1598 1920 cerebrum,
1627 1848 1929 1919 Nicobule,
1947 1846 2196 1919 finditur,

149 1933 310 1993 Istius
342 1935 589 1994 bominis
621 1935 717 1994 ubi
743 1935 807 1992 fit
834 1954 1054 2014 quaque
1085 1936 1360 2007 mentio,“
1392 1945 1454 1995 et
1480 1954 1621 1992 nos:
1681 1935 1767 1992 Es
1789 1935 1873 1992 ist
1895 1952 2032 1992 zum
2060 1934 2197 1992 ber-

147 2026 306 2080 steu!
351 2019 569 2079 Similis
600 2039 727 2079 voc.
772 2039 1046 2097 rumpere
1077 2040 1211 2078 usus
1243 2030 1366 2091 est,
1410 2041 1464 2079 v.
1499 2019 1823 2078 Weicbert.
1861 2029 2039 2097 poett.
2071 2019 2193 2077 latt.

149 2105 265 2163 rell.
295 2126 354 2185 p.
388 2109 539 2167 401.
569 2106 693 2165 Hoc
723 2103 795 2164 ad
826 2107 982 2164 vocis
1014 2107 1433 2166 contentionem
1460 2105 1724 2164 reserens
1755 2103 1982 2163 subiicit
2011 2103 2193 2164 alter=

152 2200 217 2248 nt
234 2192 553 2250 Arcadiae
578 2192 871 2269 pecuaria
902 2193 1124 2249 rudere
1147 2192 1330 2249 dicas.
1407 2189 1675 2249 Arcadici
1720 2191 1866 2248 enim
1899 2191 2043 2247 asini
2075 2208 2196 2247 ma-

151 2277 290 2335 xima
320 2275 474 2355 apud
507 2278 765 2355 antiquos
795 2277 947 2334 fama
974 2273 1318 2354 gaudebant,
1347 2276 1520 2335 Varr.
1543 2275 1605 2333 R.
1625 2274 1691 2333 R.
1722 2275 1870 2346 11,1‚
1907 2278 2019 2347 143
2054 2278 2112 2345 6,
2136 2278 2192 2334 1.

150 2359 285 2421 Plin.
316 2361 473 2433 v111,
519 2366 622 2433 43,
669 2365 769 2424 68.
816 2360 994 2421 Plaut.
1034 2360 1201 2421 Asin.
1234 2362 1335 2432 .11‚
1378 2366 1439 2433 3,
1484 2365 1586 2424 67.
1631 2361 1821 2420 Iuven.
1863 2359 2002 2432 Vn,
2049 2363 2193 2423 160.

151 2446 366 2508 Auson.
404 2449 586 2528 epigr.
617 2447 879 2518 LXXVI,
910 2451 949 2509 3
981 2467 1068 2527 sq.
1121 2450 1434 2507 Arcadiae
1473 2448 1767 2525 pecuaria
1808 2446 1938 2505 binc
1968 2443 2197 2505 desum-

151 2534 219 2590 sit
245 2532 629 2612 Luitprandus
663 2532 958 2592 aCasaub.
992 2533 1031 2591 l.
1064 2532 1447 2607 (His1.1,4o):
1479 2532 1680 2604 „Uxor
1709 2544 1803 2591 tua
1835 2533 1965 2611 quia
1995 2550 2194 2610 regem

152 2619 343 2690 noluit,
376 2628 494 2690 aut,
527 2628 588 2677 ut
619 2620 800 2696 magis
845 2616 1184 2677 credendum
1218 2628 1329 2689 est,
1374 2639 1484 2676 non
1517 2619 1719 2697 potuit,
1763 2619 1979 2675 asinum
2009 2627 2088 2688 te,
2119 2635 2194 2675 ne

154 2705 508 2773 mentiretur,
551 2703 781 2775 effecit,
813 2701 937 2761 dum
971 2715 1027 2762 te
1059 2705 1228 2763 etiam
1262 2724 1385 2762 cum
1417 2702 1703 2762 Arcadiae
1749 2701 2089 2782 pecuaribus
2122 2699 2196 2760 ad

152 2806 430 2869 praesepe
476 2787 764 2848 declinare
796 2790 1050 2866 coegit.“
1091 2789 1360 2860 Radere,
1405 2786 1552 2867 quod
1583 2798 1675 2847 est
1701 2809 1757 2851 v.
1790 2788 2095 2864 legitimum
2121 2784 2193 2846 de

153 2876 432 2934 asinorum
464 2874 714 2934 clamore
732 2916 750 2946 ,
794 2872 1067 2953 producta
1096 2874 1535 2950 antepenultima
1574 2873 1746 2931 babet
1776 2875 1943 2931 etiam
1972 2870 2191 2931 Auson.

154 2956 277 3116 ihi?
309 2970 581 3038 correpta
614 2959 774 3038 Virg.
808 2958 1018 3038 Georg.
1051 2958 1147 3031 111,
1179 2963 1324 3022 374.
1354 2959 1505 3020 Aen.
1538 2957 1662 3031 vn,
1685 2956 2003 3021 161.0vid.
2026 2957 2188 3018 Fast.

313 3149 369 3188 v.
408 3133 707 3191 10—24.
780 3129 894 3189 Iam
937 3128 1248 3189 studiorum
1295 3131 1668 3188 instrumenta
1710 3129 1767 3188 in
1798 3147 1993 3187 manus
2024 3128 2195 3187 sumit

157 3215 310 3293 quasi
341 3235 485 3294 opus
530 3234 953 3293 aggressurus,
994 3214 1099 3275 sed
1146 3216 1434 3294 propriam
1482 3217 1763 3292 ignaviam
1812 3211 2190 3285 dissimulans,

157 3318 226 3358 ea
251 3310 501 3371 accusat,
534 3299 735 3379 quibus
762 3320 965 3360 usurus
997 3312 1106 3360 est.
1140 3300 1227 3359 De
1259 3302 1643 3359 instrumentis
1675 3301 2012 3378 scriptoriis,
2043 3318 2190 3377 quae

158 3384 245 3443 bie
274 3397 785 3445 commemorantur
815 3387 893 3446 cf.
926 3388 981 3445 in
1015 3388 1334 3445 universum
1352 3385 1597 3445 Becker.
1632 3383 1818 3444 Gall.1
1849 3406 1901 3463 p.
1929 3388 2049 3446 165
2066 3403 2191 3463 sqq.

159 3470 537 3530 Membranae
578 3471 764 3530 altera
812 3483 1021 3530 tantum
1070 3482 1228 3550 parte
1274 3471 1693 3529 inscribebatur
1737 3477 1812 3543 (v.
1859 3472 2037 3548 intpp.
2073 3468 2191 3528 Iuv.

160 3553 201 3625 Ι,
230 3560 312 3627 5),
343 3576 436 3625 ea,
470 3576 577 3636 qua
609 3557 707 3635 pili
739 3568 922 3627 eraut,
955 3558 1175 3635 pumice
1208 3556 1514 3634 diligenter
1544 3556 1821 3633 levigata,
1855 3566 1914 3614 et
1943 3557 1997 3613 in
2029 3574 2190 3613 usum

161 3650 311 3700 certe
342 3642 755 3720 elegantiorum
802 3642 1080 3701 bominum
1122 3643 1296 3701 variis
1338 3641 1624 3700 coloribus
1654 3639 2013 3718 pingebatur,
2044 3638 2191 3699 unde

162 3724 374 3785 bicolor
402 3738 659 3786 vocatur.
707 3728 797 3786 Cf.
829 3726 961 3787 Isid.
997 3728 1153 3805 Orig.
1186 3726 1284 3786 Vl.
1323 3732 1423 3788 11.
1462 3724 1620 3785 ovid.
1654 3727 1827 3785 Trist.
1859 3725 1955 3797 111,
1991 3731 2048 3797 1,
2076 3729 2188 3787 13:

163 3809 359 3883 „Quod
375 3833 557 3893 neque
579 3833 702 3872 sum
722 3812 895 3872 cedro
915 3815 1111 3885 ssavus,
1134 3831 1240 3871 nec
1257 3814 1479 3890 pumice
1496 3812 1702 3870 levis.“
1732 3810 1873 3869 Luc.
1908 3810 1979 3870 de
2010 3830 2186 3869 merc.

164 3894 324 3956 cond.
356 3903 473 3959 ⁴1:
550 3894 801 3974 ’Όμοιοί
837 3897 955 3957 εἰσι
980 3895 1107 3967 τοῖς
1140 3896 1474 3965 καλλίστοις
1521 3892 1755 3965 τούτοις
1788 3893 2066 3975 βιβλίοις,
2105 3887 2191 3954 ὧν

163 3979 377 4059 χρυσοῖ
418 3981 530 4059 μὲν
558 3984 620 4044 οἱ
667 3978 967 4060 ὀμφαλοί,
1012 3981 1309 4062 πορφυρᾶ
1352 3979 1418 4040 δὲ
1458 3975 1752 4040 ἔκτοσθεν
1801 3977 1841 4054 ἡ
1885 3976 2183 4063 διφθέρα.

166 4062 354 4145 Neque
394 4072 578 4131 minus
634 4067 706 4129 ad
750 4069 956 4131 cultum
1002 4069 1359 4147 pertinebat,
1413 4064 1561 4145 quod
1584 4067 1795 4146 positis
1833 4067 2067 4146 capillis
2096 4062 2191 4139 (de

241 4171 466 4215 nasius.
674 4194 677 4201 -
1698 4155 1776 4212 10
