2764 4738
953 408 1165 469 PROL.
1231 414 1259 470 1
1294 443 1381 453 —-
1411 414 1474 470 4.
2150 405 2235 469 75

218 576 328 638 dum
358 579 606 638 haustum
638 576 1036 650 referendum,
1083 599 1190 639 nee
1239 581 1346 638 hoc
1391 580 1610 659 vulgari
1642 578 1917 638 vocabulo
1951 600 2072 638 cum
2106 581 2235 637 irri-

219 666 362 724 sione
402 663 600 724 dietum
644 683 780 725 esse
820 663 1059 723 videtur.
1149 665 1236 724 De
1291 685 1395 724 usu
1438 687 1493 724 v.
1531 666 1817 742 proluere
1874 675 1933 724 et
1979 665 2234 723 similium

219 748 542 828 quorundam
574 751 829 809 conferri
861 759 1049 829 potest
1079 751 1239 809 locus
1258 751 1635 811 memorabilis
1662 749 1959 809 Frontonis
1976 748 2047 808 ad
2065 750 2232 808 Caes.

218 835 300 905 IV,
328 839 364 896 3
393 855 449 914 p.
481 840 563 898 97
592 834 684 895 ed.
732 835 893 894 Rom.
988 835 1331 915 Quamquam
1362 856 1501 895 vero
1533 837 1759 913 antiqua
1804 838 1913 894 iam
1957 835 2235 912 religione

215 920 442 979 fontibus
483 923 570 978 vis
615 922 833 980 animos
879 921 1157 979 hominnm
1205 923 1283 980 ita
1328 921 1714 980 commovendi
1759 920 2146 992 tribuebatur,
2177 931 2238 978 ut

213 1002 507 1065 divinarent
537 1017 596 1064 et
630 1016 837 1085 poetae
870 1006 1090 1077 tierent,
1121 1004 1268 1065 unde
1299 1006 1588 1066 Musarum
1632 1026 1754 1064 cum
1785 1005 2062 1084 Nymphis
2094 1005 2235 1063 mul·

212 1091 368 1167 tiplex
394 1092 766 1150 exoriebatur
796 1093 1115 1149 coniunctio
1162 1092 1264 1165 (of.
1295 1091 1469 1150 Voss.
1518 1089 1589 1150 ad
1618 1091 1780 1169 Virg.
1815 1091 1937 1150 Ecl.
1970 1090 2096 1162 VII,
2128 1094 2234 1152 21.

212 1174 464 1235 Creuzer.
501 1174 702 1255 Symb.
735 1175 810 1234 111
842 1197 899 1255 p.
930 1180 1054 1238 272
1087 1183 1257 1255 sqq.),
1291 1177 1482 1235 fabula
1514 1187 1702 1235 tamen
1750 1175 1820 1235 de
1863 1178 2233 1253 Hippocrene

211 1271 263 1318 et
284 1262 513 1332 Pei-ene,
546 1280 696 1340 quae
729 1261 987 1320 bibentes
1033 1272 1233 1339 poetas
1267 1263 1561 1334 facerent,
1593 1283 1700 1321 nou
1733 1262 1843 1319 nisi
1873 1258 2020 1340 apud
2050 1261 2237 1318 serio-

210 1364 315 1402 rum
344 1357 656 1425 temporum
689 1357 925 1425 poetas,
956 1344 1240 1405 Romanos
1272 1349 1607 1426 praesertim
1627 1390 1643 1418 ‚
1677 1347 1916 1424 legitur,
1948 1347 2025 1404 cs.
2058 1346 2234 1424 intpp.

214 1428 273 1487 ad
301 1430 553 1513 Propert.
588 1431 659 1501 11,
692 1436 752 1502 8,
789 1436 867 1494 19
910 1451 994 1510 sq.
1028 1432 1142 1509 [111‚
1180 1438 1236 1503 1,
1268 1438 1350 1495 25
1385 1434 1516 1511 sq.].
1561 1464 1648 1476 —
1678 1434 1888 1509 Bieeps
1917 1432 2236 1489 nominatur

213 1513 474 1574 Parnasus
506 1537 587 1574 ex
614 1536 720 1574 usu
751 1528 1041 1595 poetarum
1073 1516 1447 1576 Romanorum
1479 1526 1540 1576 et
1567 1518 1842 1576 seriorum
1877 1518 2235 1595 scriptorum,

214 1601 279 1658 ei.
307 1599 458 1660 ovid.
503 1602 646 1660 Met.
693 1600 738 1672 Ι,
784 1605 909 1662 316
952 1621 1037 1679 sq.
1085 1601 1154 1673 11,
1199 1607 1344 1663 221.
1381 1601 1595 1660 Lucan.
1642 1601 1718 1672 V,
1763 1606 1838 1662 71
1891 1622 1976 1681 sq.
2027 1600 2236 1659 Senec.

214 1684 334 1742 ssed.
378 1690 522 1748 227.
579 1684 730 1746 Stat.
782 1686 962 1745 Theb.
1009 1685 1136 1758 VII,
1177 1691 1320 1748 346.
1384 1685 1585 1766 Neque
1630 1697 1814 1746 tamen
1859 1688 2084 1745 omnino
2127 1684 2236 1744 duo

212 1768 352 1828 huius
382 1768 589 1830 montis
621 1773 914 1830 cacumina
959 1783 1122 1842 sunt,
1165 1769 1268 1830 sed
1301 1770 1412 1830 duo
1442 1772 1536 1830 illa
1569 1774 1732 1849 iuga,
1775 1773 1921 1830 inter
1950 1790 2094 1851 quae
2125 1771 2237 1829 Ca-

214 1856 386 1914 stalius
417 1858 549 1915 fons
583 1857 966 1927 scaturiebat,
1007 1854 1235 1917 Baccho
1284 1867 1546 1927 saerata,
1590 1866 1799 1914 tautam
1833 1857 2037 1915 famam
2070 1867 2238 1915 nacta

215 1951 342 2012 sunt,
371 1952 432 2000 ut
457 1939 595 2000 inde
628 1952 872 2001 montem
920 1941 1202 2020 bicipitem
1253 1943 1627 2012 nominarent,
1660 1962 1712 1999 v.
1746 1941 1991 2012 Ulriehs,
2024 1941 2236 2000 Reisen

217 2023 306 2083 und
334 2025 746 2105 Forschungen
793 2028 847 2084 in
880 2025 1323 2097 Griecbenland,
1373 2026 1398 2085 1
1429 2046 1483 2105 p.
1515 2032 1617 2087 48.
1664 2027 1740 2085 cf.
1773 2025 2084 2105 Millingen,
2116 2047 2234 2085 rec.

215 2108 273 2167 de
300 2110 589 2171 medailles
620 2132 709 2190 gr.
741 2110 892 2171 ined.
925 2132 979 2191 p.
1011 2116 1113 2174 43.
1160 2112 1415 2191 Egregie
1461 2109 1617 2180 dicit,
1650 2131 1713 2170 se
1747 2132 1857 2169 non
1889 2114 2233 2182 meminisse,

216 2198 351 2273 quasi
377 2216 516 2258 vero
551 2198 669 2257 tale
701 2200 972 2257 somnium
1004 2199 1308 2257 memoriae
1341 2207 1553 2255 tantum
1600 2198 1827 2255 infixum
1860 2207 2103 2270 maneat,
2135 2216 2236 2257 ne-

216 2299 305 2358 que
332 2283 450 2342 sine
481 2283 731 2342 consilio
761 2284 861 2341 inf.
892 2284 1040 2361 perf.
1072 2285 1392 2341 somniasse
1434 2302 1556 2342 cum
1588 2303 1641 2340 v.
1674 2284 1910 2341 memini
1930 2284 2236 2360 coniungit,

215 2385 318 2425 eum
346 2367 415 2440 V,
447 2375 526 2431 41
580 2369 817 2428 memini
851 2388 1192 2428 consumere
1235 2366 1410 2428 dieat.
1484 2367 1671 2447 Magis
1705 2369 1850 2427 enim
1882 2366 2235 2447 deprimitur,

214 2470 317 2510 enm
345 2464 607 2534 tanquam
638 2455 806 2533 plane
839 2456 1133 2533 praeteriti
1165 2456 1448 2513 notionem
1479 2454 1727 2525 inducat,
1759 2456 1835 2513 cf.
1868 2453 2103 2531 Reisigii
2149 2474 2236 2532 gr.

214 2535 296 2595 ¹³1-
326 2540 356 2617 ξ
384 2543 533 2603 290.
584 2572 669 2584 -
732 2542 856 2611 Sic,
893 2550 954 2598 ut
981 2541 1062 2598 ait
1089 2538 1350 2599 Donatus
1382 2538 1452 2598 ad
1487 2540 1622 2598 Ter.
1657 2538 1834 2597 Andr.
1867 2539 1910 2610 1,
1943 2544 2002 2610 2,
2036 2545 2095 2611 4,
2119 2559 2237 2617 pro

219 2622 401 2683 leviter
429 2636 491 2684 et
514 2625 916 2703 negligenter,
951 2627 1113 2708 quod
1141 2627 1361 2684 Graeci
1389 2619 1578 2693 οὕτως
1610 2626 1827 2683 dicunt.
1904 2623 2059 2683 Unde
2093 2624 2237 2683 idem

214 2706 323 2767 fere
350 2722 473 2782 est,
521 2709 671 2788 quod
715 2712 921 2780 otiose,
970 2711 1120 2768 nulla
1168 2709 1414 2768 adbibita
1462 2729 1677 2788 opera,
1722 2711 1799 2769 cf.
1835 2709 1971 2768 Seu.
2004 2729 2098 2788 ep.
2135 2713 2237 2771 82.

216 2790 488 2853 Heindorf.
541 2793 612 2852 ad
657 2795 790 2854 Hor.
827 2794 946 2854 Sat.
980 2795 1023 2864 Ι,
1054 2799 1115 2865 2,
1152 2799 1293 2866 106,
1326 2796 1557 2855 velsiue
1584 2794 2062 2865 consideratione,
2099 2795 2237 2853 Plin.

216 2896 325 2956 epp.
355 2880 502 2952 vm,
537 2885 641 2950 20,
674 2884 733 2941 8.
765 2916 849 2925 —-
872 2881 1143 2957 prodire,
1164 2879 1359 2952 de—eo‚
1390 2880 1502 2960 qui,
1534 2900 1656 2939 cum
1677 2892 1805 2939 ante
1826 2880 2106 2951 latuisset,
2133 2883 2239 2939 iam

215 2976 462 3045 apparet3
498 2976 754 3024 nostrum
785 2964 1109 3042 austreten,
1143 2967 1278 3024 utin
1309 2984 1558 3035 scenam,
1592 2968 1651 3024 in
1663 2967 1960 3043 publicum
1971 2967 2239 3042 prodire.

361 3071 414 3109 v.
457 3057 522 3113 4.
612 3052 1028 3109 Hele'eoniadas
1067 3050 1264 3109 Musas
1308 3049 1441 3110 inde
1484 3050 1553 3108 ab
1601 3050 1848 3109 Hesiodo
1911 3052 2125 3127 (theog.
2177 3057 2237 3120 1)

215 3146 472 3195 consueto
540 3155 694 3196 more
757 3134 1038 3206 dixerunt,
1099 3137 1180 3194 ef.
1256 3136 1424 3194 Paus.
1487 3134 1587 3206 IX,
1647 3139 1749 3197 29.
1797 3138 2240 3195 Heliconiadum

215 3223 429 3278 eomt‘tes
460 3231 634 3280 vocat
666 3231 868 3299 poetas
901 3220 1140 3279 Lucret.
1176 3221 1270 3292 ΙΙΙ,
1309 3225 1492 3283 1049.
1557 3256 1643 3264 -
1700 3223 1935 3292 Pirene,
1982 3220 2240 3280 Acroco-

213 3304 364 3364 rinthi
396 3308 551 3377 fonS,
586 3306 678 3365 ubi
726 3306 1006 3385 Pegasum
1039 3304 1321 3364 domuisse
1355 3303 1561 3364 dieitur
1605 3306 2004 3384 Bellerophon,
2050 3306 2237 3364 Strab.

213 3384 327 3448 V111
355 3410 408 3469 p.
441 3395 592 3454 379.
628 3390 820 3451 Schol.
854 3391 1012 3451 Pind.
1047 3391 1132 3449 Ol.
1166 3390 1316 3462 XIII,
1347 3396 1431 3453 90
1462 3412 1583 3470 sqq.
1647 3389 1781 3451 Inde
1823 3392 2054 3450 Persius
2098 3394 2244 3450 sicut

215 3469 408 3534 Statius
443 3475 612 3550 (Silv.
645 3477 715 3549 11,
746 3483 807 3549 7,
843 3483 870 3538 1
909 3484 1026 3556 sq.)
1077 3475 1204 3535 huic
1254 3496 1474 3556 quoque
1518 3478 1656 3535 fonti
1691 3478 1969 3555 poetieam
2001 3479 2108 3534 vim
2141 3478 2241 3534 tri-

213 3555 388 3620 buisse
421 3560 664 3633 videtur,
697 3560 768 3621 de
800 3583 908 3642 qua
926 3582 989 3621 re
1006 3562 1138 3620 alibi
1170 3563 1301 3620 nihil
1335 3561 1594 3632 traditur,
1627 3564 1731 3620 nisi
1765 3561 1912 3641 quod
1944 3560 2093 3621 idem
2112 3561 2241 3620 Sta-

215 3643 311 3701 tius
357 3646 563 3717 (Theb.
610 3647 707 3718 lv,
752 3651 834 3710 60
874 3653 982 3727 sq.)
1031 3666 1157 3707 eum
1203 3666 1422 3726 quoque
1465 3646 1673 3723 Pegasi
1719 3647 1925 3725 ungula
1972 3666 2242 3726 procrea-

218 3736 316 3786 tum
356 3744 575 3792 narrat.
669 3734 959 3791 Pallidum
1004 3730 1227 3791 videtur
1270 3730 1484 3791 dixisse
1532 3732 1812 3802 Pirenen,
1860 3735 1989 3813 quia
2036 3744 2241 3811 poetae

218 3813 389 3888 pallidi
419 3837 556 3876 esse
590 3818 794 3889 solent,
827 3828 984 3877 certe
1017 3817 1404 3896 perhibentur,
1435 3818 1510 3875 cf,
1545 3815 1613 3876 ad
1647 3817 1689 3888 Ι,
1722 3821 1824 3879 26.
1889 3818 2047 3878 Sicut
2076 3820 2244 3877 Mors

217 3901 424 3973 pallida
456 3900 691 3974 dicitur,
728 3905 857 3982 quia
904 3905 956 3962 ei
997 3904 1344 3982 potissimum
1389 3904 1685 3972 convenit,
1734 3901 1878 3982 quod
1923 3906 1977 3962 in
2010 3905 2243 3962 mortuis

224 3989 579 4064 conspicitur,
626 3991 703 4046 ita
737 3989 959 4046 facilius
991 3987 1159 4047 etiam
1191 3989 1486 4066 nympham
1522 3986 1779 4067 pallidam
1812 3991 2065 4060 vocavit,
2098 4008 2243 4068 quae

224 4072 388 4145 poetis
421 4093 544 4133 eum
580 4075 826 4135 furorem
860 4075 1117 4153 inspirat,
1150 4071 1296 4134 unde
1328 4075 1438 4133 iste
1468 4075 1652 4153 pallor
1680 4076 1940 4152 poeticus
1973 4077 2170 4133 oritur.
