2764 4738
475 444 668 490 eexn
1133 420 1862 485 PROLEGOMENA.

474 592 1024 659 Acbaintrium
1067 611 1315 675 prorsus
1358 592 1488 656 fere
1534 591 1819 676 neglexi,
1868 592 2037 657 cuius
2082 612 2207 655 non
2238 614 2531 675 magnam

474 697 652 761 fidem
694 715 809 759 nec
854 687 1119 778 prudens
1160 693 1442 758 iudicium
1491 715 1629 758 esse
1677 694 1962 777 cognovi.
2034 690 2258 776 Neque
2315 706 2529 759 tamen

476 798 687 874 omisi,
731 796 831 859 uhi
878 816 958 858 ex
1005 796 1182 859 codd.
1230 796 1497 859 nondum
1539 796 1718 879 plene
1748 794 2029 860 adhibitis
2062 796 2288 860 eximia
2318 806 2383 861 et
2411 818 2530 859 no·

473 910 605 963 tatu
637 899 818 981 digna
849 919 884 962 a
916 893 1059 960 VV.
1094 895 1235 959 DD.
1271 898 1451 961 allata
1483 895 1783 961 videbam.
1855 892 1927 959 Iu
1956 898 2167 981 quibus
2200 899 2526 982 praecipue

474 1001 879 1065 nominandus
910 1010 1007 1063 est
1034 997 1410 1063 Hauthali
1431 1020 1552 1075 us,
1602 999 1699 1084 qui
1745 1019 1896 1082 quae
1929 1020 2012 1063 ex
2041 999 2304 1083 antiquis
2337 1001 2520 1063 codd.

474 1101 763 1187 protulit,
810 1121 883 1163 ea
911 1101 975 1164 in
1006 1121 1176 1164 usum
1208 1121 1406 1164 meum
1441 1100 1740 1163 converti.
1803 1099 2112 1185 Egregiae
2149 1113 2292 1165 sunt
2336 1123 2527 1165 mem-

473 1203 705 1268 branae
746 1202 1225 1278 Leidenses‚
1295 1222 1444 1284 quas
1500 1199 1672 1264 Nic.
1734 1200 2119 1267 Heinsius
2175 1201 2522 1285 quibusdam

474 1307 625 1370 locis
642 1305 1024 1381 memoravit,
1059 1313 1122 1367 et
1151 1303 1353 1382 doleo,
1390 1303 1532 1369 mihi
1564 1302 1863 1387 integram
1897 1324 2102 1368 earum
2136 1303 2525 1367 collationem

473 1408 548 1472 ad
580 1428 792 1472 manus
824 1427 946 1469 non
978 1405 1190 1468 fuisse.
1271 1401 1373 1469 Cf.
1410 1404 1485 1468 ad
1517 1399 1571 1483 Ι,
1606 1400 1711 1468 59.
1748 1403 1855 1468 74.
1889 1402 1976 1485 V,
2014 1402 2159 1468 118.
2198 1403 2344 1471 148.

641 1540 906 1606 Praeter
958 1540 1200 1604 codices
1253 1539 1498 1603 adhibui
1555 1540 1734 1605 etiam
1790 1540 1942 1604 alios
1989 1541 2360 1626 scriptores,
2422 1542 2522 1623 qui

473 1642 675 1708 Persii
719 1645 890 1707 locos
930 1642 1264 1706 attulerunt
1308 1640 1410 1705 vel
1463 1642 1753 1705 imitando
1815 1653 2285 1724 expresserunt,
2333 1653 2396 1706 et
2439 1644 2528 1706 ita

474 1747 547 1811 ad
598 1746 781 1809 crisin
829 1743 1234 1808 exercendam
1284 1742 1504 1825 aliquid
1552 1746 1834 1808 conferre
1889 1743 2277 1807 videbantur.
2368 1741 2526 1807 Per-

473 1869 754 1931 magnum
800 1847 1004 1910 talium
1052 1845 1339 1927 cuiusque
1385 1844 1525 1907 aevi
1569 1846 1930 1929 scriptorum
1988 1866 2297 1908 numerum
2354 1866 2520 1922 esse,

474 1968 656 2032 supra
702 1948 820 2010 iam
865 1946 1155 2010 monitum
1203 1956 1334 2024 est,
1393 1945 1595 2027 itaque
1649 1968 1937 2036 summam
1996 1946 2362 2029 diligentiam
2415 1948 2528 2009 ad·-

473 2049 672 2125 hibui,
734 2057 800 2111 ut
845 2069 1056 2112 omnes
1101 2048 1310 2125 locoS,
1374 2046 1475 2110 ubi
1518 2044 1719 2111 Persii
1764 2048 1954 2113 verba
1997 2049 2241 2112 laudata
2285 2060 2523 2127 essent,

475 2150 825 2232 colligerem
873 2161 935 2214 et
976 2160 1113 2235 apte
1160 2149 1583 2233 disponerem,
1633 2160 1696 2213 ut
1739 2151 1917 2214 facile
1975 2150 2231 2237 intelligi
2287 2164 2523 2236 posset,

474 2251 611 2334 quid
643 2251 792 2313 lucri
824 2250 965 2314 iude
996 2252 1068 2314 ad
1104 2250 1417 2314 historiam
1464 2251 1731 2314 criticam
1778 2252 2096 2316 satirarum
2140 2251 2344 2317 Persii
2388 2254 2524 2339 capi

472 2363 704 2436 posset.
766 2347 839 2415 ln
888 2352 1238 2417 uuiversum
1283 2354 1698 2417 confirmatum
1747 2364 1842 2418 est
1884 2352 1995 2418 hac
2036 2378 2272 2440 quoque
2305 2378 2524 2440 opera,

476 2456 633 2538 quod
666 2475 845 2538 supra
879 2454 993 2516 iam
1030 2454 1195 2532 dixi,
1242 2451 1444 2519 Persii
1487 2456 1671 2517 verba
1718 2457 2004 2540 gravibus
2044 2457 2527 2541 interpolationi-

474 2555 586 2620 bus
621 2578 744 2618 non
778 2555 963 2619 fuisse
997 2554 1263 2618 obnoxia
1284 2602 1302 2633 ,
1349 2556 1458 2619 sed
1492 2557 1572 2619 ita
1596 2602 1614 2635 ‚
1655 2568 1721 2621 ut
1752 2579 1913 2622 nunc
1945 2569 2230 2636 exstant,
2279 2558 2331 2621 si
2363 2581 2529 2622 sum-

475 2680 634 2722 mum
678 2668 959 2742 specteS,
1007 2676 1246 2740 semper
1275 2657 1432 2722 lecta
1464 2679 1627 2722 esse.
1689 2656 1852 2723 Nam
1896 2679 2028 2723 cum
2062 2680 2098 2722 a
2127 2659 2527 2743 scriptoribus

477 2760 758 2824 diversae
789 2760 1009 2823 aetatis
1039 2758 1316 2842 permulti
1347 2755 1546 2824 Persii
1580 2761 1695 2824 loci
1729 2762 2097 2838 afferantur,
2145 2771 2350 2824 tamen
2381 2783 2533 2845 pau·

477 2863 735 2927 cissimis
794 2870 1020 2924 tantum
1081 2860 1233 2924 locis
1293 2863 1744 2925 memorabilem
1810 2861 2089 2926 lectionis
2163 2862 2529 2927 varietatem

476 2964 631 3047 apud
663 2984 769 3027 eos
798 2962 1177 3038 invenimuS,
1226 2962 1333 3026 sed
1379 2963 1663 3047 pleraque
1709 2963 1909 3027 omnia
1957 2962 2080 3042 ita,
2128 2964 2285 3026 utin
2318 2965 2532 3028 melio·

475 3065 641 3128 ribus
673 3063 849 3127 codd.
883 3063 1191 3147 leguntur.
1248 3061 1353 3126 Ne
1388 3075 1586 3127 tamen
1621 3065 1845 3148 ingrati
1876 3064 2225 3144 videamur,
2273 3086 2531 3129 monen-

477 3166 612 3228 dum
646 3162 698 3243 1,
733 3162 813 3227 57
837 3174 1138 3249 protenso
1159 3209 1176 3241 ‚
1222 3165 1375 3246 quod
1408 3166 1471 3228 in
1502 3166 1645 3251 Mp.
1682 3177 1747 3231 et
1775 3165 1950 3231 Rom.
1983 3176 2213 3229 tantum
2246 3177 2526 3252 apparet,

475 3267 550 3332 ab
594 3266 969 3352 Hieronymo
1012 3276 1074 3328 et
1112 3262 1435 3330 Prisciano
1477 3268 1716 3349 afferri3
1764 3264 1818 3346 I,
1850 3266 1936 3332 97
1965 3269 2314 3354 vegrandi,
2366 3270 2527 3351 quod

473 3368 537 3432 in
571 3369 886 3452 perpaucis
919 3369 1096 3432 codd.
1131 3380 1438 3434 servatum
1469 3381 1587 3447 est,
1623 3370 1982 3434 auctoritate
2002 3367 2205 3434 Servii
2236 3380 2300 3432 et
2327 3371 2524 3433 schol.

477 3465 715 3534 Horatii
758 3471 1017 3551 muniri3
1079 3467 1162 3551 V,
1210 3468 1292 3535 25
1350 3472 1676 3555 Augustini
1733 3473 1870 3536 loco
1928 3491 2138 3536 veram
2198 3471 2529 3535 lectionem

478 3574 742 3636 tectoria
771 3572 1173 3656 comprobari,
1202 3584 1265 3638 et
1293 3574 1346 3638 si
1379 3595 1531 3656 quae
1562 3574 1778 3637 similia
1813 3575 2075 3637 fortasse
2106 3572 2525 3636 inveniuntur.

478 3669 628 3737 Illud
674 3674 930 3752 addam,
989 3674 1144 3758 quod
1191 3672 1285 3737 Io.
1339 3672 1816 3740 sarisberiensis
1862 3670 2005 3757 (111,
2043 3673 2153 3759 12)
2199 3684 2263 3738 et
2301 3671 2532 3739 Petrus

480 3771 792 3838 Blesensis
823 3777 955 3859 (ep.
992 3773 1176 3857 LIX)
1226 3788 1344 3841 sat.
1384 3773 1438 3854 I,
1475 3774 1592 3839 121
1628 3777 1922 3840 afferantt
1969 3775 2322 3840 Auriculas
2364 3778 2540 3839 asini

480 3873 669 3939 Mida
698 3896 823 3938 reat
852 3875 1069 3952 habet,
1105 3878 1244 3940 iude
1276 3900 1399 3941 non
1431 3898 1614 3964 posse
1648 3877 1949 3955 concludi,
1988 3899 2097 3942 eos
2126 3877 2283 3940 hanc
2315 3877 2532 3940 lectio-

481 3998 619 4041 nem
651 3977 714 4039 iu
746 3977 1006 4059 antiquis
1038 3981 1488 4065 exemplaribus
1520 3980 1829 4043 invenisse
1849 4028 1867 4056 ‚
1901 3981 2006 4044 sed
2042 4001 2173 4043 cum
2208 3978 2536 4043 novissent

482 4076 741 4144 Cornuti
771 4080 1035 4159 scholia,
1085 4092 1228 4145 tuuc
1259 4083 1520 4147 maxime
1554 4083 1907 4166 pervulgata
1929 4129 1947 4162 ,
1999 4101 2241 4145 versum
2273 4080 2360 4144 ita
2390 4101 2532 4165 pro-
