2764 4738
804 427 1068 490 senet..
1113 428 1219 489 AD
1267 427 1435 490 SAT.
1466 429 1568 505 vl,
1603 438 1631 494 1
1655 437 1815 495 —7.
2183 429 2306 496 341

275 619 395 659 rem
440 619 596 659 suam
641 611 857 659 auctam
888 601 1267 681 reliquerunt,
1313 599 1502 661 inedia
1533 621 1597 661 se
1627 601 1911 662 et'labore
1940 603 1996 661 in
2025 603 2143 663 vita
2173 624 2311 664 con-

276 686 552 744 ficientes.
611 682 690 744 Se
730 697 916 745 antem
961 686 1098 745 dicit
1140 689 1196 746 in
1240 707 1312 746 eo
1358 687 1523 758 loeo,
1567 687 1658 746 nbi
1702 689 1914 766 positus
1943 700 2106 759 erat,
2136 688 2193 748 id
2222 701 2316 751 est

275 773 330 828 in
375 770 645 849 Liguria,
703 791 888 851 neque
931 772 1267 844 ambitione,
1326 792 1509 851 neque
1554 771 1793 842 iniuria,
1854 793 2038 853 neque
2083 773 2313 835 deside·

276 858 375 915 riis
402 862 457 926 1,
489 875 673 937 neque
705 859 943 916 avaritia
973 857 1233 917 laborare
1252 899 1271 929 ,
1300 868 1364 917 et
1391 860 1447 916 in
1478 858 1629 917 nullo
1660 878 1726 917 se
1757 860 1843 917 eis
1874 859 2143 932 similare,
2171 881 2313 941 quos

278 941 368 1001 cul
410 952 485 1000 at.

371 962 406 1021 P
445 1031 505 1088 2.
549 1030 753 1087 Iamne
782 1028 938 1105 lyra.
996 1025 1250 1087 Eundem
1283 1025 1516 1087 Bassum
1556 1028 1899 1107 interrogat,
1946 1031 2038 1109 qui
2070 1027 2141 1090 de
2173 1031 2313 1091 urbe

277 1110 350 1170 ad
382 1111 625 1172 Sabinos
655 1124 1022 1183 secesserat,
1067 1115 1117 1171 si
1161 1115 1268 1172 iam
1318 1113 1619 1173 scriberet.
1798 1115 2028 1174 Tetrico
2049 1119 2311 1195 pectine,

275 1196 333 1256 id
362 1208 485 1266 est,
515 1200 678 1276 gravi
708 1198 858 1277 stylo
890 1218 958 1258 ac
990 1218 1196 1258 severo
1216 1241 1233 1270 ,
1264 1195 1320 1256 id
1353 1209 1473 1270 est,
1504 1200 1665 1276 gravi
1694 1201 1965 1260 carmine.

449 1287 511 1345 3.
554 1285 714 1342 Mire
744 1283 947 1362 opifex
973 1286 1249 1343 numeris.
1311 1280 1530 1343 Sensus
1561 1296 1683 1343 est:
1731 1285 1776 1344 Ο
1821 1283 2074 1345 mirande
2118 1287 2315 1365 opifex

270 1369 558 1428 varietate
606 1387 995 1440 numerorum,
1053 1389 1216 1449 quam
1261 1367 1332 1428 de
1377 1370 1574 1428 metris
1620 1368 1858 1429 Graecis
1903 1374 2209 1450 excerpis,
2254 1382 2316 1431 et

282 1453 561 1513 masculos
592 1473 765 1512 sonos
794 1453 1012 1513 Latinis
1043 1466 1207 1533 aptas
1237 1454 1600 1515 carminibus.
1770 1456 2050 1516 Numeris
2069 1502 2091 1529 ,
2125 1457 2181 1516 id
2219 1467 2313 1517 est

283 1540 497 1597 metris.

449 1628 509 1684 4.
554 1625 784 1683 Marem
821 1626 1134 1703 strepitum
1154 1666 1173 1696 ,
1223 1625 1530 1684 masculum
1560 1636 1622 1685 et
1650 1626 1853 1686 fortem
1884 1628 2160 1699 sonitum,
2205 1648 2316 1686 non

281 1707 558 1787 quomodo
585 1709 770 1767 solent
796 1707 1016 1788 quidam
1048 1709 1203 1769 velut
1231 1710 1488 1768 muliebri
1548 1730 1691 1770 voce
1722 1722 1782 1770 et
1809 1712 1999 1782 molli,
2054 1722 2311 1771 cantare.

278 1794 484 1864 Fidis,
530 1813 710 1871 genus
756 1794 1046 1866 citharae,
1090 1795 1178 1855 vel
1223 1792 1471 1854 chordae
1506 1800 1563 1866 2,
1612 1794 1760 1876 quod
1788 1807 1899 1855 tam
1932 1798 2315 1876 singulariter,

282 1898 445 1958 quam
475 1879 771 1958 pluraliter
800 1878 1035 1950 dicitnr,
1093 1890 1154 1938 ut
1183 1879 1448 1941 Horatius
1470 1884 1529 1939 ³:
1575 1881 1781 1959 etfide
1819 1883 1958 1941 Teia

612 1965 787 2023 Dices
820 1965 1163 2024 laborantes
1193 1968 1254 2024 in
1286 1985 1484 2024 unum.

282 2047 617 2118 pluraliter,
649 2059 710 2107 ut
740 2048 1014 2126 Virgilius
1033 2054 1092 2108 ⁴2

546 2134 817 2194 Threicia
832 2132 1042 2212 fretus
1073 2136 1308 2194 cithara
1321 2134 1671 2213 fidibusque
1699 2137 1955 2195 canoris.

455 2222 517 2280 5.
563 2221 711 2278 Mos:
751 2221 986 2279 invenes
1029 2221 1267 2297 agitare
1309 2222 1501 2296 iocos,
1544 2219 1601 2279 id
1645 2231 1765 2290 est,
1810 2219 2087 2281 iuveniles
2135 2220 2316 2293 iocoS,

282 2302 449 2375 ideo,
495 2303 641 2384 quod
671 2305 905 2383 lyricum
937 2325 1165 2366 carmen
1198 2304 1268 2365 de
1299 2307 1558 2366 iuvenum
1590 2307 1665 2363 sit
1699 2326 1892 2366 amore
1934 2308 2321 2385 compositum.

284 2394 368 2451 Et
415 2392 636 2469 pollice
692 2393 929 2450 honesto
948 2435 969 2462 ‚
1027 2394 1156 2472 quia
1212 2392 1616 2452 citharizantes
1671 2388 1781 2451 nou
1839 2393 2017 2452 solum
2076 2392 2317 2471 plectro,

284 2496 479 2537 verum
511 2478 679 2534 etiam
710 2474 882 2554 digito
915 2475 988 2536 de
1019 2476 1244 2537 chordis
1277 2498 1449 2536 sonos
1481 2478 1714 2538 eliciunt
1746 2481 1802 2551 ὅ,
1862 2489 1923 2537 ut
1964 2478 2236 2556 Virgilius
2256 2483 2313 2538 ⁶:

538 2563 779 2638 Iamque
809 2564 1008 2620 eadem
1040 2564 1241 2640 digitis
1272 2582 1322 2621 e.
1348 2583 1414 2641 p.
1439 2584 1506 2642 p.
1537 2583 1589 2621 e.

431 2648 494 2706 6.
541 2646 700 2703 Mihi
722 2665 877 2704 nunc
905 2648 1095 2723 Ligur
1123 2665 1250 2706 ora.
1295 2645 1435 2706 *Se
1480 2648 1715 2725 ipsum
1748 2646 2058 2707 Persius
2088 2648 2321 2726 signi-

288 2731 485 2790 ficat
557 2732 987 2790 secessisse
1060 2732 1129 2789 in
1200 2731 1562 2810 Liguriae
1623 2732 1860 2803 fines,
1945 2730 2319 2792 videlicet

286 2824 601 2896 propter
639 2813 969 2873 Fulviam
1013 2813 1430 2874 Sisenniam
1486 2827 1784 2876 matrem
1841 2837 2075 2889 snam,
2133 2837 2318 2897 qnae

287 2910 462 2982 post
508 2909 811 2958 mortem
856 2901 1134 2978 prioris
1178 2901 1323 2959 viri
1369 2900 1472 2959 ihi
1517 2900 1755 2980 nupta'
1783 2899 2022 2975 erat3*
2067 2904 2159 2961 vel
2191 2903 2321 2982 quia

287 2990 343 3047 in
384 2985 620 3045 brumali
666 2985 882 3063 frigore
928 2983 1167 3063 tepidum
1214 2986 1431 3046 eaelum
1482 2987 1774 3065 praebeat.
1945 2989 2141 3066 Ligur
2181 3007 2315 3059 ora,

291 3094 358 3133 ae
390 3073 438 3131 si
470 3070 723 3139 diceret,
765 3069 996 3148 Liguria
1029 3090 1153 3131 ora.

461 3162 521 3220 7.
569 3154 993 3215 *Hibernat
1023 3160 1081 3227 ⁷,
1139 3157 1422 3228 saevit,
1466 3157 1587 3217 vel
1634 3177 1669 3216 a
1713 3157 2034 3235 navigiis
2077 3168 2314 3218 vacat.

290 3241 500 3303 Sicut
542 3244 731 3302 enim
775 3260 998 3300 naves
1045 3241 1454 3301 hibernare
1517 3241 1864 3314 dicimus,
1926 3261 2131 3323 quum
2186 3263 2321 3301 non

291 3331 689 3407 navigant,
746 3328 857 3386 sic
912 3338 985 3386 et
1037 3333 1282 3387 mare*
1327 3328 1628 3388 hibernare
1673 3326 1906 3387 dicimus
1951 3325 2141 3386 *dum
2185 3347 2321 3386 non

289 3416 459 3474 navi
473 3415 761 3492 gatur.*
850 3414 978 3489 Qua
1024 3414 1184 3472 latus
1230 3415 1439 3491 ingens
1484 3416 1634 3472 dant
1668 3414 1916 3491 scopuli.
1972 3412 2077 3473 Ubi
2108 3414 2322 3491 scopuli

295 3633 320 3685 1
360 3631 564 3683 desidia
589 3631 673 3682 ed.
701 3648 780 3699 pr.
1868 3642 1871 3645 '

289 3703 325 3757 2
361 3701 531 3752 Gloss.
572 3700 634 3752 ll.
677 3701 853 3769 Steph.
892 3718 942 3770 p.
983 3703 1080 3755 96:
1118 3701 1305 3773 mdis,
1340 3698 1508 3772 λῦρα,
1537 3697 1778 3769 κιθάρα,
1813 3695 2024 3771 χορδαί.

292 3771 324 3823 3
363 3770 482 3821 Hor.
523 3785 681 3821 carm.
720 3770 761 3831 1,
804 3771 888 3832 17,
931 3771 994 3823 18
1021 3786 1099 3837 sq.

293 3841 326 3891 4
361 3838 509 3902 virg.
549 3839 678 3889 Aen.
717 3839 806 3901 Vl,
849 3839 965 3892 120.

297 3912 327 3959 5
362 3907 596 3957 educunt
615 3907 736 3958 Vin.
788 3907 959 3958 odunt
975 3907 1058 3957 ed.
1085 3923 1162 3972 pr.

294 3976 325 4027 6
362 3976 511 4039 Vin-g.
549 3976 680 4028 Aen.
717 3975 808 4041 Vl,
848 3976 984 4029 6472
1043 3976 1264 4042 Iamque
1301 3974 1486 4027 eadem
1526 3974 1720 4043 digitis
1751 3978 1864 4027 iam
1896 3979 2111 4043 pectine
2140 3978 2328 4044 puteat

365 4045 585 4096 eburno.

297 4111 327 4163 7
368 4112 539 4165 Gloss.
581 4112 645 4164 Η.
686 4113 863 4181 Steph.
910 4130 958 4182 p.
1002 4112 1133 4166 too:
1172 4113 1465 4179 Hiber-nat,
1500 4108 1911 4181 παραχειμάζει.
