2764 4738
712 428 722 437 '
768 422 1032 488 scnoL.
1062 424 1169 487 An
1200 422 1370 490 SAT.
1402 425 1481 500 V,
1507 428 1585 492 21
1606 429 1813 492 -31.
2184 421 2315 492 323

447 599 558 663 21.
618 598 857 658 See-reti
895 598 1202 678 loquimur.
1289 596 1413 659 Boc
1469 608 1595 659 est:
1654 615 1726 658 ee
1790 614 1936 678 quee
1993 597 2312 672 scribimus,

281 681 452 763 digna
479 703 590 743 nou
622 694 753 742 sunt
779 683 1040 754 theatro,
1083 702 1191 744 nec
1219 684 1440 764 mag-nis
1468 680 1819 745 auditoribus
1849 681 2177 756 recitanda,
2209 681 2317 745 sed

279 770 416 841 tibi,
447 788 483 828 o
525 768 806 841 cornute,
835 769 1132 847 placituro.
1329 770 1466 830 Tibi
1509 788 1667 830 nune
1709 770 1987 828 hortante
2031 770 2310 843 Camena,

277 855 379 915 tibi
406 853 660 933 praebeo
689 851 978 934 purganda
1008 855 1100 914 vel
1130 853 1421 932 probanda
1449 854 1699 914 carmina
1728 872 1878 914 mea.

447 943 554 1001 22.
607 941 959 1018 Quantaque
985 949 1229 1000 nostrae
1248 959 1424 1020 pars.
1480 938 1753 1000 Similiter
1779 940 1861 999 eit
1888 938 2156 999 Horatius
2186 945 2212 980 ¹
2238 935 2312 1001 de

278 1023 353 1085 Vi
428 1025 557 1084 'liet

357 1044 446 1105 fg·
535 1112 623 1170 Et
643 1127 847 1169 serves
873 1110 1105 1169 aninum
1135 1109 1437 1171 dirm‘dium
1463 1129 1648 1193 τηεσε.

244 1191 367 1255 ·A‹1
410 1192 705 1255 Annaeum
754 1194 1058 1254 Cornutum
1100 1195 1523 1276 philosophum,
1578 1195 1873 1274 egregium
1914 1195 2127 1267 virum,
2181 1195 2314 1275 quin

272 1280 397 1340 eius
426 1279 652 1340 auditor
681 1281 820 1353 fuit,
864 1281 1129 1361 loquitur.
1176 1279 1475 1341 Sententia
1519 1299 1556 1341 ι
1595 1280 1923 1360 Pythagora
1952 1291 2169 1351 tractez
2213 1280 2310 1343 ille

271 1367 422 1425 enim
451 1367 834 1445 interrogatus
863 1363 997 1447 quid
1025 1375 1187 1427 esset
1213 1367 1465 1440 amiens,
1492 1364 1787 1445 respondit
1817 1382 1963 1447 quse
1992 1363 2260 1426 Horatius
2287 1370 2311 1407 ¹

277 1452 362 1511 sie
433 1451 614 1511 osuit:

392 1471 429 1531 P
527 1538 615 1596 Et
634 1554 838 1595 serves
867 1535 1098 1596 antinae
1127 1537 1428 1596 dimidium
1456 1554 1643 1597 meae.

271 1618 504 1681 Persius
547 1630 734 1680 autem
778 1631 840 1680 ut
882 1619 1087 1701 aliquid
1145 1623 1370 1683 scilicet
1423 1631 1693 1695 novaret,
1749 1620 2006 1700 permisit
2059 1619 2310 1682 Cornuto

271 1707 599 1777 aestimare,
625 1716 880 1787 quantam
909 1706 1084 1767 vellet
1110 1708 1375 1787 propriae
1406 1707 1627 1766 animae
1658 1717 1873 1786 partem
1904 1724 2061 1767 suam
2090 1705 2307 1768 dicere.

439 1795 543 1855 23.
596 1792 731 1850 Tibi
777 1791 968 1852 dulcis
1023 1793 1207 1854 amice
1253 1793 1580 1854 ostendisse
1637 1793 1841 1864 iuvat,
1899 1804 2000 1852 eut
2037 1793 2310 1866 earmina,

270 1887 370 1937 eut
395 1874 756 1958 praecordia.

440 1967 544 2025 24.
590 1964 775 2023 Pulsa
808 1964 1154 2041 dignoscere
1183 1973 1415 2024 cautus.
1476 1960 1773 2042 Allegoria
1812 1959 1883 2020 ab
1912 1960 2020 2033 iis,
2061 1961 2154 2042 qui
2185 1959 2310 2041 pul·

269 2045 445 2107 sendo
476 2047 807 2126 explorent,
839 2069 911 2108 an
940 2049 1163 2128 integra
1194 2048 1308 2109 sint
1336 2067 1499 2110 vasa.
1548 2047 1623 2107 Et
1653 2047 1763 2107 hoc
1792 2044 1955 2107 dicit:
1998 2045 2126 2107 Scis
2157 2047 2308 2107 enim

267 2133 623 2212 intelligere,
667 2133 799 2213 qnid
844 2135 920 2194 sit
961 2135 1239 2214 integrum
1287 2144 1386 2194 eut
1426 2132 1724 2194 vitiosum:
1778 2143 1841 2193 ut
1881 2128 2030 2193 idem
2074 2132 2309 2193 insn²=

268 2220 604 2300 Respondet
628 2220 815 2278 viridi
834 2238 949 2278 non
986 2231 1150 2280 cocta
1161 2219 1385 2298 fidelia
1417 2220 1573 2280 limo.

439 2309 543 2367 25.
587 2304 674 2364 Et
690 2306 892 2385 pictae
924 2306 1172 2364 tectoria
1201 2306 1480 2385 linguae,
1529 2302 1586 2364 id
1629 2313 1757 2379 est,
1800 2304 1897 2386 qui
1935 2303 2084 2366 nosti
2127 2303 2308 2363 hoini-

269 2410 397 2451 ιιιιιιι
427 2392 598 2462 vitia,
631 2410 775 2469 quae
803 2391 996 2451 verbis
1024 2391 1312 2463 celantur,
1340 2391 1616 2452 invenire.

437 2480 541 2538 26.
581 2433 708 2535 ’Hoc
751 2496 862 2555 ego
905 2487 1222 2549 centenas,
1271 2474 1345 2536 ad
1387 2476 1497 2537 hoc
1525 2475 1658 2535 mihi
1690 2484 1916 2536 eentum
1946 2493 2120 2537 voces
2149 2484 2305 2555 opto,

266 2571 331 2620 ut
359 2560 528 2620 talem
559 2570 618 2620 te
649 2559 859 2633 dicem,
907 2561 1129 2641 qualem
1159 2569 1220 2622 te
1250 2561 1480 2621 haheo
1464 2582 1521 2620 ιιι
1549 2571 1804 2640 pectore.

431 2648 537 2707 27.
581 2646 832 2705 Sinnoso
863 2647 923 2705 in
944 2656 1226 2725 pectore,
1258 2647 1489 2724 capaci,
1521 2657 1580 2706 et
1608 2646 1735 2704 imis
1764 2642 2117 2723 praecordiis
2128 2644 2277 2723 fian

438 2733 542 2792 28.
592 2732 749 2790 Voce
785 2750 985 2810 pura,
1031 2729 1203 2790 fideli.
1262 2730 1390 2810 Ego
1430 2729 1501 2790 ud
1548 2730 1658 2790 hoe
1701 2739 1925 2790 centum
1957 2748 2061 2790 ore
2090 2729 2306 2790 habere

269 2811 526 2895 cupiam,
558 2825 619 2875 ut
647 2813 817 2894 digne
846 2813 1059 2887 dicam,
1092 2825 1352 2896 quantum
1384 2815 1516 2876 mihi
1546 2818 1626 2875 tui
1656 2816 1733 2875 eit
1759 2834 1923 2875 cure.
2073 2815 2306 2874 Totum·

269 2920 382 2981 que
420 2901 527 2961 hoc
570 2901 750 2960 verba
794 2902 1133 2979 resignent,
1192 2912 1255 2960 et
1294 2899 1403 2960 hoc
1444 2910 1619 2960 totum
1639 2942 1658 2974 ‚
1711 2898 1860 2980 quod
1904 2909 1964 2960 te
2006 2900 2065 2960 in
2111 2900 2306 2958 intimo

267 2997 504 3066 pectore
547 2995 607 3046 et
634 2987 690 3046 in
720 2987 845 3047 imis
876 2983 1224 3066 praecordiis
1251 2986 1422 3045 lixum
1463 2984 1671 3067 diligo,
1735 2984 2037 3046 verborum
2076 3002 2305 3046 resere-

268 3082 364 3132 tur
397 3070 640 3132 indiciis.

438 3161 541 3220 30.
592 3159 737 3215 Cmn
783 3157 1044 3235 primum
1088 3157 1313 3237 pavido
1368 3166 1589 3217 custos.
1658 3155 1813 3216 Dicit
1854 3174 1921 3215 se
1961 3166 2134 3235 poeta
2173 3174 2305 3214 mox

264 3252 565 3323 praetexta
581 3240 839 3321 deposita
854 3240 1157 3302 Cornutum
1182 3243 1366 3324 sequi.
1398 3242 1707 3303 Praetexta
1723 3241 1981 3302 iuvenilis
1995 3250 2088 3303 est
2103 3240 2305 3314 vestis,

266 3347 379 3409 que
409 3347 586 3408 nsque
616 3326 686 3387 nd
728 3337 949 3387 sextum
980 3325 1255 3388 decimum
1300 3347 1503 3389 anuum
1532 3327 1696 3407 pueri
1725 3327 2061 3398 utebantur,
2104 3327 2161 3385 iu
2192 3344 2304 3406 quo

264 3414 417 3473 cultu
461 3411 598 3472 dicit
639 3411 743 3472 sub
788 3410 1083 3492 disciplina
1127 3432 1281 3473 esse.
1453 3414 1677 3473 Pavido
1731 3431 1872 3491 ergo
1910 3414 2024 3484 eit,
2067 3412 2303 3483 timenti,

265 3496 414 3579 quod
458 3497 560 3558 sub
604 3508 754 3558 metu
796 3496 1253 3578 paedagogorum
1294 3499 1641 3579 praetextati
1682 3508 1847 3572 sunt,
1888 3497 1981 3559 vel
2010 3496 2305 3578 pueriliter

264 3584 570 3663 magistros
600 3584 816 3643 timent.

436 3671 538 3732 31.
585 3669 877 3747 Bullaque
918 3670 1233 3729 succinctis
1280 3669 1532 3729 laribus.
1606 3665 1799 3728 Genus
1843 3667 2023 3728 vestis
2067 3666 2301 3747 puerilis

263 3764 355 3815 est
396 3752 580 3825 bulla,
628 3773 791 3834 quam
836 3754 1024 3815 solent
1064 3755 1229 3833 pueri
1273 3752 1535 3833 deposita
1586 3754 1828 3833 pueritie
1867 3749 1973 3812 diis
2002 3751 2299 3832 penatibus

262 3837 495 3899 donare.
542 3839 651 3900 Vel
682 3850 843 3899 certe
873 3841 1189 3900 ornamenti
1218 3859 1401 3919 genus
1431 3850 1557 3911 est,
1605 3836 1753 3920 quod
1784 3848 1915 3900 ante
1943 3837 2298 3919 pubertatem

262 3923 510 3997 bahent,
549 3936 612 3984 ut
640 3924 918 3984 luvenalis
949 3928 1007 3983 ³.

262 4040 289 4093 1
330 4040 514 4093 Horet-
556 4056 716 4093 cerm.
756 4040 798 4109 1,
826 4040 879 4107 3,
903 4042 955 4095 9.
1500 4043 1536 4100 2
1568 4041 1710 4096 Pers.
1749 4039 1838 4106 111,
1874 4042 1963 4099 22.

261 4110 293 4162 3
330 4109 444 4163 Ιιιν.
481 4108 743 4177 x111,33.
1746 4177 1882 4243 2ιῂ
