2764 4738
439 419 567 492 288
934 424 1201 489 SCBOL.
1229 424 1336 489 An
1369 424 1540 488 SAT.
1572 424 1644 500 11,
1672 428 1757 491 48
1774 460 1859 473 —
1878 430 1982 491 55.

444 594 594 678 quod
638 593 744 656 diis
785 595 1032 657 infertur
1075 616 1110 657 a
1150 597 1511 677 pontificibus
1547 599 1608 658 in
1651 597 1954 658 sacrificio.
2023 594 2251 656 Dictum
2300 603 2498 655 autem

446 684 654 744 fertum
686 701 719 740 a
752 680 1012 742 ferendo.
1055 680 1170 743 Alii
1201 703 1303 743 vas
1332 680 1560 756 dieunt,
1591 681 1741 763 quod
1770 693 2027 742 ornatum
2057 682 2233 742 certis
2265 682 2499 760 specie-

444 768 550 827 bus
581 768 763 827 sacris
792 777 854 827 et
881 769 1157 828 refertum
1188 766 1296 827 diis
1326 769 1593 829 infertur.
1664 768 1742 827 Et
1763 778 1862 826 est
1890 785 2133 827 seusus:
2178 766 2317 826 Cum
2348 766 2497 825 baec

446 871 624 931 saepe
669 852 1002 913 clamantem
1041 851 1235 912 audiat
1274 851 1472 925 deum,
1516 864 1740 925 tnmcn,
1784 852 2000 932 inquit,
2056 861 2393 932 perseverat
2434 852 2497 910 in

446 948 616 1008 voto,
660 949 721 998 et
749 938 1079 998 effecturum
1110 958 1178 999 se
1207 949 1401 1019 putat,
1446 936 1595 1019 quod
1624 938 1880 1017 improbe
1910 938 2085 1017 petit3
2129 934 2312 997 donec
2343 935 2496 996 omni

447 1043 514 1083 re
545 1034 908 1102 consumpta,
959 1021 1031 1083 ad
1073 1024 1294 1083 unicum
1324 1022 1593 1084 redactus
1625 1043 1882 1094 numum,
1928 1041 2095 1103 quem
2124 1023 2181 1082 in
2212 1021 2497 1081 exhauste

447 1127 584 1169 erce
628 1118 689 1168 et
734 1110 858 1168 sine
897 1127 1071 1168 censu
1116 1109 1366 1181 invenit,
1410 1109 1869 1188 superstitionem
1915 1127 2074 1167 suam
2118 1126 2357 1186 gemens
2388 1124 2497 1166 ex·

447 1191 754 1254 calcietur.
813 1192 1212 1254 Verumtamen
1257 1195 1510 1274 quamvis
1539 1192 1731 1253 audiat
1760 1193 1930 1264 talia,
1975 1212 2087 1252 non
2127 1202 2321 1253 cessat
2352 1189 2499 1251 deos

449 1278 747 1339 sacrificiis
788 1279 1035 1357 fatigare
1053 1320 1072 1350 ‚
1130 1290 1193 1339 et
1232 1277 1517 1359 sperando
1560 1277 1787 1338 divitias
1837 1279 2057 1338 futuras
2102 1296 2292 1338 arcam
2333 1296 2498 1337 suam

449 1364 743 1436 exhaurit,
775 1362 1034 1445 quamdin
1066 1364 1210 1424 ullus
1241 1384 1493 1424 nummus
1524 1366 1579 1423 iu
1610 1383 1748 1424 arca
1777 1364 2043 1443 suspiret.

620 1452 726 1512 49.
768 1451 895 1509 Iam
926 1451 1144 1509 erescit
1168 1468 1337 1528 ager.
1393 1450 1545 1509 Intra
1575 1468 1640 1509 se
1668 1449 1972 1527 cogitantis
2001 1446 2181 1508 verba
2206 1446 2417 1508 refert.

621 1538 723 1597 50.
768 1536 970 1594 Donec
1013 1536 1289 1614 deceptus
1330 1544 1396 1593 et
1433 1554 1678 1614 exspes,
1737 1532 1793 1594 id
1849 1544 1974 1607 est,
2025 1532 2209 1593 donee
2251 1530 2502 1612 decepta

449 1621 880 1699 exspectatione
925 1632 987 1679 et
1030 1638 1134 1699 spe
1181 1622 1569 1693 accessionis,
1623 1620 1863 1699 pecunia
1909 1638 2087 1699 usque
2131 1615 2203 1678 ad
2244 1617 2501 1678 ultimum

451 1717 747 1766 consumta
777 1726 1086 1778 nummum,
1128 1706 1183 1763 in
1225 1724 1297 1765 eo
1340 1707 1719 1784 cogitationes
1751 1706 1877 1764 eius
1908 1703 2169 1775 deliciet,
2214 1704 2400 1783 posita
2431 1705 2498 1763 in

452 1792 603 1863 imo,
650 1789 706 1850 id
748 1800 871 1862 est,
917 1794 971 1850 in
1021 1788 1193 1851 fundo
1239 1810 1448 1861 arcae,
1496 1792 1709 1849 frustra
1755 1792 1864 1849 iam
1905 1791 2118 1869 gemitu
2149 1799 2210 1848 et
2236 1790 2502 1868 suspiriis

449 1886 834 1957 prosequente
879 1876 1364 1954 exspectationem
1413 1877 1628 1954 parium
1673 1894 1923 1934 suorum.
1993 1873 2113 1936 Aut
2163 1885 2322 1933 certe
2367 1875 2498 1952 ipse

452 1962 732 2041 suspiret,
777 1961 905 2041 quia
937 1960 1072 2021 nihil
1100 1958 1256 2020 videt
1285 1962 1339 2019 iu
1372 1962 1482 2019 imo
1515 1960 1688 2019 fundo
1718 1979 2082 2019 nummorum.
2140 1957 2268 2019 Non
2311 1961 2500 2019 minus

449 2047 788 2130 τροπικῶς,
828 2056 891 2105 ut
920 2048 1102 2107 tacito
1136 2046 1351 2106 libabit
1375 2065 1593 2125 acerra
1607 2090 1629 2118 ‚
1661 2065 1766 2125 pro
1797 2047 1924 2124 ψει*
1954 2046 2192 2104 tacitus.

624 2135 726 2194 52.
787 2133 864 2190 Si
900 2132 1015 2190 tibi
1054 2141 1347 2192 crateras·
1447 2129 1535 2191 Ad
1595 2131 1832 2191 alteram
1890 2132 2058 2189 animi
2118 2130 2498 2190 infirmitatem

451 2217 690 2289 transit,
722 2227 782 2277 et
811 2217 1143 2295 aggreditur
1172 2236 1307 2288 eos,
1338 2218 1433 2296 qui
1464 2218 1709 2276 inaniter
1736 2226 1869 2274 vota
1900 2216 2158 2286 solvunt,
2189 2213 2499 2275 credentes

450 2298 594 2362 deos
626 2302 694 2361 iis
725 2300 1035 2375 delectari,
1083 2302 1281 2382 quibus
1314 2302 1422 2381 ipsi
1453 2301 1827 2362 delectantur.
1891 2299 1952 2360 Si
1981 2301 2084 2359 tibi
2114 2319 2255 2379 ergo
2286 2320 2504 2380 argeu-

451 2399 549 2448 tea
589 2388 680 2448 vel
727 2407 904 2448 aurea
951 2408 1090 2448 vasa
1135 2386 1453 2460 donavero,
1497 2390 1675 2447 sudes
1718 2384 1961 2466 gaudio,
1993 2398 2052 2446 et
2075 2396 2288 2465 guttas
2315 2406 2502 2446 excu-

454 2475 610 2546 tias,
654 2472 803 2554 qnod
848 2493 952 2534 cor
992 2484 1145 2533 tuum
1186 2473 1315 2532 hine
1356 2475 1433 2532 sit
1479 2474 1706 2533 laetum.
1878 2475 2097 2533 Ineusoe
2142 2484 2328 2531 autem
2361 2471 2505 2532 dicit

451 2559 710 2631 caelata,
741 2556 797 2618 id
828 2569 951 2631 est,
983 2556 1292 2638 producte,
1325 2556 1473 2618 unde
1505 2561 1672 2618 inem
1703 2556 1940 2629 dicitur,
1973 2578 2009 2617 a
2038 2556 2328 2628 eudendo,
2360 2576 2504 2618 cae-

452 2644 606 2715 lum,
652 2645 933 2723 castigata
974 2645 1099 2723 spei
1126 2646 1403 2704 vanitate.
1575 2643 1802 2721 Pingui
1825 2662 1977 2702 auro
1993 2686 2015 2714 ,
2064 2640 2121 2702 id
2152 2654 2242 2702 est
2271 2643 2502 2702 lamina.

452 2729 683 2790 Transit
710 2731 883 2808 igitur
910 2730 1114 2790 iterum
1144 2726 1215 2788 ad
1246 2731 1482 2788 aliorum
1519 2727 1799 2788 hominum
1829 2729 2183 2806 voluptates,
2214 2730 2305 2807 qui
2337 2730 2505 2807 cupi-

455 2813 631 2875 ditate
660 2824 958 2887 tenentos-3
1002 2816 1130 2895 qui,
1172 2815 1219 2873 si
1252 2816 1579 2891 contingat,
1622 2824 1685 2873 ut
1714 2814 1901 2873 subito
1930 2811 2155 2872 divitias
2189 2815 2504 2886 inveniant,

455 2902 646 2962 statim
677 2901 762 2960 eis
793 2902 1036 2960 inventis
1066 2901 1251 2979 potius
1292 2900 1621 2977 fatigantur.

629 2988 733 3048 53.
781 2987 974 3045 Sudes
1012 2995 1076 3046 et
1104 2994 1350 3065 pectore
1397 2985 1586 3045 laevo.
1653 2983 1788 3044 Ideo
1834 2985 2003 3042 laevo
2045 2981 2190 3043 dixit
2224 2993 2501 3062 pectore,

455 3072 586 3154 quia
614 3072 671 3129 in
701 3081 864 3150 parte
895 3073 1125 3131 sinistra
1155 3070 1408 3149 pectoris
1439 3089 1542 3129 cor
1572 3069 1863 3130 habemus.
1938 3068 2013 3128 Ut
2054 3069 2334 3128 luvenalis
2354 3075 2410 3127 ¹:

711 3157 889 3236 culpa
921 3158 1181 3216 docentis
1208 3156 1441 3214 scilibet
1466 3157 1781 3232 arg-vitm,
1829 3156 1987 3233 quod
2028 3156 2200 3213 laeva
2231 3155 2291 3214 in
2313 3164 2506 3233 parte

1558 3242 1855 3300 mamillae
1882 3240 1975 3298 nil
1997 3241 2165 3299 salit.

452 3325 563 3391 Vel
594 3338 754 3388 certe
777 3328 991 3398 laevo,
1024 3324 1333 3386 contrario.

629 3417 730 3476 5⁴.
775 3413 1065 3472 Eas-eutius
1091 3420 1298 3489 guttas
1320 3454 1339 3483 ‚
1386 3419 1483 3470 aut
1510 3407 1769 3481 sudoris,
1805 3420 1903 3469 aut
1930 3410 2305 3469 lacrimarum.
2348 3407 2503 3468 Nam

456 3508 516 3559 et
544 3498 651 3559 hoc
683 3507 873 3578 potest
900 3496 1175 3575 intelligi,
1207 3497 1340 3574 quia
1370 3493 1442 3555 de
1477 3493 1685 3554 sudore
1723 3497 1831 3555 iam
1863 3494 2120 3566 dixerat,
2150 3504 2212 3553 ut
2240 3504 2334 3553 est
2362 3492 2506 3553 illud

455 3584 859 3645 Terentianum
881 3587 938 3642 ²:
968 3583 1279 3642 Lacrimor
1300 3600 1456 3660 prae
1480 3582 1725 3658 gaudio.
1783 3582 2043 3640 Laetori
2058 3580 2503 3660 per-trepidum,

454 3681 691 3750 propter
737 3666 1002 3727 sudorem
1045 3686 1183 3746 prae
1225 3664 1434 3744 gaudio
1478 3676 1668 3725 natum
1715 3677 1834 3726 toto
1875 3685 2121 3745 corpore
2150 3663 2505 3744 trepidabis:

454 3756 545 3817 vel
578 3752 727 3835 quod
755 3752 828 3814 ad
858 3750 1130 3813 laetitiam
1162 3752 1439 3824 festines,
1484 3762 1544 3812 et
1579 3762 1825 3831 pectore
1868 3753 2071 3823 laevo,
2122 3748 2180 3811 id
2211 3762 2302 3810 est
2330 3746 2508 3820 malo,

456 3838 680 3902 sudoris
710 3848 899 3919 guttas
939 3839 1215 3898 excutias.

454 4046 488 4168 ἑ
523 4040 1120 4178 312¹„V;„‡{‚¹¹14.¹12⁵,²},§f¹‘3·11‚
1159 4109 1211 4170 3,
1250 4108 1350 4163 ³52
1393 4109 1500 4169 011,
1539 4108 1780 4160 lacrumo
1798 4107 2026 4174 gaudio.
