<?xml version="1.0" encoding="UTF-8"?>
<!DOCTYPE html PUBLIC "-//W3C//DTD XHTML 1.0 Transitional//EN"
    "http://www.w3.org/TR/xhtml1/DTD/xhtml1-transitional.dtd">
<html xmlns="http://www.w3.org/1999/xhtml" xml:lang="en" lang="en">
 <head>
  <title>
</title>
<meta http-equiv="Content-Type" content="text/html;charset=utf-8" />
  <meta name='ocr-system' content='tesseract 3.04.00' />
  <meta name='ocr-capabilities' content='ocr_page ocr_carea ocr_par ocr_line ocrx_word'/>
</head>
<body>
  <div class='ocr_page' id='page_1' title='image "./satirarumliberc01jahngoog_0041.png"; bbox 0 0 2764 4738; ppageno 0'>
   <div class='ocr_carea' id='block_1_1' title="bbox 575 436 1952 501">
    <p class='ocr_par' dir='ltr' id='par_1_1' title="bbox 575 436 1952 501">
     <span class='ocr_line' id='line_1_1' title="bbox 575 436 1952 501; baseline 0 -1"><span class='ocrx_word' id='word_1_1' title='bbox 575 458 732 500; x_wconf 74' lang='lat' dir='ltr'>xxvi</span> <span class='ocrx_word' id='word_1_2' title='bbox 1218 436 1952 501; x_wconf 78' lang='lat' dir='ltr'>PROLEGOMENA.</span> 
     </span>
    </p>
   </div>
   <div class='ocr_carea' id='block_1_2' title="bbox 569 606 2640 3562">
    <p class='ocr_par' dir='ltr' id='par_1_2' title="bbox 569 606 2640 3562">
     <span class='ocr_line' id='line_1_2' title="bbox 574 606 2639 692; baseline 0.003 -21"><span class='ocrx_word' id='word_1_3' title='bbox 574 617 1008 686; x_wconf 76' lang='lat' dir='ltr'>exercentem,</span> <span class='ocrx_word' id='word_1_4' title='bbox 1054 616 1202 692; x_wconf 85' lang='lat' dir='ltr'>toga</span> <span class='ocrx_word' id='word_1_5' title='bbox 1238 608 1403 673; x_wconf 81' lang='lat' dir='ltr'>virili</span> <span class='ocrx_word' id='word_1_6' title='bbox 1445 621 1640 674; x_wconf 84' lang='lat' dir='ltr'>sumta</span> <span class='ocrx_word' id='word_1_7' title='bbox 1684 610 1946 674; x_wconf 88' lang='lat' dir='ltr'>accessit</span> <span class='ocrx_word' id='word_1_8' title='bbox 1988 606 2283 689; x_wconf 85' lang='lat' dir='ltr'>Persius,</span> <span class='ocrx_word' id='word_1_9' title='bbox 2328 622 2396 676; x_wconf 90' lang='lat' dir='ltr'>et</span> <span class='ocrx_word' id='word_1_10' title='bbox 2455 622 2639 677; x_wconf 89' lang='lat' dir='ltr'>tanto</span> 
     </span>
     <span class='ocr_line' id='line_1_3' title="bbox 575 708 2640 794; baseline 0.001 -18"><span class='ocrx_word' id='word_1_11' title='bbox 575 711 707 776; x_wconf 86' lang='lat' dir='ltr'>eius</span> <span class='ocrx_word' id='word_1_12' title='bbox 746 731 954 776; x_wconf 90' lang='lat' dir='ltr'>amore</span> <span class='ocrx_word' id='word_1_13' title='bbox 998 721 1204 794; x_wconf 86' lang='lat' dir='ltr'>eaptus</span> <span class='ocrx_word' id='word_1_14' title='bbox 1250 722 1384 789; x_wconf 89' lang='lat' dir='ltr'>est,</span> <span class='ocrx_word' id='word_1_15' title='bbox 1429 721 1497 775; x_wconf 89' lang='lat' dir='ltr'>ut</span> <span class='ocrx_word' id='word_1_16' title='bbox 1540 731 1841 794; x_wconf 87' lang='lat' dir='ltr'>nunquam</span> <span class='ocrx_word' id='word_1_17' title='bbox 1887 709 1960 774; x_wconf 90' lang='lat' dir='ltr'>ab</span> <span class='ocrx_word' id='word_1_18' title='bbox 2008 730 2083 774; x_wconf 91' lang='lat' dir='ltr'>eo</span> <span class='ocrx_word' id='word_1_19' title='bbox 2127 708 2522 794; x_wconf 87' lang='lat' dir='ltr'>discederet,</span> <span class='ocrx_word' id='word_1_20' title='bbox 2572 727 2640 780; x_wconf 89' lang='lat' dir='ltr'>et</span> 
     </span>
     <span class='ocr_line' id='line_1_4' title="bbox 570 812 2635 898; baseline 0.001 -19"><span class='ocrx_word' id='word_1_21' title='bbox 570 832 785 879; x_wconf 80' lang='lat' dir='ltr'>verum</span> <span class='ocrx_word' id='word_1_22' title='bbox 830 834 963 878; x_wconf 91' lang='lat' dir='ltr'>cum</span> <span class='ocrx_word' id='word_1_23' title='bbox 1010 834 1086 878; x_wconf 90' lang='lat' dir='ltr'>eo</span> <span class='ocrx_word' id='word_1_24' title='bbox 1132 812 1593 878; x_wconf 88' lang='lat' dir='ltr'>contubernium</span> <span class='ocrx_word' id='word_1_25' title='bbox 1639 824 1876 897; x_wconf 86' lang='lat' dir='ltr'>ageret.</span> <span class='ocrx_word' id='word_1_26' title='bbox 1933 813 2157 898; x_wconf 83' lang='lat' dir='ltr'>Neque</span> <span class='ocrx_word' id='word_1_27' title='bbox 2203 814 2319 879; x_wconf 89' lang='lat' dir='ltr'>hoc</span> <span class='ocrx_word' id='word_1_28' title='bbox 2360 816 2453 880; x_wconf 90' lang='lat' dir='ltr'>ita</span> <span class='ocrx_word' id='word_1_29' title='bbox 2484 838 2635 881; x_wconf 87' lang='lat' dir='ltr'>raro</span> 
     </span>
     <span class='ocr_line' id='line_1_5' title="bbox 573 913 2638 993; baseline 0.002 -14"><span class='ocrx_word' id='word_1_30' title='bbox 573 916 795 979; x_wconf 77' lang='lat' dir='ltr'>sactum</span> <span class='ocrx_word' id='word_1_31' title='bbox 828 927 958 993; x_wconf 89' lang='lat' dir='ltr'>est,</span> <span class='ocrx_word' id='word_1_32' title='bbox 1005 926 1075 980; x_wconf 89' lang='lat' dir='ltr'>ut</span> <span class='ocrx_word' id='word_1_33' title='bbox 1102 913 1518 980; x_wconf 83' lang='lat' dir='ltr'>Romanorum</span> <span class='ocrx_word' id='word_1_34' title='bbox 1556 914 1790 981; x_wconf 88' lang='lat' dir='ltr'>nobiles</span> <span class='ocrx_word' id='word_1_35' title='bbox 1820 916 2078 981; x_wconf 85' lang='lat' dir='ltr'>iuvenes</span> <span class='ocrx_word' id='word_1_36' title='bbox 2111 916 2429 981; x_wconf 88' lang='lat' dir='ltr'>doctorum</span> <span class='ocrx_word' id='word_1_37' title='bbox 2461 920 2638 984; x_wconf 79' lang='lat' dir='ltr'>viro-</span> 
     </span>
     <span class='ocr_line' id='line_1_6' title="bbox 569 1017 2636 1102; baseline 0.001 -20"><span class='ocrx_word' id='word_1_38' title='bbox 569 1038 701 1082; x_wconf 84' lang='lat' dir='ltr'>rem</span> <span class='ocrx_word' id='word_1_39' title='bbox 764 1018 1087 1083; x_wconf 80' lang='lat' dir='ltr'><strong>amicitiam</strong></span> <span class='ocrx_word' id='word_1_40' title='bbox 1131 1029 1197 1084; x_wconf 87' lang='lat' dir='ltr'>et</span> <span class='ocrx_word' id='word_1_41' title='bbox 1242 1017 1744 1082; x_wconf 84' lang='lat' dir='ltr'>consuetudinem</span> <span class='ocrx_word' id='word_1_42' title='bbox 1794 1029 2198 1102; x_wconf 76' lang='lat' dir='ltr'>quaererent,</span> <span class='ocrx_word' id='word_1_43' title='bbox 2248 1041 2358 1085; x_wconf 91' lang='lat' dir='ltr'>eos</span> <span class='ocrx_word' id='word_1_44' title='bbox 2405 1021 2475 1084; x_wconf 91' lang='lat' dir='ltr'>in</span> <span class='ocrx_word' id='word_1_45' title='bbox 2524 1021 2636 1086; x_wconf 88' lang='lat' dir='ltr'>do·</span> 
     </span>
     <span class='ocr_line' id='line_1_7' title="bbox 572 1120 2633 1206; baseline 0.002 -23"><span class='ocrx_word' id='word_1_46' title='bbox 572 1141 730 1184; x_wconf 90' lang='lat' dir='ltr'>mum</span> <span class='ocrx_word' id='word_1_47' title='bbox 776 1120 1163 1206; x_wconf 84' lang='lat' dir='ltr'>reciperent,</span> <span class='ocrx_word' id='word_1_48' title='bbox 1222 1140 1429 1186; x_wconf 82' lang='lat' dir='ltr'>secum</span> <span class='ocrx_word' id='word_1_49' title='bbox 1489 1120 1820 1199; x_wconf 78' lang='lat' dir='ltr'>ducerent,</span> <span class='ocrx_word' id='word_1_50' title='bbox 1869 1131 2055 1184; x_wconf 90' lang='lat' dir='ltr'>totam</span> <span class='ocrx_word' id='word_1_51' title='bbox 2118 1120 2376 1205; x_wconf 90' lang='lat' dir='ltr'>denique</span> <span class='ocrx_word' id='word_1_52' title='bbox 2434 1124 2633 1188; x_wconf 82' lang='lat' dir='ltr'>vitam</span> 
     </span>
     <span class='ocr_line' id='line_1_8' title="bbox 572 1220 2628 1307; baseline 0.002 -23"><span class='ocrx_word' id='word_1_53' title='bbox 572 1242 704 1285; x_wconf 87' lang='lat' dir='ltr'>cum</span> <span class='ocrx_word' id='word_1_54' title='bbox 748 1222 823 1286; x_wconf 85' lang='lat' dir='ltr'>iis</span> <span class='ocrx_word' id='word_1_55' title='bbox 864 1225 1237 1307; x_wconf 76' lang='lat' dir='ltr'>partirentur</span> <span class='ocrx_word' id='word_1_56' title='bbox 1277 1226 1370 1305; x_wconf 88' lang='lat' dir='ltr'>(v.</span> <span class='ocrx_word' id='word_1_57' title='bbox 1408 1220 1587 1287; x_wconf 89' lang='lat' dir='ltr'>Suet.</span> <span class='ocrx_word' id='word_1_58' title='bbox 1632 1244 1887 1306; x_wconf 80' lang='lat' dir='ltr'>gramm.</span> <span class='ocrx_word' id='word_1_59' title='bbox 1920 1221 1986 1285; x_wconf 90' lang='lat'>7.</span> <span class='ocrx_word' id='word_1_60' title='bbox 2032 1222 2221 1288; x_wconf 88' lang='lat' dir='ltr'>rbett.</span> <span class='ocrx_word' id='word_1_61' title='bbox 2257 1221 2323 1287; x_wconf 90' lang='grc'>6.</span> <span class='ocrx_word' id='word_1_62' title='bbox 2385 1222 2628 1290; x_wconf 87' lang='lat' dir='ltr'>Lehrs.</span> 
     </span>
     <span class='ocr_line' id='line_1_9' title="bbox 575 1323 2634 1413; baseline 0.003 -28"><span class='ocrx_word' id='word_1_63' title='bbox 575 1324 649 1386; x_wconf 84' lang='lat' dir='ltr'>de</span> <span class='ocrx_word' id='word_1_64' title='bbox 698 1324 891 1387; x_wconf 86' lang='lat' dir='ltr'>Arist.</span> <span class='ocrx_word' id='word_1_65' title='bbox 941 1327 1102 1390; x_wconf 88' lang='lat' dir='ltr'>stud.</span> <span class='ocrx_word' id='word_1_66' title='bbox 1155 1324 1334 1389; x_wconf 86' lang='lat' dir='ltr'>Hom.</span> <span class='ocrx_word' id='word_1_67' title='bbox 1378 1347 1439 1408; x_wconf 92' lang='lat' dir='ltr'>p.</span> <span class='ocrx_word' id='word_1_68' title='bbox 1477 1323 1559 1389; x_wconf 87' lang='lat'>16</span> <span class='ocrx_word' id='word_1_69' title='bbox 1588 1326 1738 1411; x_wconf 90' lang='lat' dir='ltr'>sq.).</span> <span class='ocrx_word' id='word_1_70' title='bbox 1796 1323 2048 1390; x_wconf 87' lang='lat' dir='ltr'>Persius</span> <span class='ocrx_word' id='word_1_71' title='bbox 2080 1326 2306 1390; x_wconf 88' lang='lat' dir='ltr'>amoris</span> <span class='ocrx_word' id='word_1_72' title='bbox 2336 1327 2433 1390; x_wconf 89' lang='lat' dir='ltr'>sui</span> <span class='ocrx_word' id='word_1_73' title='bbox 2477 1349 2634 1413; x_wconf 83' lang='lat' dir='ltr'>erga</span> 
     </span>
     <span class='ocr_line' id='line_1_10' title="bbox 570 1427 2630 1511; baseline 0.001 -21"><span class='ocrx_word' id='word_1_74' title='bbox 570 1427 924 1511; x_wconf 86' lang='lat' dir='ltr'>magistrum</span> <span class='ocrx_word' id='word_1_75' title='bbox 979 1437 1432 1492; x_wconf 87' lang='lat' dir='ltr'>monumentum</span> <span class='ocrx_word' id='word_1_76' title='bbox 1487 1438 1737 1492; x_wconf 83' lang='lat' dir='ltr'>exstare</span> <span class='ocrx_word' id='word_1_77' title='bbox 1783 1428 1973 1494; x_wconf 82' lang='lat' dir='ltr'>voluit</span> <span class='ocrx_word' id='word_1_78' title='bbox 2015 1429 2263 1493; x_wconf 86' lang='lat' dir='ltr'>satiram</span> <span class='ocrx_word' id='word_1_79' title='bbox 2322 1428 2630 1510; x_wconf 88' lang='lat' dir='ltr'>quintam,</span> 
     </span>
     <span class='ocr_line' id='line_1_11' title="bbox 571 1527 2630 1612; baseline 0.002 -22"><span class='ocrx_word' id='word_1_80' title='bbox 571 1527 632 1590; x_wconf 89' lang='lat' dir='ltr'>in</span> <span class='ocrx_word' id='word_1_81' title='bbox 666 1549 784 1611; x_wconf 86' lang='lat' dir='ltr'>qna</span> <span class='ocrx_word' id='word_1_82' title='bbox 825 1550 997 1612; x_wconf 89' lang='lat' dir='ltr'>quam</span> <span class='ocrx_word' id='word_1_83' title='bbox 1042 1529 1304 1593; x_wconf 87' lang='lat' dir='ltr'>sollicita</span> <span class='ocrx_word' id='word_1_84' title='bbox 1345 1549 1493 1594; x_wconf 89' lang='lat' dir='ltr'>cura</span> <span class='ocrx_word' id='word_1_85' title='bbox 1539 1527 1850 1596; x_wconf 88' lang='lat' dir='ltr'>Cornutus</span> <span class='ocrx_word' id='word_1_86' title='bbox 1893 1532 2158 1594; x_wconf 91' lang='lat' dir='ltr'>animum</span> <span class='ocrx_word' id='word_1_87' title='bbox 2203 1540 2383 1611; x_wconf 84' lang='lat' dir='ltr'>atque</span> <span class='ocrx_word' id='word_1_88' title='bbox 2417 1550 2630 1594; x_wconf 88' lang='lat' dir='ltr'>mores</span> 
     </span>
     <span class='ocr_line' id='line_1_12' title="bbox 571 1630 2630 1718; baseline 0.001 -25"><span class='ocrx_word' id='word_1_89' title='bbox 571 1630 985 1717; x_wconf 79' lang='lat' dir='ltr'>philosophiae</span> <span class='ocrx_word' id='word_1_90' title='bbox 1017 1633 1359 1717; x_wconf 81' lang='lat' dir='ltr'>praeceptis</span> <span class='ocrx_word' id='word_1_91' title='bbox 1391 1635 1721 1713; x_wconf 87' lang='lat' dir='ltr'>excolere,</span> <span class='ocrx_word' id='word_1_92' title='bbox 1767 1632 2078 1718; x_wconf 86' lang='lat' dir='ltr'>ingenium</span> <span class='ocrx_word' id='word_1_93' title='bbox 2120 1641 2407 1697; x_wconf 87' lang='lat' dir='ltr'>accurata</span> <span class='ocrx_word' id='word_1_94' title='bbox 2444 1653 2630 1696; x_wconf 88' lang='lat' dir='ltr'>sana-</span> 
     </span>
     <span class='ocr_line' id='line_1_13' title="bbox 573 1733 2628 1821; baseline 0.001 -26"><span class='ocrx_word' id='word_1_95' title='bbox 573 1752 688 1818; x_wconf 88' lang='lat' dir='ltr'>que</span> <span class='ocrx_word' id='word_1_96' title='bbox 720 1733 1036 1818; x_wconf 80' lang='lat' dir='ltr'>disciplina</span> <span class='ocrx_word' id='word_1_97' title='bbox 1066 1734 1310 1798; x_wconf 89' lang='lat' dir='ltr'>erudire</span> <span class='ocrx_word' id='word_1_98' title='bbox 1342 1746 1523 1820; x_wconf 86' lang='lat' dir='ltr'>atque</span> <span class='ocrx_word' id='word_1_99' title='bbox 1555 1736 1860 1821; x_wconf 87' lang='lat' dir='ltr'>castigare</span> <span class='ocrx_word' id='word_1_100' title='bbox 1897 1733 2200 1800; x_wconf 87' lang='lat' dir='ltr'>studuerit</span> <span class='ocrx_word' id='word_1_101' title='bbox 2221 1781 2239 1813; x_wconf 92' lang='lat'>,</span> <span class='ocrx_word' id='word_1_102' title='bbox 2286 1743 2466 1818; x_wconf 84' lang='lat' dir='ltr'>grato</span> <span class='ocrx_word' id='word_1_103' title='bbox 2498 1735 2628 1819; x_wconf 87' lang='lat' dir='ltr'>pio-</span> 
     </span>
     <span class='ocr_line' id='line_1_14' title="bbox 572 1837 2629 1923; baseline 0 -23"><span class='ocrx_word' id='word_1_104' title='bbox 572 1857 689 1919; x_wconf 91' lang='lat' dir='ltr'>que</span> <span class='ocrx_word' id='word_1_105' title='bbox 733 1837 933 1899; x_wconf 89' lang='lat' dir='ltr'>animo</span> <span class='ocrx_word' id='word_1_106' title='bbox 978 1837 1374 1917; x_wconf 79' lang='lat' dir='ltr'>recordatur,</span> <span class='ocrx_word' id='word_1_107' title='bbox 1424 1849 1486 1903; x_wconf 88' lang='lat' dir='ltr'>et</span> <span class='ocrx_word' id='word_1_108' title='bbox 1531 1850 1750 1923; x_wconf 90' lang='lat' dir='ltr'>quanta</span> <span class='ocrx_word' id='word_1_109' title='bbox 1797 1839 1877 1902; x_wconf 90' lang='lat' dir='ltr'>sit</span> <span class='ocrx_word' id='word_1_110' title='bbox 1917 1838 2080 1901; x_wconf 89' lang='lat' dir='ltr'>inter</span> <span class='ocrx_word' id='word_1_111' title='bbox 2121 1848 2441 1920; x_wconf 89' lang='lat' dir='ltr'>utrumque</span> <span class='ocrx_word' id='word_1_112' title='bbox 2476 1858 2629 1901; x_wconf 90' lang='lat' dir='ltr'>cou-</span> 
     </span>
     <span class='ocr_line' id='line_1_15' title="bbox 571 1938 2618 2025; baseline -0 -22"><span class='ocrx_word' id='word_1_113' title='bbox 571 1938 817 2019; x_wconf 88' lang='lat' dir='ltr'>cordia,</span> <span class='ocrx_word' id='word_1_114' title='bbox 864 1950 1089 2022; x_wconf 88' lang='lat' dir='ltr'>quanto</span> <span class='ocrx_word' id='word_1_115' title='bbox 1133 1961 1201 2005; x_wconf 88' lang='lat' dir='ltr'>se</span> <span class='ocrx_word' id='word_1_116' title='bbox 1247 1942 1690 2025; x_wconf 81' lang='lat' dir='ltr'>amplectantur</span> <span class='ocrx_word' id='word_1_117' title='bbox 1743 1960 1952 2004; x_wconf 86' lang='lat' dir='ltr'>amore</span> <span class='ocrx_word' id='word_1_118' title='bbox 2010 1939 2260 2024; x_wconf 86' lang='lat' dir='ltr'>egregie</span> <span class='ocrx_word' id='word_1_119' title='bbox 2320 1939 2618 2024; x_wconf 83' lang='lat' dir='ltr'>depingit.</span> 
     </span>
     <span class='ocr_line' id='line_1_16' title="bbox 569 2039 2624 2124; baseline 0.002 -22"><span class='ocrx_word' id='word_1_120' title='bbox 569 2039 774 2124; x_wconf 86' lang='lat' dir='ltr'>Atque</span> <span class='ocrx_word' id='word_1_121' title='bbox 820 2041 993 2106; x_wconf 90' lang='lat' dir='ltr'>huius</span> <span class='ocrx_word' id='word_1_122' title='bbox 1042 2043 1313 2108; x_wconf 87' lang='lat' dir='ltr'>caritatis</span> <span class='ocrx_word' id='word_1_123' title='bbox 1365 2044 1634 2108; x_wconf 84' lang='lat' dir='ltr'>moriens</span> <span class='ocrx_word' id='word_1_124' title='bbox 1688 2041 2096 2107; x_wconf 85' lang='lat' dir='ltr'>testimonium</span> <span class='ocrx_word' id='word_1_125' title='bbox 2151 2042 2436 2124; x_wconf 90' lang='lat' dir='ltr'>reliquit,</span> <span class='ocrx_word' id='word_1_126' title='bbox 2486 2064 2624 2106; x_wconf 88' lang='lat' dir='ltr'>cum</span> 
     </span>
     <span class='ocr_line' id='line_1_17' title="bbox 570 2141 2626 2228; baseline 0 -21"><span class='ocrx_word' id='word_1_127' title='bbox 570 2164 683 2228; x_wconf 91' lang='lat' dir='ltr'>per</span> <span class='ocrx_word' id='word_1_128' title='bbox 721 2145 1035 2210; x_wconf 83' lang='lat' dir='ltr'>codicillos</span> <span class='ocrx_word' id='word_1_129' title='bbox 1078 2147 1155 2210; x_wconf 89' lang='lat' dir='ltr'>ad</span> <span class='ocrx_word' id='word_1_130' title='bbox 1195 2157 1449 2211; x_wconf 88' lang='lat' dir='ltr'>matrem</span> <span class='ocrx_word' id='word_1_131' title='bbox 1496 2147 1667 2210; x_wconf 88' lang='lat' dir='ltr'>datos</span> <span class='ocrx_word' id='word_1_132' title='bbox 1714 2141 1990 2208; x_wconf 83' lang='lat' dir='ltr'>Cornuto</span> <span class='ocrx_word' id='word_1_133' title='bbox 2032 2163 2271 2207; x_wconf 88' lang='lat' dir='ltr'>omnem</span> <span class='ocrx_word' id='word_1_134' title='bbox 2301 2141 2626 2208; x_wconf 89' lang='lat' dir='ltr'>bibliothe-</span> 
     </span>
     <span class='ocr_line' id='line_1_18' title="bbox 572 2244 2622 2334; baseline 0 -23"><span class='ocrx_word' id='word_1_135' title='bbox 572 2267 704 2311; x_wconf 89' lang='lat' dir='ltr'>cam</span> <span class='ocrx_word' id='word_1_136' title='bbox 738 2257 800 2311; x_wconf 90' lang='lat' dir='ltr'>et</span> <span class='ocrx_word' id='word_1_137' title='bbox 829 2248 1143 2331; x_wconf 88' lang='lat' dir='ltr'>pecuniam</span> <span class='ocrx_word' id='word_1_138' title='bbox 1175 2250 1333 2315; x_wconf 87' lang='lat' dir='ltr'>haud</span> <span class='ocrx_word' id='word_1_139' title='bbox 1364 2270 1613 2334; x_wconf 83' lang='lat' dir='ltr'>parvam</span> <span class='ocrx_word' id='word_1_140' title='bbox 1642 2248 2038 2330; x_wconf 88' lang='lat' dir='ltr'>relinqueret.</span> <span class='ocrx_word' id='word_1_141' title='bbox 2092 2244 2315 2329; x_wconf 88' lang='lat' dir='ltr'>Neque</span> <span class='ocrx_word' id='word_1_142' title='bbox 2345 2246 2450 2311; x_wconf 87' lang='lat' dir='ltr'>ille</span> <span class='ocrx_word' id='word_1_143' title='bbox 2483 2267 2519 2310; x_wconf 89' lang='lat' dir='ltr'>a</span> <span class='ocrx_word' id='word_1_144' title='bbox 2552 2268 2622 2311; x_wconf 90' lang='lat' dir='ltr'>se</span> 
     </span>
     <span class='ocr_line' id='line_1_19' title="bbox 574 2347 2624 2436; baseline 0 -23"><span class='ocrx_word' id='word_1_145' title='bbox 574 2347 1010 2435; x_wconf 82' lang='lat' dir='ltr'>degeneravit,</span> <span class='ocrx_word' id='word_1_146' title='bbox 1060 2373 1199 2416; x_wconf 87' lang='lat' dir='ltr'>nam</span> <span class='ocrx_word' id='word_1_147' title='bbox 1239 2351 1429 2417; x_wconf 88' lang='lat' dir='ltr'>libros</span> <span class='ocrx_word' id='word_1_148' title='bbox 1473 2351 1710 2436; x_wconf 91' lang='lat' dir='ltr'>quidem</span> <span class='ocrx_word' id='word_1_149' title='bbox 1751 2350 2022 2434; x_wconf 89' lang='lat' dir='ltr'>recepit,</span> <span class='ocrx_word' id='word_1_150' title='bbox 2071 2349 2388 2435; x_wconf 88' lang='lat' dir='ltr'>pecuniam</span> <span class='ocrx_word' id='word_1_151' title='bbox 2419 2360 2624 2415; x_wconf 87' lang='lat' dir='ltr'>autem</span> 
     </span>
     <span class='ocr_line' id='line_1_20' title="bbox 571 2452 2624 2539; baseline 0 -23"><span class='ocrx_word' id='word_1_152' title='bbox 571 2472 639 2516; x_wconf 88' lang='lat' dir='ltr'>se</span> <span class='ocrx_word' id='word_1_153' title='bbox 668 2463 1057 2536; x_wconf 88' lang='lat' dir='ltr'>accepturum</span> <span class='ocrx_word' id='word_1_154' title='bbox 1088 2456 1337 2539; x_wconf 86' lang='lat' dir='ltr'>negavit</span> <span class='ocrx_word' id='word_1_155' title='bbox 1378 2463 1424 2518; x_wconf 84' lang='lat'>¹.</span> <span class='ocrx_word' id='word_1_156' title='bbox 1487 2452 1767 2537; x_wconf 85' lang='lat' dir='ltr'>Denique</span> <span class='ocrx_word' id='word_1_157' title='bbox 1814 2473 1885 2517; x_wconf 87' lang='lat' dir='ltr'>ea</span> <span class='ocrx_word' id='word_1_158' title='bbox 1914 2473 1984 2517; x_wconf 91' lang='lat' dir='ltr'>re</span> <span class='ocrx_word' id='word_1_159' title='bbox 2016 2474 2283 2516; x_wconf 88' lang='lat' dir='ltr'>amorem</span> <span class='ocrx_word' id='word_1_160' title='bbox 2316 2473 2466 2537; x_wconf 87' lang='lat' dir='ltr'>erga</span> <span class='ocrx_word' id='word_1_161' title='bbox 2499 2453 2624 2517; x_wconf 90' lang='lat' dir='ltr'>dis-</span> 
     </span>
     <span class='ocr_line' id='line_1_21' title="bbox 574 2555 2622 2641; baseline 0 -23"><span class='ocrx_word' id='word_1_162' title='bbox 574 2555 830 2640; x_wconf 90' lang='lat' dir='ltr'>cipulum</span> <span class='ocrx_word' id='word_1_163' title='bbox 887 2566 1148 2621; x_wconf 87' lang='lat' dir='ltr'>testatus</span> <span class='ocrx_word' id='word_1_164' title='bbox 1212 2566 1343 2633; x_wconf 90' lang='lat' dir='ltr'>est,</span> <span class='ocrx_word' id='word_1_165' title='bbox 1396 2558 1552 2641; x_wconf 90' lang='lat' dir='ltr'>quod</span> <span class='ocrx_word' id='word_1_166' title='bbox 1613 2577 1736 2619; x_wconf 92' lang='lat' dir='ltr'>non</span> <span class='ocrx_word' id='word_1_167' title='bbox 1798 2555 1991 2619; x_wconf 90' lang='lat' dir='ltr'>solum</span> <span class='ocrx_word' id='word_1_168' title='bbox 2038 2555 2358 2619; x_wconf 88' lang='lat' dir='ltr'>satirarum</span> <span class='ocrx_word' id='word_1_169' title='bbox 2407 2556 2622 2618; x_wconf 90' lang='lat' dir='ltr'>librum</span> 
     </span>
     <span class='ocr_line' id='line_1_22' title="bbox 571 2657 2622 2741; baseline -0 -20"><span class='ocrx_word' id='word_1_170' title='bbox 571 2667 892 2741; x_wconf 87' lang='lat' dir='ltr'>autequam</span> <span class='ocrx_word' id='word_1_171' title='bbox 963 2659 1253 2725; x_wconf 86' lang='lat' dir='ltr'>ederetur</span> <span class='ocrx_word' id='word_1_172' title='bbox 1306 2659 1701 2735; x_wconf 86' lang='lat' dir='ltr'>retractavit,</span> <span class='ocrx_word' id='word_1_173' title='bbox 1773 2659 1884 2724; x_wconf 85' lang='lat' dir='ltr'>sed</span> <span class='ocrx_word' id='word_1_174' title='bbox 1940 2658 2118 2722; x_wconf 80' lang='lat' dir='ltr'>matri</span> <span class='ocrx_word' id='word_1_175' title='bbox 2178 2658 2357 2721; x_wconf 84' lang='lat' dir='ltr'>etiam</span> <span class='ocrx_word' id='word_1_176' title='bbox 2419 2657 2622 2721; x_wconf 87' lang='lat' dir='ltr'>consi-</span> 
     </span>
     <span class='ocr_line' id='line_1_23' title="bbox 570 2758 2622 2844; baseline 0 -21"><span class='ocrx_word' id='word_1_177' title='bbox 570 2758 715 2823; x_wconf 93' lang='lat' dir='ltr'>lium</span> <span class='ocrx_word' id='word_1_178' title='bbox 749 2761 918 2825; x_wconf 90' lang='lat' dir='ltr'>dedit</span> <span class='ocrx_word' id='word_1_179' title='bbox 959 2761 1158 2826; x_wconf 87' lang='lat' dir='ltr'>omnia</span> <span class='ocrx_word' id='word_1_180' title='bbox 1209 2781 1317 2842; x_wconf 90' lang='lat' dir='ltr'>ea,</span> <span class='ocrx_word' id='word_1_181' title='bbox 1368 2783 1520 2844; x_wconf 88' lang='lat' dir='ltr'>quae</span> <span class='ocrx_word' id='word_1_182' title='bbox 1549 2760 1805 2826; x_wconf 90' lang='lat' dir='ltr'>Persius</span> <span class='ocrx_word' id='word_1_183' title='bbox 1836 2761 2091 2844; x_wconf 87' lang='lat' dir='ltr'>puerilia</span> <span class='ocrx_word' id='word_1_184' title='bbox 2122 2771 2299 2844; x_wconf 87' lang='lat' dir='ltr'>atque</span> <span class='ocrx_word' id='word_1_185' title='bbox 2330 2759 2622 2825; x_wconf 82' lang='lat' dir='ltr'>iuvenilia</span> 
     </span>
     <span class='ocr_line' id='line_1_24' title="bbox 571 2861 2623 2948; baseline -0.002 -19"><span class='ocrx_word' id='word_1_186' title='bbox 571 2864 943 2948; x_wconf 75' lang='lat' dir='ltr'>scripserat,</span> <span class='ocrx_word' id='word_1_187' title='bbox 1009 2864 1274 2930; x_wconf 87' lang='lat' dir='ltr'>delendi.</span> <span class='ocrx_word' id='word_1_188' title='bbox 1352 2862 1529 2948; x_wconf 84' lang='lat' dir='ltr'>Quae</span> <span class='ocrx_word' id='word_1_189' title='bbox 1571 2886 1711 2942; x_wconf 76' lang='lat' dir='ltr'>reS,</span> <span class='ocrx_word' id='word_1_190' title='bbox 1758 2864 1812 2928; x_wconf 90' lang='lat' dir='ltr'>si</span> <span class='ocrx_word' id='word_1_191' title='bbox 1856 2884 2009 2945; x_wconf 90' lang='lat' dir='ltr'>quae</span> <span class='ocrx_word' id='word_1_192' title='bbox 2054 2862 2211 2940; x_wconf 87' lang='lat' dir='ltr'>alia,</span> <span class='ocrx_word' id='word_1_193' title='bbox 2261 2861 2525 2926; x_wconf 90' lang='lat' dir='ltr'>sobrium</span> <span class='ocrx_word' id='word_1_194' title='bbox 2557 2872 2623 2925; x_wconf 89' lang='lat' dir='ltr'>et</span> 
     </span>
     <span class='ocr_line' id='line_1_25' title="bbox 571 2962 2621 3049; baseline -0.001 -19"><span class='ocrx_word' id='word_1_195' title='bbox 571 2986 853 3031; x_wconf 88' lang='lat' dir='ltr'>severum</span> <span class='ocrx_word' id='word_1_196' title='bbox 884 2967 1167 3032; x_wconf 88' lang='lat' dir='ltr'>iudicium</span> <span class='ocrx_word' id='word_1_197' title='bbox 1201 2968 1615 3045; x_wconf 87' lang='lat' dir='ltr'>demonstrat,</span> <span class='ocrx_word' id='word_1_198' title='bbox 1663 2988 1780 3049; x_wconf 91' lang='lat' dir='ltr'>quo</span> <span class='ocrx_word' id='word_1_199' title='bbox 1823 2962 2024 3029; x_wconf 89' lang='lat' dir='ltr'>Persii</span> <span class='ocrx_word' id='word_1_200' title='bbox 2056 2965 2252 3029; x_wconf 87' lang='lat' dir='ltr'>studia</span> <span class='ocrx_word' id='word_1_201' title='bbox 2283 2964 2523 3030; x_wconf 84' lang='lat' dir='ltr'>rexisse</span> <span class='ocrx_word' id='word_1_202' title='bbox 2557 2974 2621 3028; x_wconf 85' lang='lat' dir='ltr'>et</span> 
     </span>
     <span class='ocr_line' id='line_1_26' title="bbox 571 3064 2617 3153; baseline -0.001 -20"><span class='ocrx_word' id='word_1_203' title='bbox 571 3069 926 3134; x_wconf 80' lang='lat' dir='ltr'>aestimasse</span> <span class='ocrx_word' id='word_1_204' title='bbox 973 3069 1248 3151; x_wconf 82' lang='lat' dir='ltr'>videtur3</span> <span class='ocrx_word' id='word_1_205' title='bbox 1296 3080 1578 3153; x_wconf 88' lang='lat' dir='ltr'>quantam</span> <span class='ocrx_word' id='word_1_206' title='bbox 1621 3089 1771 3132; x_wconf 88' lang='lat' dir='ltr'>vero</span> <span class='ocrx_word' id='word_1_207' title='bbox 1826 3067 1945 3131; x_wconf 89' lang='lat' dir='ltr'>vim</span> <span class='ocrx_word' id='word_1_208' title='bbox 1978 3064 2185 3131; x_wconf 87' lang='lat' dir='ltr'>Stoica</span> <span class='ocrx_word' id='word_1_209' title='bbox 2217 3065 2617 3152; x_wconf 85' lang='lat' dir='ltr'>philosophia,</span> 
     </span>
     <span class='ocr_line' id='line_1_27' title="bbox 573 3168 2620 3254; baseline -0.002 -20"><span class='ocrx_word' id='word_1_210' title='bbox 573 3193 688 3254; x_wconf 91' lang='lat' dir='ltr'>qua</span> <span class='ocrx_word' id='word_1_211' title='bbox 721 3192 855 3236; x_wconf 88' lang='lat' dir='ltr'>eum</span> <span class='ocrx_word' id='word_1_212' title='bbox 886 3171 1134 3251; x_wconf 87' lang='lat' dir='ltr'>imbuit,</span> <span class='ocrx_word' id='word_1_213' title='bbox 1183 3173 1245 3236; x_wconf 90' lang='lat' dir='ltr'>in</span> <span class='ocrx_word' id='word_1_214' title='bbox 1274 3168 1478 3235; x_wconf 90' lang='lat' dir='ltr'>Persii</span> <span class='ocrx_word' id='word_1_215' title='bbox 1507 3171 1770 3235; x_wconf 86' lang='lat' dir='ltr'>animum</span> <span class='ocrx_word' id='word_1_216' title='bbox 1800 3181 1979 3253; x_wconf 87' lang='lat' dir='ltr'>atque</span> <span class='ocrx_word' id='word_1_217' title='bbox 2016 3178 2292 3253; x_wconf 85' lang='lat' dir='ltr'>poemata</span> <span class='ocrx_word' id='word_1_218' title='bbox 2322 3186 2620 3231; x_wconf 76' lang='lat' dir='ltr'>exercue-</span> 
     </span>
     <span class='ocr_line' id='line_1_28' title="bbox 572 3269 2619 3357; baseline -0.002 -19"><span class='ocrx_word' id='word_1_219' title='bbox 572 3274 687 3354; x_wconf 83' lang='lat' dir='ltr'>rit,</span> <span class='ocrx_word' id='word_1_220' title='bbox 734 3276 835 3339; x_wconf 87' lang='lat' dir='ltr'>vel</span> <span class='ocrx_word' id='word_1_221' title='bbox 875 3275 1098 3340; x_wconf 86' lang='lat' dir='ltr'>leviter</span> <span class='ocrx_word' id='word_1_222' title='bbox 1141 3272 1512 3338; x_wconf 81' lang='lat' dir='ltr'>intuentibus</span> <span class='ocrx_word' id='word_1_223' title='bbox 1559 3283 1761 3357; x_wconf 87' lang='lat' dir='ltr'>patet,</span> <span class='ocrx_word' id='word_1_224' title='bbox 1823 3293 1954 3337; x_wconf 87' lang='lat' dir='ltr'>cum</span> <span class='ocrx_word' id='word_1_225' title='bbox 1998 3292 2121 3335; x_wconf 92' lang='lat' dir='ltr'>non</span> <span class='ocrx_word' id='word_1_226' title='bbox 2168 3271 2346 3335; x_wconf 91' lang='lat' dir='ltr'>modo</span> <span class='ocrx_word' id='word_1_227' title='bbox 2391 3269 2619 3335; x_wconf 85' lang='lat' dir='ltr'>satirae</span> 
     </span>
     <span class='ocr_line' id='line_1_29' title="bbox 570 3371 2618 3462; baseline -0.002 -23"><span class='ocrx_word' id='word_1_228' title='bbox 570 3377 702 3440; x_wconf 89' lang='lat' dir='ltr'>eins</span> <span class='ocrx_word' id='word_1_229' title='bbox 733 3378 1055 3442; x_wconf 71' lang='lat' dir='ltr'>maximam</span> <span class='ocrx_word' id='word_1_230' title='bbox 1086 3377 1412 3462; x_wconf 82' lang='lat' dir='ltr'>partemin</span> <span class='ocrx_word' id='word_1_231' title='bbox 1445 3397 1520 3441; x_wconf 88' lang='lat' dir='ltr'>eo</span> <span class='ocrx_word' id='word_1_232' title='bbox 1561 3385 1923 3453; x_wconf 81' lang='lat' dir='ltr'>versentur,</span> <span class='ocrx_word' id='word_1_233' title='bbox 1970 3384 2038 3438; x_wconf 89' lang='lat' dir='ltr'>ut</span> <span class='ocrx_word' id='word_1_234' title='bbox 2079 3371 2292 3438; x_wconf 86' lang='lat' dir='ltr'>Stoica</span> <span class='ocrx_word' id='word_1_235' title='bbox 2338 3372 2618 3456; x_wconf 85' lang='lat' dir='ltr'>dogmata</span> 
     </span>
     <span class='ocr_line' id='line_1_30' title="bbox 573 3474 2618 3562; baseline -0.003 -19"><span class='ocrx_word' id='word_1_236' title='bbox 573 3479 921 3562; x_wconf 83' lang='lat' dir='ltr'>explicent,</span> <span class='ocrx_word' id='word_1_237' title='bbox 979 3499 1193 3546; x_wconf 81' lang='lat' dir='ltr'>verum</span> <span class='ocrx_word' id='word_1_238' title='bbox 1252 3479 1436 3544; x_wconf 88' lang='lat' dir='ltr'>etiam</span> <span class='ocrx_word' id='word_1_239' title='bbox 1479 3489 1609 3543; x_wconf 87' lang='lat' dir='ltr'>tota</span> <span class='ocrx_word' id='word_1_240' title='bbox 1656 3478 1786 3543; x_wconf 89' lang='lat' dir='ltr'>eius</span> <span class='ocrx_word' id='word_1_241' title='bbox 1835 3475 2196 3542; x_wconf 87' lang='lat' dir='ltr'>aestimaudi</span> <span class='ocrx_word' id='word_1_242' title='bbox 2242 3485 2423 3558; x_wconf 86' lang='lat' dir='ltr'>atque</span> <span class='ocrx_word' id='word_1_243' title='bbox 2467 3474 2618 3537; x_wconf 90' lang='lat' dir='ltr'>scri-</span> 
     </span>
    </p>
   </div>
   <div class='ocr_carea' id='block_1_3' title="bbox 578 3662 2619 4218">
    <p class='ocr_par' dir='ltr' id='par_1_3' title="bbox 640 3662 2619 4009">
     <span class='ocr_line' id='line_1_31' title="bbox 640 3662 2616 3735; baseline -0.002 -19"><span class='ocrx_word' id='word_1_244' title='bbox 640 3666 790 3733; x_wconf 75' lang='lat' dir='ltr'>modo</span> <span class='ocrx_word' id='word_1_245' title='bbox 824 3667 1103 3734; x_wconf 81' lang='lat' dir='ltr'>impostura</span> <span class='ocrx_word' id='word_1_246' title='bbox 1137 3668 1496 3721; x_wconf 72' lang='lat' dir='ltr'>confutabitur</span> <span class='ocrx_word' id='word_1_247' title='bbox 1530 3675 1741 3735; x_wconf 86' lang='lat' dir='ltr'>aperte,</span> <span class='ocrx_word' id='word_1_248' title='bbox 1792 3666 1884 3718; x_wconf 88' lang='lat' dir='ltr'>sed</span> <span class='ocrx_word' id='word_1_249' title='bbox 1920 3664 2025 3718; x_wconf 92' lang='lat' dir='ltr'>alia</span> <span class='ocrx_word' id='word_1_250' title='bbox 2059 3678 2255 3732; x_wconf 89' lang='lat' dir='ltr'>quoque</span> <span class='ocrx_word' id='word_1_251' title='bbox 2291 3663 2427 3713; x_wconf 84' lang='lat' dir='ltr'>scitu</span> <span class='ocrx_word' id='word_1_252' title='bbox 2464 3662 2616 3726; x_wconf 71' lang='lat' dir='ltr'>digna</span> 
     </span>
     <span class='ocr_line' id='line_1_32' title="bbox 640 3731 2619 3803; baseline -0.001 -20"><span class='ocrx_word' id='word_1_253' title='bbox 640 3734 825 3785; x_wconf 84' lang='lat' dir='ltr'>melius</span> <span class='ocrx_word' id='word_1_254' title='bbox 864 3745 1259 3799; x_wconf 74' lang='lat' dir='ltr'>cognoscentur.</span> <span class='ocrx_word' id='word_1_255' title='bbox 1308 3738 1413 3789; x_wconf 78' lang='lat' dir='ltr'>Hoc</span> <span class='ocrx_word' id='word_1_256' title='bbox 1448 3753 1541 3802; x_wconf 71' lang='lat' dir='ltr'>ego</span> <span class='ocrx_word' id='word_1_257' title='bbox 1577 3737 1639 3788; x_wconf 89' lang='lat' dir='ltr'>de</span> <span class='ocrx_word' id='word_1_258' title='bbox 1675 3736 1977 3803; x_wconf 84' lang='lat' dir='ltr'>quibusdam</span> <span class='ocrx_word' id='word_1_259' title='bbox 2015 3732 2354 3801; x_wconf 80' lang='lat' dir='ltr'>probabiliter</span> <span class='ocrx_word' id='word_1_260' title='bbox 2388 3731 2619 3781; x_wconf 76' lang='lat' dir='ltr'>docuisse</span> 
     </span>
     <span class='ocr_line' id='line_1_33' title="bbox 643 3800 2618 3874; baseline -0.002 -20"><span class='ocrx_word' id='word_1_261' title='bbox 643 3803 769 3854; x_wconf 85' lang='lat' dir='ltr'>mihi</span> <span class='ocrx_word' id='word_1_262' title='bbox 806 3805 1013 3868; x_wconf 81' lang='lat' dir='ltr'>videor,</span> <span class='ocrx_word' id='word_1_263' title='bbox 1063 3813 1224 3857; x_wconf 82' lang='lat' dir='ltr'>totum</span> <span class='ocrx_word' id='word_1_264' title='bbox 1272 3815 1332 3858; x_wconf 89' lang='lat' dir='ltr'>ut</span> <span class='ocrx_word' id='word_1_265' title='bbox 1367 3807 1601 3874; x_wconf 78' lang='lat' dir='ltr'>perficiat</span> <span class='ocrx_word' id='word_1_266' title='bbox 1634 3806 1844 3858; x_wconf 73' lang='lat' dir='ltr'>fortuna</span> <span class='ocrx_word' id='word_1_267' title='bbox 1881 3803 2190 3862; x_wconf 84' lang='lat' dir='ltr'>adiuvante,</span> <span class='ocrx_word' id='word_1_268' title='bbox 2229 3802 2312 3866; x_wconf 89' lang='lat' dir='ltr'>qui</span> <span class='ocrx_word' id='word_1_269' title='bbox 2352 3800 2478 3850; x_wconf 90' lang='lat' dir='ltr'>hane</span> <span class='ocrx_word' id='word_1_270' title='bbox 2515 3815 2618 3850; x_wconf 84' lang='lat' dir='ltr'>rem</span> 
     </span>
     <span class='ocr_line' id='line_1_34' title="bbox 643 3868 2615 3938; baseline -0.001 -17"><span class='ocrx_word' id='word_1_271' title='bbox 643 3874 811 3923; x_wconf 81' lang='lat' dir='ltr'>denuo</span> <span class='ocrx_word' id='word_1_272' title='bbox 848 3874 993 3923; x_wconf 85' lang='lat' dir='ltr'>novis</span> <span class='ocrx_word' id='word_1_273' title='bbox 1029 3875 1173 3924; x_wconf 89' lang='lat' dir='ltr'>codd.</span> <span class='ocrx_word' id='word_1_274' title='bbox 1216 3875 1466 3928; x_wconf 85' lang='lat' dir='ltr'>subsidiis</span> <span class='ocrx_word' id='word_1_275' title='bbox 1500 3891 1557 3926; x_wconf 85' lang='lat' dir='ltr'>se</span> <span class='ocrx_word' id='word_1_276' title='bbox 1609 3882 1951 3926; x_wconf 87' lang='lat' dir='ltr'>tractaturum</span> <span class='ocrx_word' id='word_1_277' title='bbox 2001 3869 2267 3938; x_wconf 75' lang='lat' dir='ltr'>promisit,</span> <span class='ocrx_word' id='word_1_278' title='bbox 2318 3868 2615 3932; x_wconf 83' lang='lat' dir='ltr'>Lerschius,</span> 
     </span>
     <span class='ocr_line' id='line_1_35' title="bbox 645 3940 2272 4009; baseline -0.002 -18"><span class='ocrx_word' id='word_1_279' title='bbox 645 3941 722 4006; x_wconf 81' lang='grc' dir='ltr'>(ν.</span> <span class='ocrx_word' id='word_1_280' title='bbox 762 3942 873 3991; x_wconf 88' lang='lat' dir='ltr'>eius</span> <span class='ocrx_word' id='word_1_281' title='bbox 909 3940 1291 4009; x_wconf 81' lang='lat' dir='ltr'>Sprachphilos.</span> <span class='ocrx_word' id='word_1_282' title='bbox 1330 3944 1423 3995; x_wconf 89' lang='lat' dir='ltr'>der</span> <span class='ocrx_word' id='word_1_283' title='bbox 1456 3945 1605 3995; x_wconf 84' lang='lat' dir='ltr'>Alten</span> <span class='ocrx_word' id='word_1_284' title='bbox 1644 3950 1681 3994; x_wconf 89' lang='lat' dir='ltr'>t.</span> <span class='ocrx_word' id='word_1_285' title='bbox 1718 3942 1784 3994; x_wconf 85' lang='lat'>111</span> <span class='ocrx_word' id='word_1_286' title='bbox 1822 3959 1869 4009; x_wconf 92' lang='lat' dir='ltr'>p.</span> <span class='ocrx_word' id='word_1_287' title='bbox 1914 3942 2034 4005; x_wconf 71' lang='lat'>15⁹)</span> <span class='ocrx_word' id='word_1_288' title='bbox 2070 3945 2272 4005; x_wconf 79' lang='lat' dir='ltr'>exopto.</span> 
     </span>
    </p>

    <p class='ocr_par' dir='ltr' id='par_1_4' title="bbox 578 4006 2611 4218">
     <span class='ocr_line' id='line_1_36' title="bbox 578 4006 2611 4072; baseline -0.002 -11"><span class='ocrx_word' id='word_1_289' title='bbox 578 4017 607 4067; x_wconf 89' lang='lat'><strong>1</strong></span> <span class='ocrx_word' id='word_1_290' title='bbox 646 4011 771 4062; x_wconf 89' lang='lat' dir='ltr'>Cum</span> <span class='ocrx_word' id='word_1_291' title='bbox 811 4012 861 4061; x_wconf 89' lang='lat' dir='ltr'>in</span> <span class='ocrx_word' id='word_1_292' title='bbox 908 4010 1017 4062; x_wconf 82' lang='lat' dir='ltr'>vita</span> <span class='ocrx_word' id='word_1_293' title='bbox 1066 4011 1265 4072; x_wconf 83' lang='lat' dir='ltr'>locum,</span> <span class='ocrx_word' id='word_1_294' title='bbox 1320 4012 1409 4063; x_wconf 86' lang='lat' dir='ltr'>ubi</span> <span class='ocrx_word' id='word_1_295' title='bbox 1458 4013 1553 4063; x_wconf 88' lang='lat' dir='ltr'>hoe</span> <span class='ocrx_word' id='word_1_296' title='bbox 1605 4020 1880 4072; x_wconf 84' lang='lat' dir='ltr'>narratur,</span> <span class='ocrx_word' id='word_1_297' title='bbox 1931 4010 2076 4060; x_wconf 86' lang='lat' dir='ltr'>uncis</span> <span class='ocrx_word' id='word_1_298' title='bbox 2121 4006 2611 4069; x_wconf 67' lang='lat' dir='ltr'>circumscriberent,</span> 
     </span>
     <span class='ocr_line' id='line_1_37' title="bbox 645 4074 2611 4149; baseline -0.003 -19"><span class='ocrx_word' id='word_1_299' title='bbox 645 4079 875 4130; x_wconf 83' lang='lat' dir='ltr'>nolebam</span> <span class='ocrx_word' id='word_1_300' title='bbox 895 4080 1102 4131; x_wconf 84' lang='lat' dir='ltr'>dubium</span> <span class='ocrx_word' id='word_1_301' title='bbox 1122 4082 1412 4149; x_wconf 80' lang='lat' dir='ltr'>exprimere</span> <span class='ocrx_word' id='word_1_302' title='bbox 1428 4082 1490 4132; x_wconf 86' lang='lat' dir='ltr'>de</span> <span class='ocrx_word' id='word_1_303' title='bbox 1514 4081 1829 4134; x_wconf 81' lang='lat' dir='ltr'>narrationis</span> <span class='ocrx_word' id='word_1_304' title='bbox 1852 4079 1970 4144; x_wconf 83' lang='lat' dir='ltr'>fide,</span> <span class='ocrx_word' id='word_1_305' title='bbox 2011 4079 2099 4130; x_wconf 88' lang='lat' dir='ltr'>sed</span> <span class='ocrx_word' id='word_1_306' title='bbox 2117 4077 2419 4144; x_wconf 84' lang='lat' dir='ltr'>exprimere,</span> <span class='ocrx_word' id='word_1_307' title='bbox 2457 4074 2611 4126; x_wconf 86' lang='lat' dir='ltr'>verba</span> 
     </span>
     <span class='ocr_line' id='line_1_38' title="bbox 643 4149 1449 4218; baseline 0.001 -18"><span class='ocrx_word' id='word_1_308' title='bbox 643 4149 864 4215; x_wconf 76' lang='lat' dir='ltr'>genuina</span> <span class='ocrx_word' id='word_1_309' title='bbox 905 4166 1003 4203; x_wconf 88' lang='lat' dir='ltr'>nou</span> <span class='ocrx_word' id='word_1_310' title='bbox 1040 4166 1186 4218; x_wconf 85' lang='lat' dir='ltr'>posse</span> <span class='ocrx_word' id='word_1_311' title='bbox 1223 4151 1449 4202; x_wconf 84' lang='lat' dir='ltr'>restitui.</span> 
     </span>
    </p>
   </div>
  </div>
 </body>
</html>
