2764 4738
985 408 1151 471 SAT.
1198 410 1269 484 11,
1317 414 1418 472 70.
2108 406 2235 475 139

190 582 589 659 capillatam),
628 582 738 639 nisi
770 599 894 640 cum
930 577 1243 660 Hartuogio
1275 579 1426 655 (Rel.
1459 579 1516 641 d.
1552 579 1714 640 Rom.
1749 579 1801 642 11
1828 601 1884 660 p.
1918 585 2065 656 117)
2097 580 2228 641 inde

191 666 523 744 explicetur,
554 664 703 746 quod
734 668 821 724 sui
845 668 985 726 iuris
1014 667 1225 726 fiebant
1254 667 1507 744 virgines
1539 666 1835 726 Vestales.
1907 667 2070 726 Zona
2113 669 2229 726 vir-

190 752 385 830 ginalis
417 750 630 830 duplici
654 770 828 811 sensu
875 750 1175 812 adhibetur
1205 750 1350 831 apud
1382 753 1664 832 antiquos,
1710 764 1808 812 aut
1834 753 1936 823 ita,
1966 764 2028 811 ut
2055 753 2233 829 virgi-

190 856 308 895 nem
354 849 554 906 notet,
614 857 763 916 quae
807 839 988 897 virum
1030 836 1269 897 nondum
1318 849 1560 917 experta
1601 849 1727 910 est,
1783 848 1881 897 aut
1929 857 2055 897 eam
2086 856 2231 916 quae

191 920 425 981 nondum
460 925 718 1001 peperit,
777 922 925 983 unde
956 920 1172 1006 μίτραν
1209 918 1407 994 λύειν,
1467 941 1681 982 zonam
1722 925 1999 995 solvere,
2057 922 2130 983 de
2160 942 2232 982 ea

190 1004 425 1079 dieitur,
474 1029 620 1088 quae
664 1010 1048 1087 virginitatem
1094 1010 1297 1067 amittit
1325 1018 1387 1067 et
1416 1004 1488 1068 de
1518 1027 1624 1079 ea,
1667 1028 1813 1088 quae
1858 1009 2036 1087 primo
2067 1019 2232 1086 partu

191 1102 403 1152 uterum
437 1096 643 1165 solvit,
675 1094 757 1153 cs.
794 1091 1099 1154 Schrader.
1140 1092 1210 1153 ad
1240 1093 1390 1154 Mus.
1423 1113 1475 1151 c.
1506 1098 1592 1156 20
1622 1115 1677 1172 Ρ.
1711 1098 1837 1156 340
1866 1114 1989 1174 sqq.
2037 1093 2232 1172 Itaque

189 1195 385 1237 zonam
433 1136 780 1238 dedicabant
817 1181 1071 1258 virgines
1101 1190 1377 1258 nupturae
1421 1178 1641 1240 Veneri
1689 1180 1960 1254 (Theocr.
1989 1178 2230 1250 XXVII,

190 1267 288 1334 55)
333 1275 435 1323 aut
476 1264 773 1325 Minervae
820 1264 1013 1338 (Paos.
1044 1264 1113 1337 11,
1157 1268 1260 1336 33,
1295 1270 1323 1325 1
1361 1264 1435 1323 cl.
1479 1264 1779 1324 Welcker.
1828 1264 2044 1324 Aescb.
2088 1264 2230 1323 Tril.

191 1366 240 1426 p.
269 1353 448 1422 292),
479 1369 587 1409 uec
612 1352 794 1409 minus
822 1351 1066 1409 feminae
1099 1360 1228 1428 post
1248 1352 1482 1428 primum
1516 1361 1734 1428 partum
1764 1349 1980 1409 Dianae
2009 1348 2228 1423 (Seboi.

188 1432 369 1512 Apoll.
403 1434 589 1494 Rhod.
620 1436 664 1507 1,
694 1439 841 1498 288.
872 1435 1046 1495 Antb.
1076 1435 1202 1494 Pal.
1248 1435 1344 1508 vl,
1373 1439 1521 1498 201.
1559 1439 1709 1498 202.
1740 1439 1886 1498 204.
1930 1434 2231 1514 Schlager,

190 1516 257 1578 de
285 1519 476 1580 Diana
506 1516 832 1600 λυσιζώνῳ.
871 1519 1070 1581 Hamb.
1124 1525 1309 1593 1725)
1368 1521 1494 1579 eius
1551 1522 1643 1581 cui
1688 1523 1799 1580 iam
1836 1519 2233 1580 valedixerunt

193 1604 525 1665 conditionis
569 1608 810 1685 signum.
905 1606 1011 1679 Qui
1070 1616 1256 1666 autem
1303 1616 1492 1685 togam
1536 1606 1754 1666 virilem
1796 1617 2151 1678 sumserunt,
2191 1607 2230 1665 ii

191 1691 1357 1859 ῗνῗῖῗὸέἷέἕῖἓίἰὲιῖἓῖἶῗῖωὲιῖἷὲῖζὲέ
1368 1690 1900 1856 3„g,².,‡¹,¹‘¹232²1¹.§?
1904 1690 2232 1858 {2¹1⁰ssssss

194 1879 396 1939 parvae
460 1864 683 1943 puellae
741 1864 1015 1937 luserant,
1059 1862 1281 1924 Veneri
1321 1874 1421 1923 aut
1461 1863 1678 1924 Dianae
1721 1862 2094 1936 dedicabant,
2153 1864 2229 1924 cf.

197 1946 419 2010 Anthol.
459 1948 579 2008 Pal.
611 1949 711 2021 VI,
739 1953 899 2012 280.

354 2032 697 2132 Τιμαρέτα
695 2029 815 2117 πρὸ
837 2029 1055 2114 γάμοιο
1078 2029 1155 2093 τὰ
1181 2028 1484 2112 τύμπανα,
1516 2055 1625 2109 την
1648 2030 1709 2094 ’τ’
1735 2030 2052 2138 ἐρατεινήν

534 2117 830 2220 σφαῖραν,
859 2116 966 2179 τόν
992 2138 1056 2178 τε
1084 2114 1276 2197 κόμας
1302 2115 1533 2221 ῥύτορα
1564 2116 1949 2223 κεκρύφαλον

353 2201 468 2275 τάς
492 2223 557 2262 τε
592 2201 802 2287 κόρας,
834 2204 1125 2281 Λιμνᾶτι,
1160 2199 1316 2306 κόρᾳ
1346 2201 1526 2305 κόρα,
1561 2226 1645 2274 ως
1669 2224 1947 2277 επιεικες,

529 2284 780 2361 ἄνθετο,
814 2288 920 2348 και
947 2284 1024 2347 τὰ
1055 2290 1247 2373 κορᾶν
1276 2285 1586 2366 ἕνδύμαέ,
1609 2285 1947 2374 Ἀρτέμιδι.

201 2371 274 2432 lbi
317 2388 380 2436 ut
430 2395 486 2435 n.
518 2376 557 2434 1.
599 2386 981 2435 memorantur
1012 2395 1255 2455 pupae,
1306 2375 1527 2455 quibus,
1572 2387 1635 2436 ut
1686 2373 1834 2454 apud
1878 2395 2075 2436 omnes
2102 2378 2232 2438 fere

201 2464 435 2521 omnium
480 2472 793 2539 temporum
828 2461 1066 2540 populos
1113 2462 1215 2535 (cf.
1261 2459 1508 2532 Grimm,
1540 2460 1759 2521 Kiuder
1784 2459 1896 2521 uud
1925 2461 2234 2521 Hausmar-

201 2543 332 2605 eben
356 2547 410 2607 ΙΙ
440 2567 495 2627 Ρ.
526 2545 728 2619 LVII),
759 2545 906 2626 apud
934 2546 1189 2606 Graecos
1221 2565 1443 2625 quoque
1490 2556 1552 2606 et
1580 2546 1861 2606 Romanos
1901 2548 2147 2606 infantes
2175 2560 2236 2608 et

203 2635 528 2706 praesertim
561 2631 785 2711 puellae
814 2630 1157 2711 gandebant.
1201 2631 1554 2691 Dicebantur
1569 2652 1772 2712 pupae
1802 2641 1862 2691 et
1883 2636 2038 2712 pupi
2062 2631 2236 2704 (Non.

203 2731 247 2772 s.
277 2722 357 2791 v.)
406 2713 627 2797 κόραι,
656 2713 921 2794 νύμφαι,
981 2713 1308 2796 πλάγγονες
1363 2727 1505 2777 cett.
1557 2728 1618 2776 et
1677 2718 1768 2796 qui
1816 2735 1917 2776 eas
1973 2719 2237 2777 fecerunt

206 2802 690 2965 fiff⁹f;‘3?‘s132.51¹22
720 2801 1715 2965 ἓεῖ.ῗ.”ἕῖ.;.ῗ(ξὲἑξ;.“ζ;.6ΐὲη“ῗ·
1740 2800 2234 2949 ἒῖῗὲῗ·.ἷῖἵὲἓῑῑ

207 2987 256 3045 Ρ.
267 2974 391 3035 235
411 2992 498 3052 sq.
520 2973 702 3051 Intpp.
735 2972 935 3031 Thom.
956 2973 1110 3052 Mag.
1139 2992 1195 3051 Ρ.
1230 2977 1375 3035 552.
1409 2972 1628 3033 Ruhnk.
1657 2969 1728 3032 ad
1756 2972 1897 3031 Tim.
1923 2993 1983 3052 p.
2012 2978 2236 3054 165sq.

209 3053 411 3118 Osann.
459 3068 612 3117 auct.
659 3058 772 3117 lex.
826 3057 1033 3117 Graec.
1083 3079 1138 3137 p.
1169 3061 1229 3119 9.
1275 3055 1571 3138 Hodieque
1620 3059 1759 3117 talia
1800 3058 2017 3137 sigilla,
2064 3078 2240 3120 ossea

208 3144 557 3217 praesertim,
587 3161 661 3202 ex
690 3145 1020 3224 antiquitate
1050 3154 1373 3221 supersunt,
1403 3144 1481 3202 cf.
1513 3143 1723 3222 Caylus
1747 3142 1887 3204 Ree.
1916 3145 2015 3215 VI,
2045 3147 2148 3217 90,
2175 3148 2236 3208 3.

209 3223 443 3288 Boldetti
484 3246 707 3288 osserv.
755 3249 810 3306 p.
852 3233 999 3292 496.
1044 3227 1113 3286 R.
1159 3226 1477 3301 Rocbette,
1519 3239 1634 3288 ant.
1679 3229 1860 3289 chret.
1905 3227 1983 3289 ΙΙΙ
2011 3241 2053 3288 ι.
2082 3235 2144 3302 8,
2174 3234 2236 3291 4.

209 3309 387 3381 Quare
451 3314 742 3413 aptissime
805 3334 945 3373 sane
994 3332 1188 3393 pupos
1243 3313 1460 3373 Veneri
1503 3315 1919 3374 consecrabant
1960 3316 2237 3394 virgines,

210 3397 342 3474 quod
369 3400 543 3458 moris
577 3400 754 3458 fuisse
780 3397 919 3458 dicit
948 3399 1136 3458 Varro
1168 3396 1313 3477 apud
1343 3398 1522 3457 schol.
1556 3400 1655 3473 (cf.
1688 3399 1867 3458 schol.
1898 3399 2033 3459 Hor.
2050 3400 2173 3459 Sat.
2193 3400 2238 3472 Ι,

213 3484 264 3553 5,
294 3489 418 3556 65).
468 3484 592 3557 Quo
620 3486 873 3561 pertinet
897 3485 1052 3543 locus
1083 3484 1338 3563 Dionysii
1364 3483 1545 3543 Halic.
1585 3484 1707 3557 (XI,
1738 3488 1820 3546 39
1851 3505 1910 3563 Ρ.
1943 3489 2068 3548 719
2103 3490 2238 3565 sq.),

213 3568 255 3625 si
293 3589 433 3629 vera
480 3579 571 3629 est
601 3567 915 3629 Ruhnkenii
963 3571 1259 3647 ingeniosa
1303 3571 1649 3628 coniectura.
1710 3569 1792 3629 Ibi
1833 3568 1905 3631 de
1947 3570 2239 3649 Virgiuiae

208 3650 398 3717 funere
424 3654 496 3713 ab
526 3654 781 3713 omnibus
811 3675 936 3713 cum
975 3655 1127 3713 luctu
1154 3654 1446 3714 celebrato
1478 3674 1666 3713 sermo
1702 3666 1826 3714 est.
1894 3650 2241 3730 Ἐξεπήδων

211 3734 580 3895 ΞῗρξῖᾧΫ
605 3738 825 3901 3ξῖῗῖ
855 3735 2240 3927 32:²3?’‘5252'2355g035125803532252‘32

215 3846 418 3982 κλῗνηζ,
450 3910 514 3968 αἱ
544 3908 610 3967 δὲ
634 3903 1037 3987 τελαμῶνας“
999 3933 1037 3982 η
1063 3907 1299 3990 μίτρας,
1328 3910 1395 3967 αἱ
1423 3906 1488 3967 δὲ
1507 3904 1695 4012 κόρας
1722 3902 2053 4012 ἀθύρματα
2079 3931 2236 3991 παρ-

216 3991 416 4053 θενικά
464 3996 567 4068 (ita
607 3992 828 4054 Ruhnk.
858 4013 961 4073 pro
992 3994 1144 4072 vulg.
1187 3996 1253 4052 αἱ
1290 3992 1357 4052 δὲ
1414 3988 1744 4094 ἀθύρματα
1783 3992 1973 4072 κόμης
2002 3998 2200 4075 παρθ.
2216 4002 2235 4065 )

214 4077 305 4135 καί
329 4101 445 4139 που
488 4078 644 4149 τινὲς
674 4079 777 4139 και
808 4074 1133 4155 πλοκάμων
1170 4073 1646 4161 ἀποκειράμεναι
1681 4075 2091 4163 βοστρύχους·
2141 4080 2235 4139 ubi
