2764 4738
425 386 555 455 312
883 390 1149 452 SCHOL.
1194 390 1299 453 Au
1346 391 1518 455 SAT.
1567 392 1670 463 lv,
1704 394 1999 455 13--16.

601 565 700 624 13.
743 562 830 621 Et
850 564 1011 642 potis
1041 582 1141 635 ea,
1173 560 1229 621 id
1262 572 1385 634 est,
1416 561 1701 641 possibilis
1732 581 1832 633 es,
1861 572 1925 620 ut
1950 559 2228 640 Virgilius
2251 566 2303 619 ¹:

767 649 860 707 At
882 668 998 707 non
1023 650 1369 707 Evandrum
1393 650 1551 726 potis
1585 659 1680 707 est
1703 651 1793 707 vis
1820 649 1944 706 ulla
1983 657 2203 706 tenere.

427 731 537 791 Est
576 751 809 793 sensus·
855 733 1103 793 Potesne
1145 733 1411 793 damnare
1455 734 1678 804 vitium,
1723 743 1784 793 et
1824 745 1919 791 tuo
1950 731 2157 792 iudicio
2188 741 2468 790 annotare

429 819 633 890 clieta,
690 815 745 876 id
806 830 900 877 est
950 839 1107 878 suam
1152 821 1385 877 notam?
1441 818 1713 891 Quoniam
1758 817 2095 877 *iudices
2156 817 2470 877 literam

432 903 642 963 theta
701 914 1072 981 apponunt
1126 902 1210 962 ad
1264 923 1515 963 eorum
1561 905 1892 975 nomina,
1953 922 2134 983 quos
2183 901 2470 980 suppli-

429 989 554 1047 cio
606 988 987 1047 afficiunt.
1059 988 1328 1049 Merito
1380 989 1587 1062 Θῆτα
1644 982 1789 1048 ἀπὸ
1846 989 1982 1047 τοῦ
2033 982 2421 1058 θανάτου,
2436 991 2470 1022 ¹⁸¹

430 1071 487 1131 id
518 1083 641 1145 est,
672 1085 952 1146 amorte,
982 1074 1111 1134 *eo
1156 1072 1343 1154 quod
1388 1073 2213 1154 quasibabeattelum2
2241 1092 2469 1144 suum,

429 1156 752 1237 ideoque
816 1161 1054 1219 triste
1097 1160 1594 1238 intelligitur,
1652 1158 1773 1219 vel
1816 1159 2085 1219 mortis
2130 1159 2465 1236 signum,

432 1242 616 1303 unde
662 1243 950 1323 quidam
995 1246 1135 1303 ait:

521 1331 568 1388 0
603 1330 910 1393 multum
954 1339 1131 1391 ante
1172 1328 1388 1388 alias
1432 1326 1730 1408 infelix
1774 1331 2024 1389 litera
2067 1324 2345 1388 τΙιετα..

605 1452 704 1509 14.
746 1450 896 1524 Quin
931 1458 994 1508 tu
1010 1491 1032 1520 ,
1066 1445 1120 1505 id
1152 1460 1275 1519 est,
1329 1446 1573 1528 nunquid
1605 1458 1663 1507 tu
1692 1447 1907 1508 desinis
1939 1459 2070 1507 ante
2103 1445 2250 1506 diem
2280 1446 2473 1525 populi

432 1534 686 1592 favorem
720 1532 1130 1592 adulationibus
1160 1543 1425 1613 captare,
1467 1554 1700 1613 quorum
1732 1533 2064 1592 adiumentis
2096 1532 2310 1592 bonore
2344 1532 2475 1590 fun-

432 1621 621 1696 gariS,
652 1638 776 1677 cum
808 1621 886 1679 sis
917 1630 1129 1677 tantum
1163 1639 1374 1677 summa
1406 1620 1553 1697 pelle
1584 1617 1827 1678 decorus
1859 1630 1920 1678 et
1948 1639 2058 1677 non
2090 1620 2321 1677 animo?

432 1704 567 1763 Ideo
609 1715 794 1763 autem
837 1723 1058 1763 summa
1096 1705 1293 1783 pelle,
1341 1704 1489 1784 quod
1533 1705 1831 1764 verborum
1874 1703 2157 1763 blanditiis
2201 1703 2469 1762 malitiam

435 1791 521 1848 sui
552 1788 771 1861 cordis,
802 1786 983 1849 donec
1015 1789 1378 1862 ordinentur,
1411 1789 1776 1849 abscondant.

608 1912 711 1970 15.
759 1910 922 1969 Ante
966 1911 1116 1968 diem
1160 1919 1345 1969 autem
1392 1907 1529 1969 dicit
1566 1912 1621 1969 in
1668 1910 1939 1981 comitiiS,
1985 1907 2116 1989 quia
2158 1906 2474 1966 comitiales

435 1990 767 2052 dicebantur
795 1992 939 2065 dies,
970 1995 1023 2053 in
1055 1994 1254 2074 quibus
1286 1993 1357 2054 ad
1389 1995 1611 2054 futuros
1641 1995 1886 2054 bonores
1918 1994 2174 2053 homines
2205 1991 2477 2070 designa-

434 2077 657 2138 bantur.
828 2081 1059 2139 Blando
1104 2081 1349 2140 caudam
1395 2082 1624 2139 iactare
1659 2081 1938 2160 popello,
2002 2077 2057 2137 id
2099 2088 2222 2149 est,
2268 2078 2475 2156 populo

432 2161 736 2223 blandire?
778 2165 1098 2224 Translatio
1130 2177 1221 2225 est
1250 2186 1284 2225 a
1315 2165 1585 2238 canibus,
1634 2168 1725 2245 qui
1758 2186 1881 2225 cum
1912 2162 2267 2223 blandiuntur
2297 2162 2477 2221 domi·

434 2250 560 2320 nis,
614 2247 845 2308 caudam
890 2261 1133 2309 movent.
1302 2253 1544 2330 Popello
1601 2248 1923 2310 diminutive
1966 2269 2002 2308 a
2044 2247 2274 2326 populo.
2337 2247 2476 2319 Vel,

434 2331 635 2394 desine
679 2335 883 2413 igitur,
928 2336 1222 2414 speciose,
1278 2337 1469 2416 populi
1514 2334 1719 2396 iudicia
1761 2334 2174 2396 adulationibus
2216 2344 2475 2413 captare,

434 2429 495 2480 et
524 2419 871 2479 helleborum
902 2422 1087 2500 potius
1119 2421 1282 2494 bibe,
1323 2434 1387 2482 ut
1414 2434 1687 2502 purgatus
1718 2422 2091 2482 convalescas
2110 2462 2129 2494 ,
2170 2439 2276 2481 uec
2305 2430 2477 2499 optes

434 2502 581 2585 quod
613 2505 848 2584 implere
879 2526 987 2565 uon
1017 2508 1228 2586 possis.

610 2627 710 2688 16.
751 2626 1084 2702 Anticyras
1111 2626 1315 2685 melior
1338 2626 1602 2686 sorbere.
1661 2623 1774 2685 Pro
1804 2625 1901 2684 tali
1932 2644 2074 2703 ergo
2105 2625 2271 2684 animi
2300 2623 2479 2702 cupi-

433 2706 611 2770 ditate
642 2729 768 2769 eum
799 2711 1053 2769 insanum
1084 2711 1308 2770 simulat
1336 2724 1545 2792 poeta,
1575 2731 1739 2791 quem
1770 2721 1832 2771 et
1859 2709 1996 2770 dicit
2024 2730 2133 2769 non
2163 2712 2271 2768 nisi
2301 2710 2476 2768 multo

435 2794 728 2855 helleboro
773 2815 946 2874 posse
993 2797 1241 2874 purgari.
1413 2800 1713 2874 Anticyra
1745 2794 2002 2875 oppidum
2036 2793 2328 2866 Phocidis,
2377 2794 2477 2854 ubi

433 2880 783 2940 helleborum
814 2882 1095 2952 nascitur,
1141 2878 1289 2961 quod
1328 2894 1564 2962 propter
1593 2885 1876 2962 ingenium
1908 2879 2308 2942 meliorandum
2338 2899 2475 2960 per-

434 2967 673 3047 cipitur:
717 2964 863 3026 unde
895 2965 1160 3025 Horatius
1181 2971 1238 3006 ³·

646 3052 859 3111 Nescio
890 3070 966 3110 an
988 3054 1345 3129 Anticyram
1377 3053 1534 3112 racto
1565 3052 1689 3112 zllz's
1720 3052 1973 3111 des-unet
1995 3071 2235 3111 omnem.

431 3136 640 3198 Merito
671 3136 965 3216 pluraliter
986 3139 1318 3214 Antzcyras
1349 3135 1512 3209 dixit,
1542 3149 1605 3197 ut
1633 3147 1907 3216 appareat
1936 3138 2056 3195 eius
2086 3147 2198 3196 tam
2229 3156 2472 3215 magnae

431 3224 687 3283 insaniae
733 3243 896 3282 unam
942 3222 1210 3282 sufficere
1256 3243 1364 3282 non
1402 3243 1604 3323 posse.
1670 3222 1807 3282 Ideo
1850 3220 2058 3282 adiecit
2088 3233 2147 3282 et
2176 3242 2471 3295 meracas,

433 3306 489 3368 id
522 3320 613 3368 est
642 3309 900 3388 pingues,
933 3327 999 3367 ac
1032 3309 1080 3366 si
1112 3306 1333 3367 diceret
1362 3310 1600 3388 pingues
1633 3306 1960 3387 Anticyras».
2133 3310 2474 3385 Antecyras

433 3394 736 3470 τροπικῶς
779 3391 949 3464 dixit,
993 3413 1177 3473 neque
1225 3394 1372 3452 enim
1404 3394 1527 3473 ipsa
1571 3395 1772 3453 civitas
1818 3393 2116 3465 sorbetur,
2161 3392 2263 3453 sed
2293 3393 2476 3454 helle-

434 3477 667 3551 borum,
717 3476 863 3559 quod
893 3479 948 3537 in
979 3496 1052 3537 ea
1081 3481 1349 3538 nascitur.

439 3664 463 3716 1
501 3661 653 3729 Virg.
691 3663 819 3715 Aen.
858 3661 954 3727 xl,
995 3663 1113 3716 148.

433 3733 467 3788 2
501 3679 652 3783 τέλος
683 3732 858 3784 Erem.
919 3701 998 3784 df.
1044 3731 1171 3786 Isid.
1207 3734 1371 3797 origg.
1413 3731 1455 3794 1,
1482 3732 1545 3786 3.
1598 3732 1719 3796 ,,,Θ
1763 3747 1897 3800 quae
1934 3740 2148 3784 mortem
2186 3732 2467 3796 significat.

501 3800 631 3853 Nam
666 3803 861 3853 iudices
898 3802 1108 3853 eandem
1144 3802 1370 3853 litteram
1408 3803 1554 3853 theta
1587 3802 1929 3886 apponebant
1940 3803 2006 3852 ad
2042 3817 2217 3852 eornm
2245 3802 2471 3866 nomina,

502 3886 630 3937 quos
679 3871 929 3937 supplicio
975 3870 1284 3922 afficiebant.
1341 3870 1414 3923 Et
1460 3872 1655 3922 dicitnr
1702 3872 1853 3921 theta
1900 3866 2009 3922 ἀπὸ
2051 3869 2150 3922 τοῦ
2182 3865 2472 3934 θανάτους

503 3940 638 3990 unde
674 3946 728 3990 et
765 3939 921 3991 babet
957 3955 1047 4007 per
1079 3940 1299 3991 medium
1335 3939 1531 4002 telum,
1569 3941 1619 3991 id
1645 3946 1755 4002 cst,
1793 3940 1973 3991 mortis
2009 3940 2230 4004 signnm.
2268 3939 2346 3991 De
2369 3955 2473 4007 qun

504 4009 708 4073 quidam
743 4009 821 4059 sic
855 4008 960 4059 ait.
1006 4008 1046 4059 0
1069 4009 1302 4061 multum
1325 4014 1455 4061 ante
1478 4010 1620 4061 alias
1648 4009 1849 4077 Melia:
1873 4009 2065 4062 littera
2089 4009 2307 4061 hietast‘

434 4078 467 4131 3
504 4076 686 4129 Horat.
722 4075 1022 4143 ut.11,3,
1060 4076 1147 4131 83.
